3184 4959
308 879 344 939 5

1137 473 1662 542 epistularum
1721 473 2030 528 Lxxxvn.
2612 477 2734 542 401

438 670 823 752 permanetis
873 669 933 732 in
985 686 1057 732 eo
1114 668 1304 743 malo,
1364 667 1534 750 quod
1589 668 1653 733 in
1712 666 2052 732 diuidenda
2107 667 2376 732 ecclesia
2423 666 2660 734 Christi
2709 687 2744 732 a

440 777 675 841 uestris
724 775 1071 840 maioribus
1120 779 1551 858 perpetratum
1600 779 1718 840 est.

530 883 649 946 Hic
741 883 1013 948 fortasse
1095 880 1515 963 respondendi
1601 880 1898 965 angustia
1977 880 2325 965 temptabis
2410 881 2742 948 defendere

440 989 767 1073 Optatum.
815 988 965 1067 noli,
1012 987 1221 1062 frater,
1270 987 1421 1066 noli,
1472 985 1760 1062 obsecr03
1811 1006 1931 1052 non
1979 993 2044 1052 te
2094 987 2276 1052 decet
2322 991 2404 1066 et,
2455 989 2510 1053 si
2548 989 2741 1052 alium

376 1118 403 1157 ο
442 1098 717 1179 aliquem
776 1095 937 1160 forte
997 1095 1240 1172 deceat,
1300 1094 1357 1158 si
1410 1097 1622 1158 tamen
1672 1093 2012 1176 quicquam
2063 1093 2244 1159 decet
2289 1096 2515 1169 malos,
2563 1097 2744 1160 Eme-

438 1203 631 1268 ritum
698 1207 865 1266 certe
931 1221 1051 1266 non
1120 1201 1302 1266 decet
1366 1199 1696 1264 defendere
1754 1198 2080 1283 Optatum.
2149 1201 2257 1266 sed
2315 1200 2586 1267 fortasse
2631 1223 2746 1268 nec

440 1327 758 1374 accusare.
808 1309 897 1372 ita
946 1308 1031 1373 sit
1077 1327 1244 1370 sane.
1294 1311 1473 1370 utere
1522 1325 1682 1370 uoce
1729 1307 1940 1370 media
1987 1312 2048 1370 et
2098 1307 2229 1372 dic:
2293 1307 2745 1392 Unusquis-

441 1436 591 1498 que
642 1417 1041 1483 sarcinam
1092 1435 1313 1478 suam
1366 1418 1667 1496 portat.
1717 1419 1804 1479 tu
1853 1415 2036 1496 quis
2087 1434 2187 1494 ee,
2240 1415 2373 1498 qui
2423 1417 2743 1482 iudices

442 1543 757 1588 seruum
828 1523 1233 1587 alienum?
1302 1520 1353 1584 si
1418 1540 1565 1604 ergo
1617 1520 1692 1584 ad
1741 1520 2178 1586 testimonium
2227 1523 2426 1587 totius
2474 1522 2747 1612 Africae,

357 1655 405 1694 ιο
440 1632 634 1694 immo
692 1649 841 1694 uero
898 1632 1203 1694 terrarum
1267 1629 1571 1707 omnium,
1633 1647 1887 1710 quaqua
1933 1647 2193 1693 uersum
2245 1625 2532 1694 Gildonis
2581 1631 2748 1695 fama

359 2188 405 2226 15

354 2724 405 2762 20

356 3257 410 3298 25

437 1737 743 1813 feruebat,
783 1736 978 1800 simul
1025 1736 1193 1800 enim
1234 1739 1299 1799 et
1336 1735 1443 1799 ille
1482 1738 1673 1798 notus
1714 1738 1867 1812 erat,
1907 1753 2029 1799 non
2069 1734 2210 1799 ausi
2249 1736 2404 1800 estis
2444 1755 2744 1819 umquam

442 1845 515 1909 de
547 1844 778 1927 Optato
818 1842 1117 1921 iudicare,
1157 1863 1234 1907 ne
1272 1849 1508 1907 temere
1540 1841 1618 1906 de
1651 1841 1990 1926 incognitis
2027 1841 2420 1917 iudicaretis,
2463 1861 2576 1908 nos
2615 1850 2748 1908 tan-

440 1952 581 2016 dem
617 1969 963 2032 possumus
993 1954 1103 2015 aut
1135 1950 1439 2015 debemus
1470 1949 1547 2014 de
1577 1949 1700 2028 his„
1733 1949 1839 2031 qui
1873 1951 2014 2012 ante
2045 1967 2156 2012 nos
2189 1948 2498 2024 unierunt,
2533 1948 2612 2014 ad
2641 1971 2748 2014 ue-

442 2061 645 2122 strum
677 2059 927 2121 tantum
958 2056 1146 2121 modo
1184 2056 1628 2121 testimonium
1657 2055 2056 2120 temerariam
2088 2055 2163 2120 de
2201 2055 2547 2139 incognitis
2587 2057 2746 2121 ferre

442 2163 839 2241 sententiam,
862 2167 940 2227 ut
966 2182 1186 2246 parum
1210 2163 1315 2240 sit,
1340 2163 1508 2245 quod
1538 2182 1657 2229 uos
1678 2161 1897 2246 ignota
1925 2162 2366 2237 criminamini,
2391 2163 2514 2228 nisi
2545 2166 2608 2227 et
2631 2183 2746 2230 nos

440 2272 657 2354 ignota
686 2268 1087 2334 iudicemus?
1116 2287 1234 2334 non
1268 2269 1434 2332 enim
1456 2267 1784 2352 Optatum‚
1817 2267 2008 2332 etiam
2039 2268 2094 2334 si
2123 2269 2284 2333 forte
2313 2267 2476 2334 falsa
2501 2268 2750 2351 pericli-

440 2380 615 2441 tatur
657 2376 918 2452 inuidia,
968 2375 1077 2440 sed
1126 2378 1189 2440 te
1239 2375 1548 2450 defendis,
1600 2394 1743 2439 cuni
1795 2374 1987 2439 dicis:
2045 2375 2315 2459 ‘Ignoro‚
2375 2376 2586 2458 qualis
2644 2375 2750 2440 ille

442 2483 674 2548 fuerit’.
733 2486 965 2565 quanto
1022 2481 1228 2567 magis
1278 2501 1447 2566 ergo,
1496 2482 1716 2564 quales
1764 2481 2001 2545 suerint
2045 2481 2202 2558 Afri,
2261 2499 2420 2563 quos
2477 2481 2752 2566 ignotio-

443 2609 542 2655 res
591 2589 825 2675 argui8‚
876 2589 1195 2655 orientalis
1245 2589 1413 2653 orbis
1469 2587 1748 2672 ignorat!
1801 2608 1836 2652 a
1881 2587 2113 2670 quibus
2171 2592 2379 2653 tamen
2439 2588 2750 2666 ecclesiis.‚

446 2715 711 2778 quarum
758 2695 1013 2760 nomina
1059 2695 1123 2758 in
1171 2693 1351 2759 libris
1402 2693 1598 2757 habes
1649 2697 1712 2757 et
1758 2694 2009 2773 recitas,
2069 2693 2304 2758 nefaria
2362 2693 2752 2759 dissensione

445 2802 851 2886 disiungens,
912 2800 967 2866 si
1024 2798 1571 2884 Tamugadensem
1630 2800 2000 2883 episcopum
2057 2804 2344 2864 uestrum
2403 2799 2754 2866 famosissi-

446 2929 619 2972 mum
670 2911 733 2973 et
777 2909 1054 2991 pessime
1112 2907 1510 2971 diffamatum
1566 2925 1690 2971 non
1750 2906 1890 2972 dieo
1942 2906 2366 2972 Caesariensis
2438 2905 2549 2972 sed
2609 2907 2754 2972 Siti-

445 3015 639 3081 fensis
688 3015 934 3098 collega
984 3014 1121 3079 eius
1173 3013 1584 3096 eiusdemque
1633 3013 1935 3096 temporis
1982 3013 2334 3098 ignorabat,
2384 3032 2506 3096 quo
2567 3014 2753 3078 modo

445 3123 777 3187 traditores
826 3120 1034 3199 Afros,
1085 3121 1470 3204 quicumque
1518 3120 1616 3186 illi
1655 3120 1909 3198 fuerint,
1953 3120 2224 3186 ecclesia
2263 3119 2753 3198 Corinthiorum,

446 3227 886 3312 Ephesiorum,
938 3227 1435 3304 Colossensium‚
1484 3226 2018 3310 Philippensium,
2067 3227 2755 3304 Thessalonicensiu1n‚

628 3455 659 3508 7
701 3453 820 3510 Gal.
861 3456 912 3522 6,
952 3457 984 3509 5
1096 3453 1129 3507 8
1168 3453 1321 3509 Rom.
1364 3453 1446 3514 14,
1485 3454 1520 3506 4

518 3579 553 3631 3
589 3578 717 3631 hino
754 3577 809 3630 P
924 3575 1309 3647 respondendi]
1346 3573 1656 3644 temptandi
1693 3575 1749 3630 R
1857 3576 1892 3628 4
1931 3574 2164 3645 aliquem
2207 3577 2370 3630 alium
2409 3575 2530 3630 edd.
2626 3577 2657 3630 7
2696 3577 2758 3630 fit

449 3667 575 3721 MP
608 3668 741 3736 (raa.
782 3665 877 3736 sit)
1094 3681 1359 3733 unusque,
1398 3681 1535 3719 corr.
1574 3669 1698 3720 m.1
1737 3664 2106 3734 unusquisque
2145 3664 2215 3718 M
2379 3665 2412 3718 8
2450 3668 2668 3735 portate
2709 3666 2767 3718 κ’

450 3754 693 3826 portabit
731 3757 785 3808 A
821 3770 921 3809 sec.
960 3769 1105 3808 sacr.
1148 3753 1253 3806 litt.
1401 3753 1543 3822 quie]
1582 3753 1675 3822 qui
1713 3752 1823 3806 FA
1968 3751 2173 3807 iudicas
2209 3753 2266 3808 R
2303 3753 2422 3807 edd.
2455 3758 2684 3822 praeter
2722 3770 2759 3807 a

449 3845 482 3898 9
521 3843 755 3898 alienum
794 3859 1009 3896 seruum
1048 3842 1103 3898 R
1216 3843 1281 3897 10
1320 3843 1517 3906 omnia,
1554 3860 1625 3897 m.
1649 3847 1688 3896 2
1725 3843 1962 3897 omnium
1998 3843 2054 3896 P
2191 3845 2252 3896 11
2295 3843 2458 3896 simul
2496 3842 2638 3896 enim
2679 3843 2756 3910 et]

451 3931 710 3986 simulent
746 3935 860 3985 met
886 3929 963 3984 M
995 3933 1086 3999 (m.
1112 3929 1193 3984 1?
1228 3931 1331 3984 del.
1374 3933 1468 3984 ent
1504 3934 1579 3996 ni)
1611 3929 1672 3984 F
1811 3935 1930 3985 erat
1964 3935 2128 3988 notus
2154 3931 2209 3984 P
2305 3931 2369 3984 12
2409 3930 2476 3984 de
2512 3931 2758 3999 incogni-

450 4023 523 4074 tis
562 4037 663 4074 om.
702 4019 777 4074 M
934 4020 999 4073 13
1038 4018 1106 4072 iis
1133 4019 1331 4087 flrm
1492 4021 1557 4074 15
1599 4021 1684 4089 ut]
1725 4037 1844 4074 cum
1882 4019 2165 4074 MFAae
2327 4021 2392 4072 17
2431 4019 2535 4072 ist-e
2572 4019 2758 4086 flrm

456 4109 521 4164 19
559 4109 851 4163 orientales
888 4107 965 4162 M
1087 4107 1157 4162 20
1195 4107 1361 4162 habes
1400 4108 1456 4162 in
1493 4107 1648 4161 libris
1687 4107 1808 4163 edd.
1932 4108 1998 4162 21
2041 4109 2087 4162 si
2125 4105 2611 4176 Tamagadensem]
2653 4107 2762 4160 sita

452 4197 818 4268 uagadeusem
858 4199 925 4252 M
961 4197 1006 4250 si
1046 4201 1229 4250 tamen
1269 4196 1600 4266 ugadensem
1635 4197 1692 4252 R
1873 4198 1941 4252 23
1988 4196 2150 4250 modo
2200 4201 2399 4265 (postr.
2442 4196 2476 4248 l.
2517 4211 2584 4249 ex
2618 4211 2757 4251 corr.

451 4291 605 4352 m.2;
634 4286 822 4355 fuisse
856 4287 975 4342 uid.
1014 4291 1071 4353 n)
1112 4286 1185 4340 M
1262 4285 1331 4340 24
1368 4286 1452 4339 illi
1490 4302 1592 4340 om.
1634 4285 1811 4341 MFA
1835 4303 1918 4339 ae
2062 4285 2488 4354 Corinthiorum]
2529 4283 2761 4338 catholi-

454 4391 637 4429 corum
677 4375 751 4429 M

506 4501 739 4553 xmm,
773 4501 887 4550 Aug.
918 4505 1027 4541 sect.
1056 4499 1103 4540 11
1130 4511 1235 4551 pars
1264 4501 1304 4539 ε.
2621 4481 2690 4534 26
