3184 4959
560 436 646 497 30
1271 433 1323 487 S.
1379 432 1655 486 Aureli
1710 432 2147 503 Augustini

561 631 754 695 sicuti
802 628 1133 695 dominicis
1183 633 1245 694 et
1291 630 1662 711 apostolicis
1710 629 1941 693 litteris
1986 629 2204 711 prob0,
2253 628 2467 693 nullus
2524 628 2850 694 hominum

560 735 718 800 mihi
765 736 1088 801 silentium
1139 737 1214 801 de
1262 738 1362 801 his
1409 737 1603 801 rebus
1646 736 2157 819 persuadendum
2204 736 2562 802 arbitretur.
2611 736 2852 800 uiolen-

559 847 658 908 ter
703 848 916 908 autem
962 844 1067 908 uel
1113 844 1561 908 latrocinanter
1608 844 1662 907 si
1710 843 1861 925 quid
1910 843 2265 908 audendum
2306 843 2690 926 putauerint,
2730 860 2851 906 non

563 950 763 1015 deerit
817 950 1109 1014 dominus
1159 950 1238 1015 ad
1283 951 1584 1015 tuendam
1632 950 1967 1015 ecclesiam
2014 970 2216 1028 suam,
2267 950 2377 1033 qui
2424 950 2574 1033 iugo
2624 967 2739 1013 suo
2787 949 2848 1011 in

565 1056 802 1142 gremio
862 1057 999 1121 eius
1061 1059 1196 1123 toto
1256 1058 1403 1122 orbe
1461 1058 1691 1121 diffuso
1750 1057 1961 1121 omnia
2014 1060 2259 1121 terrena
2312 1076 2504 1139 regna
2560 1056 2851 1120 subiecit.
2914 1078 2940 1119 5

651 1162 814 1227 Nam
862 1182 1004 1229 cum
1057 1164 1362 1228 ecclesiae
1411 1164 1668 1246 quidam
1716 1165 1975 1229 colonus
2014 1163 2211 1227 filiam
2251 1184 2450 1242 suam,
2492 1183 2650 1245 quae
2687 1160 2855 1243 apud

565 1290 677 1336 nos
726 1271 932 1334 fuerat
979 1271 1432 1336 catechumena
1479 1276 1542 1336 et
1589 1271 1669 1335 ad
1714 1271 1862 1337 illos
1911 1271 2175 1335 seducta
2223 1274 2323 1335 est
2367 1271 2589 1335 inuitis
2636 1288 2855 1353 paren·

565 1377 759 1454 tibus,
807 1378 882 1440 ut
920 1376 1008 1441 ibi
1045 1378 1366 1459 baptizata
1403 1378 1594 1442 etiam
1638 1378 2135 1443 sanctimonialis
2172 1378 2439 1443 formam
2480 1377 2853 1460 susciperet,

567 1484 644 1547 ad
682 1482 1193 1548 communionem
1233 1483 1611 1547 catholicam
1652 1487 1910 1565 paterna
1945 1483 2144 1548 uellet
2182 1486 2521 1549 seueritate
2560 1502 2855 1547 reuocare

569 1593 632 1653 et
705 1607 822 1673 ego
896 1589 1196 1654 feminam
1263 1593 1592 1672 corruptae
1660 1592 1887 1655 mentis
1954 1592 2075 1655 nisi
2143 1592 2461 1655 uolentem
2529 1594 2594 1654 et
2653 1590 2853 1653 libero
2894 1614 2943 1650 ιο

568 1695 825 1760 arbitrio
885 1696 1150 1761 meliora
1215 1696 1594 1780 deligentem
1664 1698 1905 1780 suscipi
1969 1698 2337 1775 noluissem,
2403 1698 2509 1761 ille
2575 1696 2856 1761 rusticus

571 1802 759 1865 etiam
824 1803 1033 1886 plagis
1099 1803 1332 1867 instare
1399 1805 1629 1885 coepit,
1696 1807 1769 1868 ut
1834 1805 1956 1869 sibi
2019 1805 2153 1868 filia
2218 1805 2620 1869 consentiret.
2688 1802 2857 1885 quod

571 1910 789 1973 statim
838 1910 1008 1973 omni
1053 1910 1240 1975 modo
1289 1910 1423 1975 fieri
1471 1912 1789 1994 prohibui.
1829 1914 2038 1975 tamen
2084 1930 2197 1993 per
2236 1911 2617 1995 Spanianum
2658 1914 2857 1974 trans-

573 2016 870 2080 euntibus
917 2016 1098 2081 nobis
1145 2018 1481 2099 presbyter
1525 2019 1729 2101 ipsius
1778 2022 1953 2083 stans
2008 2018 2071 2081 in
2128 2018 2337 2084 medio
2394 2018 2589 2082 fundo
2646 2017 2859 2081 catho-

569 2122 729 2187 licae
795 2141 868 2186 ac
931 2123 1271 2187 laudabilis
1345 2125 1615 2189 feminae
1689 2144 1847 2190 uoce
1921 2125 2454 2209 inpudentissima
2523 2126 2673 2206 post
2744 2142 2857 2187 nos
2899 2148 2947 2188 ιε,

572 2228 888 2305 clamauit,
974 2229 1142 2310 quod
1224 2230 1559 2295 traditores
1638 2232 1701 2293 et
1772 2234 2211 2312 persecutores
2295 2250 2605 2307 essemus,
2691 2229 2861 2313 quod

571 2334 928 2400 conuicium
978 2334 1167 2399 etiam
1223 2335 1286 2398 in
1343 2336 1517 2400 illam
1573 2336 1873 2400 feminam
1929 2337 2245 2402 iaculatus
2304 2341 2420 2415 est,
2478 2356 2637 2419 quae
2695 2355 2858 2401 com·

571 2441 888 2506 munionis
955 2444 1054 2505 est
1116 2444 1388 2521 nostrae,
1454 2443 1516 2506 in
1575 2443 1758 2507 cuius
1816 2443 2022 2508 medio
2078 2445 2271 2509 fundo
2331 2445 2561 2510 stabat.
2628 2443 2859 2526 quibus

574 2548 842 2611 uocibus
909 2546 1146 2611 auditis
1211 2566 1333 2613 non
1391 2549 1598 2613 solum
1654 2568 1757 2613 me
1811 2549 2026 2631 ipsum
2084 2570 2120 2614 a
2171 2550 2285 2615 lite
2350 2551 2680 2625 refrenata,
2748 2550 2861 2614 sed

573 2653 764 2717 etiam
829 2652 1327 2726 multitudinem,
1387 2673 1545 2735 quae
1610 2654 1768 2718 mihi
1836 2655 2280 2735 comitabatur,
2348 2657 2731 2738 compescui.
2799 2658 2863 2719 et
2898 2686 2950 2724 20

572 2764 778 2823 tamen
849 2759 905 2823 si
970 2760 1206 2825 dicam:
1273 2766 1631 2843 quaeratur,
1701 2765 1808 2844 qui
1874 2762 2003 2827 sint
2065 2764 2172 2827 uel
2235 2762 2468 2827 fuerint
2528 2762 2863 2827 traditores

575 2866 678 2929 uel
751 2870 1210 2947 persecutoreS,
1289 2869 1703 2950 respondetur
1773 2870 1959 2933 mihi:
2040 2870 2362 2951 disputare
2438 2871 2734 2934 nolumus
2800 2874 2864 2934 et

569 2972 958 3054 rebaptizare
1005 2976 1337 3049 uolumus;
1387 2994 1500 3041 nos
1550 2994 1703 3040 oues
1751 2980 1999 3041 uestras
2047 2976 2495 3041 insidiantibus
2544 2976 2862 3041 morsibus

571 3080 868 3160 luporum
885 3098 1059 3144 more
1084 3081 1553 3161 depraedemur,
1578 3101 1717 3159 uOS‚
1751 3082 1805 3146 si
1838 3083 1986 3146 boni
2018 3087 2303 3165 pastores
2336 3084 2511 3161 estis,
2544 3086 2747 3148 tacete
2778 3121 2865 3129 —

575 3184 725 3266 quid
756 3186 918 3249 enim
945 3186 1120 3250 aliud
1141 3186 1467 3251 mandauit
1485 3188 1923 3266 ProculianuS,
1948 3190 2001 3253 si
2024 3209 2169 3254 uere
2199 3190 2335 3272 ipse
2358 3189 2724 3254 mandauit?
2744 3212 2861 3265 -ς
2900 3217 2951 3257 25

649 3447 673 3499 1
714 3447 860 3499 sicut
883 3446 1080 3516 flrm
1223 3448 1256 3501 2
1295 3448 1560 3503 uiolentes
1600 3450 1653 3503 A
1692 3450 1963 3504 uiolentos
2004 3455 2084 3515 (os
2121 3466 2189 3505 ex
2226 3468 2282 3504 es
2303 3450 2357 3521 ἓ)
2395 3452 2448 3504 P
2482 3450 2713 3505 uiolenti
2738 3450 2865 3518 slr

573 3536 605 3589 3
644 3535 1031 3589 latrocinantes
1071 3536 1226 3590 codd.
1255 3536 1381 3603 flr
1525 3536 1853 3591 audiendum
1890 3538 2125 3592 MFAR
2235 3541 2264 3594 7
2304 3540 2469 3593 fuerit
2504 3538 2670 3594 FAR
2796 3539 2862 3591 ab

574 3624 697 3679 illos
738 3628 785 3689 (s
824 3640 940 3693 exp.
979 3642 1046 3677 m.
1085 3631 1148 3678 ut
1183 3625 1298 3679 uid.
1341 3630 1389 3690 1)
1420 3626 1495 3679 M
1529 3627 1596 3679 ab
1636 3626 1746 3679 illis
1774 3626 1829 3681 R
1868 3626 1988 3679 edd.
2098 3626 2323 3681 seducta
2362 3633 2441 3695 (se
2479 3644 2595 3697 exp.
2636 3645 2702 3682 m.
2725 3631 2783 3695 2)
2814 3628 2868 3679 P

643 3712 863 3765 inuintis
904 3716 954 3777 (c
993 3716 1157 3779 eras.)
1198 3714 1254 3766 P
1380 3714 1439 3767 11
1485 3714 1805 3783 diligentem
1842 3714 2078 3769 MFAP
2112 3717 2201 3785 (m.
2224 3720 2263 3769 2
2300 3715 2657 3785 deligentem)
2768 3733 2864 3770 uo-

573 3803 794 3855 luissem
831 3802 886 3857 R
1029 3802 1134 3856 iste
1162 3802 1239 3857 M
1327 3803 1392 3857 12
1431 3807 1494 3857 ut
1530 3820 1632 3857 om.
1672 3804 1733 3856 F
1766 3820 1869 3872 quo
1898 3803 1955 3857 R
2050 3805 2113 3857 13
2152 3805 2393 3874 spaniam
2433 3804 2508 3857 M
2602 3806 2667 3859 14
2694 3806 2864 3875 ipsius

577 3896 724 3945 trans
760 3890 816 3945 in
853 3892 914 3947 F
945 3893 1114 3962 ipsius
1152 3892 1421 3946 transiens
1459 3893 1515 3946 in
1554 3893 1607 3947 R
1644 3894 1815 3962 ipsius
1851 3894 1908 3945 in
1946 3894 2001 3945 A
2151 3896 2215 3948 15
2252 3893 2506 3948 laudibus
2542 3894 2617 3948 M
2781 3896 2865 3948 in-

573 3980 995 4050 prudentissima
1029 3980 1092 4034 F
1254 3998 1350 4033 nos
1389 3998 1490 4035 om.
1530 3981 1824 4037 MFARa
2008 3982 2073 4035 18
2110 3984 2268 4037 stetit
2304 3983 2379 4036 M
2559 3984 2624 4037 19
2662 3984 2865 4037 auditis

573 4068 801 4123 uocibus
833 4070 1061 4136 punctis
1098 4085 1232 4123 corr.
1265 4070 1337 4123 M
1423 4071 1492 4124 20
1517 4088 1603 4123 me
1643 4071 1761 4126 edd.
1856 4072 1919 4125 21
1965 4072 2139 4125 dicam
2163 4089 2265 4126 om.
2296 4072 2351 4127 R
2460 4076 2717 4141 queratur
2742 4072 2867 4127 MA

577 4158 645 4210 22
697 4157 785 4211 uel
834 4162 1206 4227 persecutores
1257 4176 1356 4212 om.
1410 4159 1465 4214 R
1682 4164 1972 4225 secutore8‚
2026 4177 2161 4215 corr.
2214 4178 2282 4217 m.
2314 4166 2345 4215 1
2394 4165 2762 4231 persecutores
2812 4162 2875 4216 F

577 4245 645 4299 23
683 4246 1004 4315 rebaptizari
1044 4248 1099 4300 P
1265 4248 1510 4316 luporum
1553 4249 1819 4302 morsibus
1860 4248 1932 4301 M
2068 4252 2139 4305 24
2176 4268 2273 4303 uos
2311 4266 2433 4313 om..
2472 4267 2541 4304 m.
2564 4256 2593 4303 1
2631 4251 2761 4307 add.
2799 4250 2874 4303 M

577 4336 646 4389 25
683 4334 1067 4389 Proculeianus
1107 4354 1157 4389 m
