3184 4959
231 3047 272 3109 8

1157 497 1684 567 epistularum
1740 497 1929 552 XLIV.
2562 506 2687 567 115

387 713 558 768 eum,
608 692 716 776 qui
761 698 1265 776 persequeretur,
1314 715 1389 759 an
1437 715 1605 774 eum,
1654 696 1765 778 qui
1800 697 2307 778 persecutionem
2342 699 2684 780 pateretur.

387 799 494 863 cui
549 799 1004 882 respondebam
1061 820 1184 865 non
1241 805 1410 866 recte
1466 801 1557 867 ita
1613 803 2012 887 interrogem
2070 801 2208 868 fieri
2263 803 2429 868 enim
2475 823 2684 887 posse,

384 909 463 970 ut
519 906 703 971 ambo
757 906 964 989 iniqui
1019 908 1165 986 sint,
1222 908 1357 972 fieri
1413 909 1605 972 etiam
1653 927 1865 994 posse,
1913 913 1988 974 ut
2030 909 2409 992 iniquiorem
2456 910 2689 974 iustior

381 1017 832 1096 persequatur:
891 1033 1014 1079 non
1075 1033 1223 1100 ergo
1282 1035 1422 1080 esse
1481 1033 1895 1100 consequens,
1952 1020 2027 1081 ut
2082 1016 2223 1082 ideo
2282 1016 2371 1080 sit
2414 1017 2683 1099 quisque

311 1143 338 1180 ⁵
381 1121 638 1199 iustior,
705 1122 854 1203 quia
917 1121 1427 1202 persecutionem
1491 1122 1751 1206 patitur,
1818 1122 2112 1204 quamuis
2177 1121 2243 1187 id
2307 1123 2682 1206 plerumque

383 1227 732 1310 contingat.
784 1227 1010 1294 deinde
1057 1247 1200 1292 cum
1251 1228 1531 1293 uiderem
1576 1230 1641 1294 in
1690 1230 1810 1294 hoc
1861 1249 2005 1294 eum
2047 1229 2324 1294 multum
2360 1230 2681 1309 inmorari,

381 1337 459 1398 ut
519 1334 832 1398 iustitiam
894 1354 1048 1400 suae
1102 1336 1301 1418 partis
1359 1355 1430 1399 ex
1489 1355 1560 1400 eo
1622 1341 1857 1400 certam
1913 1336 2113 1400 uellet
2164 1335 2474 1420 intellegi,
2533 1337 2683 1420 quia

377 1441 894 1522 persecutionem
948 1461 1136 1524 passa
1196 1441 1404 1518 fuerit,
1455 1443 1743 1525 quaesiui
1792 1443 1868 1507 ab
1919 1462 2015 1519 eo,
2063 1446 2278 1508 utrum
2324 1443 2569 1508 iustum
2620 1449 2683 1509 et

381 1546 812 1612 Christianum
870 1553 1125 1632 putaret
1181 1549 1550 1634 episcopum
1606 1549 2103 1615 Mediolanensis
2164 1549 2469 1614 ecclesiae
2531 1555 2681 1615 Arn-

283 1680 338 1718 10
378 1655 688 1718 brosium.
746 1655 1093 1738 cogebatur
1145 1655 1368 1738 utique
1424 1675 1671 1740 negare,
1734 1655 1904 1738 quod
1959 1655 2068 1720 ille
2124 1656 2227 1720 uir
2282 1654 2680 1722 Christianus

379 1765 554 1826 esset
608 1765 676 1827 et
726 1762 962 1838 iustu8‚
1020 1763 1186 1844 quia,
1247 1763 1302 1826 si
1357 1761 1682 1840 fateretur,
1738 1763 1958 1827 statim
2029 1761 2443 1840 obiceremus,
2509 1763 2679 1846 quod

379 1889 526 1932 eum
581 1868 1100 1950 rebaptizandum
1158 1888 1298 1933 esse
1358 1873 1662 1935 censeret.
1731 1888 1876 1933 cum
1936 1887 2081 1952 ergo
2144 1887 2219 1933 ea
2272 1868 2449 1951 loqui
2496 1888 2679 1952 coge-

373 1979 570 2048 ret-ur.
629 1976 863 2056 quibus
919 1975 1032 2040 ille
1087 1995 1205 2040 non
1266 1977 1438 2040 esset
1491 1975 1819 2040 habendus
1878 1975 2274 2041 Christianus
2332 1979 2395 2040 et
2437 1975 2675 2054 iustuS,

377 2083 894 2159 commemoraui,
961 2085 1260 2165 quantam
1327 2082 1831 2164 persecutionem
1897 2083 2234 2165 pertulerit
2286 2081 2679 2148 circumdata

283 2213 338 2252 15
376 2188 567 2252 etiam
613 2187 930 2253 militibus
979 2189 1234 2252 armatis
1286 2188 1574 2252 ecclesia.
1625 2187 1919 2271 quaesiui
1966 2188 2178 2265 etiam,
2225 2191 2444 2253 utrum
2478 2189 2675 2253 Maxi-

374 2295 680 2373 mianum,
747 2295 854 2377 qui
917 2295 995 2359 ab
1062 2295 1154 2359 eis
1220 2295 1390 2376 apud
1454 2293 1904 2378 Carthaginem
1971 2296 2250 2360 schisma
2311 2295 2553 2374 fecerit,
2612 2299 2676 2360 et

374 2401 618 2466 iustum
667 2403 732 2466 et
779 2401 1204 2467 Christianum
1251 2404 1526 2484 putaret.
1574 2420 1695 2466 non
1744 2405 1991 2484 poterat
2036 2402 2159 2465 nisi
2206 2421 2454 2486 negare.
2505 2421 2673 2467 com-

376 2505 725 2571 memoraui
780 2525 928 2590 ergo
987 2506 1180 2570 etiam
1233 2506 1420 2570 illum
1477 2507 1670 2571 talem
1733 2506 2239 2588 persecutionem
2307 2506 2671 2590 pertulisse,

375 2616 448 2676 ut
492 2614 764 2678 ecclesia
821 2613 959 2677 eius
1015 2632 1220 2694 usque
1279 2613 1357 2677 ad
1411 2613 1821 2678 fundamenta
1878 2613 2247 2678 dirueretur.
2316 2613 2415 2678 his
2472 2613 2674 2698 igitur

280 2746 336 2787 20
373 2719 676 2801 exempIIs
715 2720 794 2798 ei,
835 2721 889 2784 si
935 2739 1214 2802 possem,
1262 2720 1640 2802 persuadere
1686 2720 2013 2796 moliebar,
2062 2725 2137 2784 ut
2182 2721 2306 2784 iam
2356 2719 2672 2784 desineret

373 2825 580 2890 dicere
633 2827 1098 2908 persecutionis
1153 2827 1625 2910 perpessionem
1676 2826 2068 2892 Christianae
2114 2826 2399 2892 iustitiae
2447 2827 2668 2891 certis-

373 2931 606 2997 simum
653 2951 795 2997 esse
841 2933 1310 2997 documentum.

455 3037 760 3104 Narrauit
823 3040 1017 3104 etiam
1079 3040 1145 3104 in
1202 3038 1340 3124 ipsa
1399 3039 1766 3105 schismatis
1822 3039 2105 3106 nouitate
2163 3040 2432 3104 maiores
2490 3060 2664 3118 su08‚

437 3249 474 3301 3
509 3248 622 3302 sint
657 3265 768 3302 rae.
805 3267 873 3303 ex
909 3255 1038 3303 sunt
1072 3249 1146 3302 M
1319 3251 1354 3303 4
1392 3253 1538 3302 esset
1575 3249 1731 3302 codd.
1773 3265 1889 3302 esse
1928 3248 2049 3302 edd.
2225 3253 2256 3304 5
2298 3250 2547 3318 quamuis
2586 3249 2661 3318 id]

365 3338 612 3406 quamuis
649 3339 724 3391 sit
757 3337 820 3392 F
851 3355 1010 3407 quam
1050 3337 1212 3392 iussit
1247 3339 1321 3394 Μ
1353 3337 1599 3408 quamuis
1638 3339 1693 3390 A
1874 3339 1905 3392 6
1946 3339 2257 3408 contingat]
2298 3339 2495 3392 iustior
2532 3357 2658 3392 con-

362 3426 548 3494 tingat
580 3425 760 3480 MFA
801 3427 1017 3482 iustiori
1057 3427 1342 3497 contingat
1378 3427 1498 3480 ccld.
1527 3433 1757 3495 praeter
1792 3442 1847 3480 m
2046 3443 2163 3480 cum
2206 3443 2271 3480 ex
2306 3443 2399 3480 um
2436 3445 2505 3481 m.
2527 3432 2557 3480 1
2594 3427 2668 3480 Μ

364 3515 394 3566 7
437 3515 528 3582 qui
564 3515 620 3566 A
744 3515 777 3567 8
815 3515 960 3568 iusto
997 3513 1072 3568 M
1106 3518 1194 3580 (m.
1219 3517 1258 3567 2
1294 3514 1463 3580 iustu)
1501 3513 1562 3567 F
1597 3518 1685 3578 (m.
1708 3517 1739 3566 1
1777 3529 1913 3567 corr.
1955 3513 2125 3584 iustu)
2161 3515 2216 3567 A
2344 3515 2405 3568 11
2450 3521 2505 3567 et
2542 3531 2661 3582 exp.

366 3621 434 3656 m.
458 3605 497 3655 2
530 3602 605 3656 Μ
748 3604 812 3656 12
851 3604 1084 3657 censerit
1118 3604 1186 3656 M
1222 3613 1312 3672 (m.
1336 3607 1374 3656 2
1413 3603 1703 3668 censuerit)
1744 3604 1796 3656 A
1954 3619 2017 3655 ea
2052 3603 2226 3672 loqui]
2268 3603 2448 3672 eloqui
2484 3603 2657 3656 MFA

363 3692 501 3759 aes
621 3692 686 3746 13
726 3691 1068 3756 christianos,
1107 3707 1243 3746 corr.
1281 3709 1350 3748 m.
1373 3697 1402 3744 1
1442 3691 1769 3746 christianus
1806 3691 1869 3744 F
1991 3692 2059 3745 14
2099 3709 2217 3745 cum
2254 3693 2550 3746 memoraui
2589 3693 2663 3744 M

360 3784 452 3845 (m.
473 3784 512 3833 2
548 3779 984 3848 commemoraui)
1022 3781 1078 3834 A
1188 3780 1573 3835 circumdatam
1611 3780 1741 3833 MF
1776 3783 1969 3852 (postr.
2004 3781 2038 3834 l.
2071 3781 2213 3850 exp.)
2250 3781 2305 3834 A
2400 3782 2465 3834 15
2496 3780 2659 3833 etiam

360 3886 392 3922 a
427 3869 695 3923 militibus
732 3869 790 3924 R
955 3869 1198 3940 ecclesia,
1235 3887 1303 3922 m.
1327 3873 1366 3924 2
1405 3869 1635 3940 ecclesia
1669 3867 1745 3922 Μ
1910 3870 2178 3938 quaesiui,
2216 3869 2313 3923 sed
2347 3870 2403 3922 ui
2440 3870 2503 3922 in
2543 3885 2653 3924 rae.

361 3959 582 4026 (m.2?)
621 3959 678 4013 P
711 3959 958 4028 quaesibi
996 3959 1056 4014 F
1089 3975 1226 4028 quae
1251 3959 1257 4030 1
1283 3959 1388 4012 sibi
1425 3959 1496 4012 M
1533 3959 1619 4030 (m.
1644 3961 1684 4012 2
1722 3975 1857 4028 quae
1884 3957 1891 4030 Ι
1915 3959 2043 4024 siui)
2082 3959 2138 4013 A
2242 3959 2306 4012 16
2346 3959 2437 4027 qui
2478 3957 2546 4010 ad
2586 3959 2653 4010 ei'

361 4048 452 4112 (ad
489 4049 556 4103 ei'
595 4049 698 4104 dcl.
737 4065 806 4102 m.
831 4049 890 4118 2)
936 4048 1012 4101 M
1057 4048 1150 4116 qui
1189 4048 1339 4102 adeis
1380 4053 1470 4116 (m.
1493 4053 1524 4100 1
1565 4049 1713 4102 inter
1750 4065 1777 4102 e
1817 4053 1867 4100 et
1904 4048 1921 4100 i
1956 4063 2133 4115 supra
2170 4047 2302 4100 add.
2340 4047 2398 4112 h)
2438 4047 2499 4101 F
2532 4046 2658 4114 quia

361 4137 425 4190 de
465 4137 542 4191 eis
581 4138 634 4190 A
672 4137 800 4206 quia
837 4141 894 4190 et
930 4137 978 4190 is
1016 4136 1135 4190 edd.
1166 4143 1394 4206 practer
1426 4153 1480 4190 m
1678 4135 1885 4190 fecerat
1904 4135 2043 4189 'edcl.
2230 4137 2293 4188 17
2332 4139 2561 4203 negaret
2596 4133 2653 4188 R

429 4226 866 4289 cummemoraui‚
905 4241 1043 4281 corr.
1083 4225 1497 4279 commemoraui
1534 4225 1608 4278 M
1788 4226 1853 4279 19
1892 4223 1944 4278 ei
1981 4241 2217 4293 ususque
2254 4223 2309 4276 P
2486 4223 2555 4276 20
2592 4225 2657 4276 ut

359 4316 520 4369 etiam
547 4316 602 4368 A
692 4315 758 4368 21
799 4315 1219 4384 persecutiones,
1260 4330 1396 4368 corr.
1426 4319 1546 4368 m.1
1581 4313 1973 4383 persecutionis
2002 4313 2077 4365 Μ
2162 4313 2230 4366 23
2270 4311 2571 4366 nouitate„
2600 4313 2651 4364 A

355 4405 632 4458 nouitate·
662 4407 736 4469 (m
767 4407 932 4468 eras.)
971 4403 1026 4456 P

2510 4507 2574 4560 3*
