3184 4959
383 594 423 656 3

474 405 598 468 142
1188 400 1242 456 S.
1298 399 1572 466 Aureli
1629 399 2065 468 Augustini

562 597 940 676 Quaerimus
998 615 1166 680 ergo,
1223 598 1299 660 ut
1353 594 1536 660 nobis
1592 594 1973 677 respondere
2030 613 2149 658 non
2208 595 2514 678 graneris‚
2576 614 2764 678 quam

473 725 730 770 causam
785 705 946 770 forte
1004 703 1280 782 noueris»,
1339 721 1464 784 qua
1513 702 1757 766 factum
1816 705 1934 778 est,
1982 704 2059 766 ut
2105 701 2398 768 Christus
2448 703 2769 768 amitteret

471 811 889 876 hereditatem
945 830 1125 875 suam
1181 828 1294 893 per
1349 809 1562 874 orbem
1620 813 1925 874 terrarum
1986 808 2283 874 diffusam
2330 813 2395 874 et
2440 809 2658 875 subito
2703 809 2767 874 in

473 917 629 984 solis
673 917 872 982 ,Afris
946 935 1062 981 nec
1137 915 1296 998 ipsis
1374 914 1669 980 omnibus
1746 917 2117 980 remaneret.
2193 914 2425 979 etenim
2498 915 2767 981 ecclesia

478 1023 792 1089 catholica
855 1026 954 1087 est
1017 1021 1208 1086 etiam
1272 1021 1337 1086 in
1401 1020 1635 1098 Africa,
1705 1020 1851 1102 quia
1916 1039 2029 1102 per
2093 1039 2309 1086 omnes
2374 1025 2572 1086 terras
2630 1041 2768 1086 eam
2832 1041 2857 1080 5

476 1131 632 1195 deus
673 1149 813 1196 esse
851 1130 1064 1196 uoluit
1100 1132 1165 1194 et
1209 1128 1536 1212 praedixit.
1583 1146 1731 1209 pars
1780 1131 1993 1192 autem
2042 1133 2278 1206 uestra,
2314 1148 2489 1210 quae
2535 1129 2768 1194 Donati

475 1237 728 1313 dicitur,
783 1255 904 1302 non
962 1239 1063 1302 est
1113 1236 1178 1300 in
1236 1235 1366 1300 illis
1424 1234 1719 1299 omnibus
1773 1233 1957 1314 lociS,
2011 1233 2077 1300 in
2133 1234 2367 1316 quibus
2416 1237 2479 1299 et
2521 1234 2769 1300 litterae

477 1349 543 1408 et
597 1361 802 1410 sermo
861 1346 926 1409 et
979 1343 1149 1408 facta
1205 1340 1555 1424 apostolica
1612 1344 2043 1406 cucurrerunt.
2093 1341 2205 1406 sed
2251 1360 2327 1405 ne
2376 1341 2602 1406 dicatis
2646 1361 2767 1406 non

474 1451 693 1517 uocari
747 1449 1084 1516 ecclesiam
1137 1451 1418 1513 nostram
1477 1448 1859 1512 catholicam
1918 1445 2030 1511 sed
2084 1445 2529 1522 Macarianam‚
2579 1447 2772 1512 sicuti

477 1576 616 1624 eam
679 1576 798 1622 uos
865 1556 1224 1639 appellatis,
1290 1574 1478 1620 nosse
1545 1554 1761 1628 debes,
1829 1553 1997 1636 quod
2060 1554 2367 1620 facillime
2420 1558 2652 1638 potest,
2706 1554 2769 1618 in
2809 1574 2861 1614 1⁰

474 1662 606 1728 illis
663 1663 957 1729 omnibus
1013 1661 1323 1746 partibus,
1380 1661 1544 1726 unde
1600 1661 1758 1725 istas
1812 1665 2011 1725 terras
2069 1660 2475 1746 euangelium
2535 1659 2773 1726 Christi

475 1767 777 1852 perfudit,
843 1787 956 1834 nec
1013 1787 1237 1834 nomen
1284 1767 1519 1832 Donati
1577 1767 1725 1831 sciri
1782 1786 1897 1832 nec
1942 1786 2166 1831 nomen
2214 1767 2501 1842 Macarii3
2558 1771 2775 1832 uestra

477 1879 694 1940 autem
751 1874 901 1958 quia
960 1875 1189 1940 Donati
1247 1893 1392 1958 pars
1451 1873 1705 1952 dicitur,
1762 1892 1879 1938 nec
1936 1893 2053 1939 uos
2108 1893 2335 1957 negare
2392 1874 2662 1957 potestis
2711 1877 2775 1938 et-

477 1981 772 2048 omnibus
818 1983 1041 2048 notum
1091 1985 1214 2056 est,
1259 1980 1645 2061 ubicumque
1696 1983 1796 2044 est
1830 1983 2049 2044 uestra
2086 1980 2467 2046 communio.
2516 1980 2775 2064 dignare

478 2107 627 2172 ergo
682 2087 1030 2154 rescribere
1084 2087 1290 2163 nobis,
1349 2089 1423 2151 ut
1479 2085 1779 2164 sciamu8‚
1840 2105 1963 2168 quo
2010 2087 2197 2152 modo
2245 2086 2381 2151 fieri
2425 2086 2653 2169 possit,
2700 2089 2775 2150 ut
2814 2110 2863 2148 ιε»

482 2194 820 2260 ecclesiam
875 2213 1059 2260 suam
1115 2192 1409 2258 Christus
1468 2193 1543 2257 de
1602 2196 1738 2258 toto
1788 2193 1936 2258 orbe
1981 2193 2325 2276 perdiderit
2372 2197 2437 2258 et
2479 2195 2543 2258 in
2588 2193 2774 2260 uobis

487 2301 641 2368 solis
686 2301 916 2366 habere
963 2300 1260 2382 coeperit.
1309 2303 1599 2364 uestrum
1647 2301 1747 2362 est
1792 2298 1959 2364 enim
2006 2300 2162 2365 haee
2218 2300 2573 2376 ostendere;
2633 2319 2772 2365 nam

486 2409 670 2474 nobis
726 2407 968 2472 sufficit
1022 2407 1100 2471 ad
1157 2425 1415 2472 causam
1462 2409 1765 2486 nostram,
1815 2406 1985 2488 quod
2033 2407 2335 2489 compleii
2379 2407 2772 2491 prophetiam

485 2517 554 2582 et
598 2514 946 2598 scripturas
997 2517 1247 2579 sanctas
1293 2533 1406 2596 per
1452 2513 1664 2578 orbem
1704 2517 2011 2577 terrarum
2050 2513 2365 2578 uidemus.
2406 2513 2523 2578 hoc
2563 2517 2777 2579 autem

486 2639 605 2705 ego
669 2619 1070 2704 Augustinus
1136 2619 1392 2698 dictam,
1462 2619 1613 2701 quia
1678 2619 1831 2685 olim
1895 2619 2043 2685 uolo
2099 2621 2274 2702 loqui
2328 2620 2476 2684 inde
2530 2623 2774 2696 tecum3
2810 2641 2867 2684 20

479 2727 744 2796 ,uidetur
799 2727 966 2792 enim
1021 2725 1180 2790 mihi
1233 2726 1340 2790 uel
1393 2729 1653 2808 propter
1704 2725 1909 2808 ipsam
1970 2725 2361 2791 uicinitatem
2416 2745 2607 2808 posse
2662 2746 2775 2792 nos

483 2851 600 2915 per
642 2833 890 2900 litteras
939 2832 1016 2897 de
1063 2833 1182 2898 hac
1227 2851 1294 2896 re
1341 2833 1637 2915 conloqui
1686 2833 1822 2896 sine
1860 2832 2075 2915 aliquo
2114 2835 2397 2898 tumultu
2436 2832 2777 2898 adiuuante

485 2939 627 3017 de0‚
676 2941 986 3020 quantum
1032 2939 1174 3022 ipsa
1218 2939 1564 3004 necessitas
1614 2940 1919 3022 postulat.

560 3132 592 3183 5
631 3132 717 3181 est
751 3145 852 3183 em.
892 3129 946 3181 A
1047 3130 1077 3183 7
1119 3129 1364 3182 omnibus
1401 3128 1512 3182 illis
1551 3129 1671 3182 edd.
1773 3129 1805 3182 8
1844 3129 1989 3182 facta
2030 3133 2085 3183 et
2122 3147 2294 3184 sermo
2324 3129 2397 3183 M
2489 3131 2523 3183 9
2560 3130 2773 3184 macha-

485 3233 688 3279 ranam,
725 3232 794 3272 m.
817 3220 857 3269 2
891 3215 1289 3270 macharianam
1327 3217 1398 3270 M
1489 3219 1554 3271 10
1591 3217 1801 3288 potes?
1912 3220 1972 3272 11
2014 3217 2171 3287 istas]
2213 3218 2334 3272 istis
2370 3221 2425 3272 A
2520 3219 2584 3272 12
2623 3218 2775 3280 scire,

487 3321 555 3358 m.
579 3308 618 3358 2
653 3305 777 3358 sciri
815 3303 937 3360 MR
974 3305 1110 3358 scire
1147 3308 1200 3360 A
1308 3306 1564 3368 machari,
1603 3321 1670 3360 m.
1696 3310 1735 3360 2
1778 3305 2035 3359 macharii
2064 3306 2120 3359 P
2228 3307 2293 3360 13
2333 3307 2480 3376 quia]
2526 3323 2632 3377 qua
2668 3305 2774 3361 ΓΔ

487 3409 626 3462 quae
654 3393 730 3448 M
836 3394 900 3446 16
940 3393 1088 3463 orbe]
1129 3394 1258 3448 orbe
1295 3398 1556 3448 terrarum
1585 3395 1641 3449 R
1753 3396 1817 3448 17
1855 3394 2103 3448 habitare
2139 3395 2215 3448 M
2355 3395 2496 3449 enim
2535 3399 2619 3448 est
2655 3396 2773 3449 cdd.

559 3481 678 3546 hoc,
707 3497 842 3536 corr.
872 3497 939 3534 m.
962 3485 993 3534 1
1019 3481 1120 3536 hec
1145 3483 1221 3537 M
1323 3483 1387 3537 18
1427 3484 1711 3553 complere,
1750 3500 1819 3539 m.
1842 3487 1881 3536 2
1918 3484 2174 3554 compleri
2202 3483 2257 3539 R
2356 3485 2420 3538 21
2462 3499 2561 3536 nos
2590 3501 2690 3538 om.
2721 3485 2777 3537 A
