3184 4959
515 435 643 498 616
1227 431 1281 484 S.
1337 429 1617 484 Aureli
1671 427 2109 500 Augustini

516 625 772 690 natione
838 624 1160 690 coniuncti
1237 628 1408 704 sunt,
1484 625 1715 690 ceteris
1792 627 2025 700 autem,
2100 643 2178 690 ne
2254 623 2448 690 nimia
2512 625 2821 709 praecisio

515 731 712 810 fieret,
786 733 1171 814 praestituto
1251 731 1351 796 die
1424 731 1728 797 redeundi
1796 735 1895 796 est
1960 749 2262 798 concessa
2326 730 2547 796 dilatio
2622 731 2821 796 saluis

515 837 652 904 suis
713 839 1084 916 honoribus,
1143 837 1201 902 si
1256 839 1423 904 intra
1478 838 1787 922 temporis
1844 840 2187 904 terminum
2242 842 2650 906 remeassent.
2704 856 2821 902 nec

517 945 868 1010 timuerunt
941 945 1209 1009 trecenti
1273 948 1338 1010 et
1402 943 1622 1010 decem
1696 945 1775 1010 ad
1852 963 2039 1011 suum
2108 945 2451 1030 collegium
2526 963 2821 1010 reuocare

515 1051 693 1114 tanto
757 1049 1127 1114 Maximiani
1195 1050 1530 1134 sacrilegio
1599 1053 1931 1117 accusatos
2006 1052 2325 1118 intuentes
2390 1051 2575 1132 forte,
2650 1049 2819 1132 quod
2888 1071 2919 1112 ε

523 1157 834 1239 scriptum
910 1160 1038 1222 est:
1107 1155 1430 1222 Caritas
1507 1157 1883 1239 cooperit
1953 1156 2579 1222 multitudinem
2649 1175 2821 1240 pec·

522 1266 894 1328 catorum.
945 1263 1113 1345 quia,
1161 1267 1237 1328 ut
1283 1267 1348 1329 et
1401 1263 1810 1347 permittatur
1862 1268 2118 1347 tempus
2166 1263 2489 1330 dilationis
2498 1311 2819 1340 .......

527 1417 1784 1438 ..........................
1791 1419 1810 1453 ,
1848 1372 2002 1438 foris
2050 1391 2087 1436 a
2132 1375 2346 1454 uestra
2382 1371 2821 1436 communione

523 1475 1028 1559 baptizauerunt,
1087 1497 1525 1562 quoscumque
1581 1479 1900 1562 baptizare
1947 1481 2323 1563 potuerunt;
2382 1497 2589 1562 neque
2636 1477 2823 1554 enim,

525 1583 682 1648 foris
749 1583 874 1648 nisi
935 1585 1232 1662 fuissent,
1301 1585 1607 1650 dilatione
1672 1604 1973 1651 concessa
2032 1585 2291 1650 inuitari
2365 1589 2678 1670 poterant,
2752 1589 2829 1650 ut
2868 1605 2925 1644 ιο

523 1691 818 1756 redirent.
887 1691 1112 1756 deinde
1179 1695 1244 1756 et
1307 1695 1474 1770 ante,
1543 1711 1735 1775 quam
1792 1692 2014 1760 dilatio
2079 1693 2387 1770 finiretur,
2452 1695 2519 1758 et
2579 1697 2825 1776 postea,

526 1816 716 1880 quam
771 1797 952 1862 finita
997 1801 1118 1876 est,
1174 1797 1274 1863 illi
1321 1799 1659 1865 duodecim
1708 1818 1854 1865 cum
1899 1799 2282 1864 Maximiano
2331 1799 2614 1865 damnati
2659 1798 2829 1882 apud

525 1909 658 1970 tres
705 1908 818 1969 aut
862 1905 1138 1987 amplius
1183 1905 1596 1987 proconsules
1646 1906 1925 1972 accusati
1974 1911 2142 1984 sunt,
2188 1910 2265 1970 ut
2310 1925 2344 1972 e
2393 1905 2650 1972 sedibus
2690 1905 2826 1971 suis

526 2009 856 2075 iudiciario
913 2011 1134 2096 uigore
1189 2012 1526 2095 pellantur.
1574 2013 1741 2077 inter
1786 2031 1945 2094 quos
2002 2017 2135 2078 erat
2188 2013 2546 2078 Felicianus
2598 2011 2829 2078 Musti-

527 2120 739 2194 tanus,
799 2116 876 2182 de
931 2137 1055 2199 quo
1111 2137 1281 2183 nunc
1337 2137 1478 2203 ago,
1547 2124 1613 2184 et
1666 2119 2104 2184 Praetextatus
2158 2119 2577 2184 Assuritanus
2630 2137 2831 2200 nuper
2872 2137 2931 2178 ιδ

533 2222 890 2301 defunctus,
944 2224 1010 2288 in
1058 2225 1242 2290 cuius
1291 2225 1573 2291 damnati
1630 2225 1770 2290 loco
1828 2225 1985 2290 alter
2041 2227 2167 2290 iam
2224 2226 2435 2290 fuerat
2480 2225 2825 2291 ordinatus.

534 2348 692 2412 quos
748 2329 910 2396 duos
966 2350 1090 2397 non
1146 2350 1314 2398 unus
1361 2331 1719 2397 Primianus
1778 2331 1890 2398 sed
1943 2332 2137 2397 multi
2192 2331 2553 2415 coepiscopi
2606 2331 2829 2406 uestri,

533 2453 678 2500 cum
717 2435 1228 2518 frequentissima
1265 2437 1721 2504 numerositate
1750 2439 2251 2523 Tamugadensis
2280 2436 2503 2520 Optati
2536 2437 2832 2503 natalicia.

535 2544 944 2622 celebrarent,
1018 2547 1168 2626 post
1241 2562 1458 2610 eorum
1533 2545 1668 2608 sine
1744 2543 2045 2609 dilatione
2120 2542 2611 2626 damnationem,
2682 2547 2835 2626 post

534 2648 956 2727 terminatam,
1014 2669 1176 2733 quae
1224 2651 1448 2716 ceteris
1498 2651 1647 2716 data
1708 2651 1936 2729 fuerat,
1986 2631 2381 2727 dilationem,
2430 2653 2580 2733 post
2624 2650 2833 2714 diuul-
2874 2671 2935 2710 20

537 2759 753 2840 gatam
807 2756 1045 2821 forensi
1091 2757 1284 2822 etiam
1341 2758 1614 2841 strepitu
1664 2757 1831 2840 apud
1876 2761 1975 2822 tot
2019 2757 2314 2822 consules
2362 2757 2831 2822 accusationem

534 2863 600 2926 in
646 2862 990 2928 honoribus
1038 2863 1303 2948 integris
1353 2869 1775 2948 susceperunt
1811 2868 1875 2929 et
1918 2869 2069 2946 post
2106 2883 2214 2930 eos
2262 2863 2510 2928 nullum
2558 2863 2833 2947 baptiza—

537 2971 788 3032 uerunt.
865 2968 921 3032 si
993 2969 1142 3034 huic
1217 2969 1552 3036 assertioni
1615 2970 1940 3036 resistitur
2005 2971 2114 3036 uel
2181 2971 2407 3036 horum
2472 2968 2714 3052 aliquid
2778 2967 2834 3033 si

538 3077 826 3158 negatur,
918 3075 1202 3157 periculo
1288 3075 1695 3160 episcopatus
1780 3078 1904 3142 mei
1989 3078 2203 3162 exigar
2288 3077 2574 3160 probare,
2667 3075 2837 3159 quod

539 3181 783 3262 loquor.
2874 3203 2935 3244 ετ»

723 3393 755 3444 6
796 3389 824 3442 1
857 3391 1004 3445 Petr.
1041 3393 1094 3454 4,
1133 3392 1165 3445 8

617 3529 650 3582 3
686 3529 831 3584 intra
866 3531 930 3584 in
965 3547 1136 3601 marq.
1185 3532 1240 3587 U
1377 3533 1668 3586 terminum
1706 3532 1967 3602 temporis
2016 3532 2126 3585 VU
2158 3531 2277 3586 edd.
2398 3534 2431 3587 5
2469 3537 2749 3586 accusator
2784 3531 2841 3586 P

616 3617 785 3672 fortes
823 3619 875 3674 U
963 3620 994 3673 7
1034 3621 1163 3689 qnia
1199 3625 1380 3675 autem
1421 3625 1478 3675 et
1513 3623 1864 3690 permittatur
1887 3625 2103 3691 tempus
2133 3621 2412 3676 dilationis
2436 3621 2569 3675 foris
2595 3638 2628 3675 a
2654 3625 2835 3675 uestra

547 3707 924 3762 communione
958 3709 1374 3780 baptizauerunt
1418 3711 1528 3765 VU
1543 3711 1656 3765 lar
1692 3710 1888 3778 quibus
1927 3713 2107 3764 autem
2146 3714 2232 3764 est
2266 3711 2585 3780 permissum
2622 3714 2835 3779 tempus

547 3795 824 3850 dilationis
853 3797 984 3851 foris
1005 3815 1038 3851 a
1055 3801 1238 3852 uestra
1267 3800 1641 3852 communione
1668 3799 2088 3868 baptizauerunt
2106 3815 2188 3865 m;
2213 3799 2475 3853 lacunam
2500 3797 2835 3867 siymficaui,

547 3883 808 3940 excidisse
843 3887 986 3940 enim
1021 3888 1244 3942 uidetur
1278 3885 1410 3940 foris
1447 3905 1481 3968 a
1515 3891 1702 3941 uestra
1738 3887 2109 3941 communione
2148 3903 2239 3941 eos
2284 3887 2453 3940 fuisse
2496 3903 2716 3941 necesse
2752 3887 2839 3940 est

549 3975 617 4027 10
653 3973 782 4028 foris
818 3975 945 4045 nisi]
987 3977 1034 4030 si
1071 3976 1201 4030 foris
1239 3977 1344 4030 nisi
1381 3977 1438 4030 P
1469 3977 1575 4030 nisi
1610 3975 1742 4030 foris
1788 3976 1900 4032 VU
1930 3977 2051 4031 edd.
2194 3976 2399 4030 imitari
2436 3975 2490 4028 P
2669 3975 2733 4029 13
2770 3981 2839 4028 ut

547 4064 610 4116 in
637 4063 758 4132 fine
791 4081 848 4119 u.
885 4081 988 4119 om.
1027 4065 1084 4119 P
1244 4067 1312 4120 14
1347 4066 1681 4137 pellerentur
1714 4083 1767 4119 m
1922 4066 1988 4120 15
2026 4065 2093 4119 de
2132 4081 2237 4135 quo
2274 4081 2383 4118 non
2422 4081 2525 4134 ago
2570 4063 2683 4120 VU
2714 4063 2837 4118 edd.

552 4152 754 4206 addita
788 4155 852 4207 in
889 4172 937 4208 m
977 4155 1294 4210 coniectura
1328 4171 1474 4210 nnnc
1630 4156 1697 4209 17
1737 4154 1976 4225 episcopi
2024 4153 2077 4207 U
2220 4153 2285 4208 18
2324 4155 2517 4223 optata
2550 4151 2708 4208 codd.
2748 4151 2839 4220 12,-

549 4243 620 4309 cf.
657 4242 802 4312 Any.
841 4249 1038 4297 contra
1075 4244 1178 4298 litt.
1217 4245 1495 4299 Petiliam·
1529 4245 1611 4298 II
1644 4247 1721 4298 53
1828 4243 1899 4298 20
1935 4243 2057 4306 fuit,
2096 4258 2233 4299 corr.
2270 4241 2455 4296 fuerat
2498 4241 2552 4296 U
2662 4241 2841 4296 diuul-

551 4335 681 4400 gata
719 4332 874 4386 codd.
915 4338 964 4386 et
1001 4333 1132 4390 add.
1169 4333 1234 4387 in
1269 4351 1443 4403 mar-9.
1481 4334 1797 4389 coniectura
1835 4331 2172 4402 diuulgatam
2214 4333 2283 4386 lr
2416 4331 2487 4385 22
2523 4332 2572 4385 it
2608 4331 2751 4402 egris
2788 4331 2847 4384 P
