3184 4959
1134 456 1668 526 epistularum
1723 453 1918 510 XCIII.
2569 459 2696 522 447

392 653 551 720 losis
600 652 882 718 febribus
934 653 1371 736 phreneticum
1416 653 1658 717 factum
1701 671 1949 718 currere
1989 652 2238 717 uideret
2271 653 2334 716 in
2374 671 2698 735 praecepa,

393 779 601 826 nonne
646 764 802 824 ωηο
847 760 1065 842 potius
1110 760 1351 824 malum
1398 779 1509 843 pro
1556 760 1726 824 malo
1775 760 2085 833 redderet,
2145 761 2198 825 si
2258 779 2402 824 eum
2461 759 2554 824 sic
2608 760 2698 823 ire

394 869 809 952 permitteret,
876 887 1069 950 quam
1135 867 1191 932 si
1247 866 1716 948 corripiendum
1769 866 2225 950 ligandumque
2283 869 2570 932 curaret?
2637 869 2703 930 et

396 979 607 1039 tamen
684 974 739 1038 ei
814 978 967 1038 tunc
1048 972 1547 1038 molestissimus
1634 975 1699 1038 et
1779 973 2273 1038 aduersissimus
2356 973 2698 1048 uideretur,

335 1107 361 1146 5
398 1081 649 1164 quando
697 1079 1089 1145 utilissimus
1138 1082 1202 1144 et
1245 1079 1888 1145 misericordissimus
1937 1079 2280 1156 extitisset3
2349 1079 2462 1144 sed
2517 1080 2700 1161 plane

399 1190 604 1252 salute
668 1190 957 1270 reparata
1021 1189 1199 1251 tanto
1256 1186 1517 1250 uberius
1578 1185 1636 1250 ei
1693 1185 1930 1270 gratias
1989 1187 2225 1269 ageret,
2285 1189 2519 1268 quanto
2577 1183 2700 1248 sibi

398 1311 540 1360 eum
608 1294 819 1358 minus
885 1293 1247 1375 pepercisse
1294 1293 1620 1357 sensisset.
1672 1313 1707 1357 o
1767 1293 1822 1358 si
1876 1311 2132 1375 possem
2181 1293 2298 1356 tibi
2348 1292 2700 1370 ostendere,

398 1421 471 1465 ex
516 1400 676 1483 ipsis
726 1400 1361 1464 Circumcellionibus
1410 1419 1602 1482 quam
1649 1399 1888 1464 multos
1935 1400 2062 1463 iam
2112 1399 2458 1464 catholicos
2505 1397 2702 1461 mani-

397 1509 597 1573 festos
644 1509 993 1572 habeamus
1042 1507 1411 1571 damnantes
1460 1526 1642 1570 suam
1689 1506 2022 1590 pristinam
2069 1507 2270 1571 uitam
2325 1509 2391 1570 et
2444 1505 2702 1570 misera-

310 1643 361 1681 ιο
398 1614 589 1678 bilem
659 1633 950 1688 errorem.
1010 1633 1135 1694 quo
1194 1633 1261 1678 se
1319 1611 1784 1677 arbitrabantur
1838 1631 1950 1696 pro
2009 1613 2278 1678 ecclesia
2325 1612 2426 1676 dei
2471 1613 2698 1688 facere,

400 1719 705 1804 quicquid
760 1720 1044 1801 inquieta
1106 1719 1468 1786 temeritate
1532 1719 1878 1784 faciebant!
1946 1719 2056 1802 qui
2119 1723 2330 1784 tamen
2399 1719 2476 1784 ad
2539 1718 2702 1782 hanc

399 1827 734 1892 sanitatem
802 1846 927 1892 non
991 1827 1505 1910 perducerentur.
1569 1827 1693 1890 nisi
1749 1828 1965 1910 legum
2019 1827 2310 1903 istarum,
2375 1845 2534 1908 quae
2581 1824 2700 1889 tibi

401 1932 756 2014 displicent,
804 1932 1083 1996 uinculis
1129 1935 1456 2015 tamquam
1502 1933 1852 2014 phrenetici
1898 1932 2266 2017 ligarentur.
2333 1931 2483 2014 quid
2538 1931 2702 1995 illud

402 2040 671 2104 alterum
748 2057 947 2123 genus
1024 2039 1229 2103 morbi
1304 2039 1674 2123 grauissimi
1752 2059 1987 2117 eorum,
2076 2039 2185 2122 qui
2267 2039 2701 2103 turbulentam

314 2177 364 2217 1⁵
403 2145 658 2228 quidem
707 2145 1035 2209 audaciam
1082 2164 1204 2210 non
1252 2144 1587 2224 habebant,
1639 2144 1754 2209 sed
1800 2145 2070 2227 quadam
2117 2148 2378 2209 uetusta
2415 2145 2702 2210 socordia

401 2252 847 2335 premebantur
894 2251 1178 2316 dicentes
1226 2252 1438 2316 nobis:
1494 2251 1752 2316 ‘Verum
1804 2251 2066 2334 quidem
2109 2251 2352 2328 dicitis;
2409 2271 2532 2316 non
2583 2255 2699 2330 est,

403 2358 572 2448 quod
617 2357 1102 2440 respondeatur;
1154 2358 1265 2423 sed
1305 2358 1532 2422 durum
1572 2362 1674 2422 est
1707 2359 1891 2423 nobis
1929 2358 2332 2423 traditionem
2368 2363 2703 2441 parentum

400 2467 818 2548 relinquere’?
866 2483 1068 2528 nonne
1119 2465 1457 2529 salubriter
1500 2466 1723 2548 regula
1767 2465 2213 2548 temporalium
2259 2467 2700 2530 molestiarum

403 2573 758 2638 excutiendi
788 2576 1002 2650 erant,
1050 2574 1126 2636 ut
1170 2575 1497 2653 tamquam
1546 2571 1623 2635 de
1662 2590 1882 2636 somno
1921 2572 2270 2655 lethargico
2311 2575 2704 2656 emergerent

312 2713 367 2752 20
405 2683 469 2744 et
532 2680 595 2743 in
662 2681 939 2744 salutem
1004 2679 1271 2743 unitatis
1332 2678 1756 2763 euigilarent‘?
1813 2698 2002 2761 quam
2059 2679 2248 2743 multi
2305 2683 2368 2743 et
2424 2698 2496 2742 ex
2539 2679 2700 2762 ipsis

402 2778 567 2850 nunc
640 2784 974 2852 nobiscum
1050 2784 1400 2866 gaudentes
1474 2784 1816 2866 pristinum
1879 2785 2128 2867 pondus
2193 2785 2536 2868 perniciosi
2601 2787 2699 2849 sui

402 2893 610 2975 operis
678 2895 981 2958 accusant
1036 2895 1101 2954 et
1155 2891 1437 2955 fatentur
1492 2910 1607 2955 nos
1666 2890 1790 2956 sibi
1837 2892 2144 2956 molestos
2195 2911 2334 2957 esse
2383 2891 2700 2966 debuisse,

400 3019 477 3062 ne
524 3001 847 3081 tamquam
896 2997 1222 3062 mortifero
1272 3015 1492 3062 somno
1540 2997 1633 3061 ita
1677 2998 1898 3062 morbo
1947 3001 2316 3063 ueternosae
2367 3003 2701 3064 consuetu-

402 3104 565 3169 dinis
612 3105 961 3168 interirent.

223 3225 261 3284 3
309 3247 361 3287 25
488 3213 575 3275 At
624 3211 793 3276 enim
842 3211 1221 3292 quibusdam
1268 3211 1395 3275 ista
1441 3230 1563 3276 non
1611 3215 1898 3294 prosunt.
1949 3211 2256 3292 numquid
2300 3211 2442 3276 ideo
2490 3211 2700 3295 negle-

398 3320 605 3403 genda
668 3325 767 3384 est
831 3318 1163 3396 medicina,
1223 3318 1373 3401 quia
1428 3319 1878 3383 nonnullorum
1936 3323 2036 3383 est
2088 3319 2458 3383 insanabilis
2505 3319 2700 3400 pesti·

397 3425 639 3490 lentia?
704 3429 777 3490 tu
842 3445 965 3490 non
1034 3425 1326 3490 adtendis
1384 3426 1506 3490 nisi
1566 3445 1696 3502 eos,
1754 3425 1864 3507 qui
1921 3425 2013 3488 ita
2059 3424 2201 3489 duri
2249 3428 2416 3502 sunt,
2465 3428 2540 3489 ut
2585 3445 2698 3489 nec

397 3532 591 3596 istam
654 3533 966 3614 recipiant
1033 3533 1455 3616 disciplinam.
1524 3533 1599 3596 de
1655 3533 1893 3597 talibus
1963 3532 2126 3597 enim
2197 3533 2507 3616 scriptum
2572 3537 2697 3596 est:

469 3829 501 3880 2
540 3828 639 3897 ire]
680 3844 889 3880 currere
929 3827 1049 3881 edd.
1160 3830 1193 3880 4
1233 3831 1363 3880 tunc
1402 3827 1451 3880 ei
1481 3825 1533 3880 L
1570 3827 1691 3881 edd.
1805 3828 1836 3880 6
1878 3845 2000 3880 eum
2040 3827 2144 3881 sibi
2173 3827 2226 3880 L
2329 3829 2356 3880 7
2397 3827 2617 3879 minime
2647 3829 2700 3880 A

396 3917 429 3970 8
469 3916 779 3978 catholicaS.
820 3933 958 3970 corr.
998 3933 1065 3969 m.
1090 3922 1119 3968 1
1157 3916 1453 3970 catholicos
1490 3916 1565 3970 Μ
1720 3917 1784 3970 12
1823 3916 1928 3969 tibi
1968 3933 2068 3970 om.
2109 3918 2160 3969 Λ
2309 3917 2373 3969 13
2415 3915 2700 3984 dispicent,

396 4009 523 4058 mn?
570 4005 862 4074 displicent
897 4005 955 4059 R
1170 4004 1400 4058 uinculis
1448 4021 1550 4059 om.
1606 4005 1653 4058 (Y
1863 4004 2173 4058 frenetici„
2224 4004 2427 4072 (fuitne
2470 4003 2512 4056 li
2559 4003 2609 4071 .9)
2649 4005 2700 4055 A

398 4097 463 4148 15
502 4095 797 4147 uetustatis
836 4093 887 4146 L
1020 4095 1085 4146 16
1124 4093 1305 4146 dicitis
1346 4092 1563 4162 quidem
1607 4093 1654 4146 C
1807 4095 1914 4162 est]
1957 4109 2074 4146 esse
2117 4093 2165 4147 G
2298 4093 2364 4146 19
2400 4093 2698 4160 tamquam]¹

394 4185 507 4236 tam
551 4184 597 4233 (¹
809 4183 877 4236 ‘20
918 4183 1210 4251 uigilarent
1248 4183 1301 4235 A
1518 4185 1575 4236 et
1623 4198 1725 4238 om.
1763 4181 1887 4234 ML
1923 4181 2044 4234 edd.
2262 4183 2326 4234 21
2379 4181 2462 4234 sui
2509 4197 2610 4233 om.
2650 4181 2705 4234 P

396 4273 465 4325 25
506 4271 761 4339 quibdam
804 4271 961 4326 (sicli
1004 4273 1056 4323 A
1220 4279 1283 4340 ps
1324 4275 1370 4338 (s
1407 4271 1469 4322 in
1506 4287 1620 4326 ras.
1657 4288 1726 4324 m.
1752 4275 1800 4338 1)
1842 4269 1914 4322 Μ
1948 4273 2185 4340 pnsunt,
2223 4286 2292 4323 m.
2317 4274 2355 4324 2
2390 4273 2616 4339 pnsunt
2653 4271 2708 4322 P

396 4361 464 4412 23
506 4360 671 4430 enim]
715 4368 742 4414 ὂ
780 4359 906 4430 (del.
947 4378 1014 4416 m.
1040 4366 1097 4426 2)
1141 4361 1205 4412 M
