3184 4959
345 2413 384 2475 2

425 392 553 458 140
1142 391 1196 444 S.
1249 389 1526 444 Aureli
1579 390 2021 461 Augustini

421 585 594 650 tione
651 583 756 648 ad.
787 602 902 650 nos
959 583 1346 650 adtulerunt.
1410 603 1680 667 quorum
1734 584 2076 649 Eustasius
2134 583 2195 649 in
2252 603 2389 650 eam
2438 587 2721 670 requiem

422 690 792 774 praecessit,
861 710 1018 773 quae
1088 690 1283 756 nullis
1347 690 1650 756 fluctibus
1716 690 1885 756 sicut
1946 690 2158 757 insula
2217 692 2529 772 tunditur,
2606 713 2720 760 nec

425 795 788 878 Caprariam
835 795 1172 875 desiderat,
1220 797 1370 880 quia
1415 815 1533 861 nec
1579 796 1787 864 cilicio
1832 797 1963 862 iam
2008 798 2257 880 quaerit
2298 798 2497 866 indui.

1451 989 1681 1056 XLIX.

495 1129 595 1184 AD
636 1128 1100 1184 HONORATUM
1141 1128 1553 1185 EPISCOPUM
1589 1129 1845 1186 PARTIS
1884 1127 2165 1184 DONA'I'I
2180 1128 2649 1186 .AUGUST1NUS
2781 1156 2807 1195 5

902 1218 1298 1275 EPISCOPUS
1335 1217 1727 1274 ECCLESIAE
1766 1217 2242 1274 CATHOLICAE.

517 1345 874 1412 Consilium
917 1351 1102 1412 tuum
1150 1346 1428 1410 multum
1475 1346 1660 1411 nobis
1707 1345 1971 1430 placuit,
2021 1345 2189 1428 quod
2232 1347 2485 1411 fratrem
2524 1345 2719 1413 Hero·

427 1456 581 1532 tem,
629 1452 1036 1518 carissimum
1079 1452 1264 1518 nobis
1313 1455 1379 1518 et
1421 1453 1486 1518 in
1535 1451 1789 1518 Christo
1836 1451 2224 1517 laudabilem
2271 1454 2502 1534 uirum,
2550 1471 2720 1520 man—

429 1559 577 1626 dare
643 1559 941 1646 dignatus
1008 1579 1098 1634 es,
1163 1563 1240 1626 ut
1300 1560 1534 1624 litteris
1599 1560 1763 1625 inter
1824 1577 1938 1625 nos
1996 1578 2281 1645 agamus,
2338 1561 2451 1626 ubi
2504 1563 2721 1627 nullus

429 1667 758 1732 turbarum
811 1666 1132 1732 tumultus
1186 1667 1552 1750 perturbare
1605 1666 1814 1750 possit
1875 1666 2358 1750 dispositionem
2420 1673 2722 1746 nostram,
2762 1691 2813 1730 ιο

431 1791 593 1856 quae
649 1791 795 1837 cum
849 1777 986 1838 tota
1038 1791 1194 1855 pace
1251 1776 1318 1838 et
1369 1773 1633 1839 lenitate
1682 1772 1875 1837 animi
1922 1773 2329 1856 suscipienda
2372 1776 2439 1839 et
2482 1775 2725 1859 agenda

431 1884 551 1963 est,
601 1880 772 1946 sicut
817 1879 975 1946 dicit
1029 1883 1388 1964 apostolus:
1457 1881 1795 1948 Seruum
1860 1881 2495 1946 autem-domini
2557 1882 2727 1946 liti-

433 2005 622 2072 gare
677 2007 821 2052 non
881 1991 1229 2068 oportet,
1289 1989 1425 2054 sed
1481 1988 1753 2054 mitem
1814 2008 1993 2054 esse
2038 1987 2131 2052 ad
2179 2006 2473 2066 omnes,
2520 1989 2735 2054 doci--

430 2093 702 2172 bilem,
731 2094 1205 2177 patientem,
1236 2093 1310 2159 in
1341 2093 1747 2160 modestia
1776 2094 2359 2178 corripientem
2394 2093 2723 2160 diuersa

433 2201 924 2268 sentientes.
991 2201 1209 2283 itaque
1261 2200 1542 2268 breuiter
1593 2202 2011 2282 insinuamuS,
2070 2199 2223 2284 quid
2277 2219 2317 2266 a
2359 2203 2424 2267 te
2469 2217 2721 2286 respon·
2762 2223 2811 2262 15

433 2307 565 2372 deri
609 2306 1064 2374 desideremus.

523 2412 834 2493 Quoniam
903 2414 1236 2480 ecclesiam
1303 2414 1461 2492 eius,
1525 2433 1687 2498 quae
1744 2414 2057 2480 catholica
2112 2415 2365 2493 dicitur,
2420 2415 2592 2481 sicut
2646 2414 2721 2480 de

428 2513 542 2586 illa
595 2522 1040 2604 prophetatum
1099 2525 1220 2593 est,
1273 2537 1386 2604 per
1440 2520 1656 2586 orbem
1709 2525 2017 2586 terrarum
2064 2521 2359 2586 diffusam
2403 2521 2721 2599 uidemus,

431 2628 811 2694 arbitramur
872 2647 988 2694 nos
1053 2647 1175 2693 non
1243 2627 1470 2693 debere
1535 2627 1825 2692 dubitare
1888 2627 1964 2693 de
2036 2632 2170 2694 tam
2243 2628 2723 2695 euidentissima

431 2733 850 2818 completione
897 2738 1150 2801 sanctae
1195 2733 1582 2818 prophetiae,
1632 2753 1823 2817 quam
1869 2733 2163 2802 dominus
2202 2737 2395 2800 etiam
2434 2735 2497 2800 in
2536 2755 2722 2801 euan-
2758 2756 2812 2798 ιο

467 2955 502 2972 fl

613 2976 680 3031 12
719 2975 770 3030 11
805 2975 941 3031 Tim.
981 2978 1032 3040 2,
1071 2977 1283 3031 24—25

501 3119 535 3171 2
572 3117 782 3173 insulae
821 3117 867 3173 S

645 3242 720 3295 M
751 3265 820 3288 =
859 3241 976 3297 cod.
1012 3242 1372 3296 Monacensis
1412 3245 1572 3296 6266
1608 3259 1650 3296 s.
1691 3245 1765 3296 X.

645 3329 707 3384 F
753 3354 819 3374 =
858 3329 976 3388 cod.
1014 3329 1456 3400 salisburqemis
1489 3331 1552 3385 X
1587 3333 1669 3384 29
1700 3347 1744 3384 s.
1784 3331 2027 3386 X—XI.

645 3417 700 3472 A
756 3443 822 3463 =
861 3417 977 3473 cod.
1017 3419 1632 3488 Andomaropolitanus
1673 3421 1767 3482 76,
1806 3421 1860 3483 8,
1905 3421 1941 3472 9
1974 3436 2017 3474 s.
2058 3419 2301 3474 X—XI.

644 3507 700 3561 P
757 3531 824 3553 =
863 3506 979 3563 cod.
1018 3508 1317 3562 Parisinus
1351 3524 1480 3562 nou.
1521 3525 1638 3577 aeq.
1676 3512 1833 3562 1444
1868 3525 1911 3563 s.
1950 3507 2061 3562 XI.

645 3593 702 3649 R
753 3619 820 3640 =
859 3595 976 3652 cod.
1013 3595 1164 3650 Mus.
1204 3597 1352 3653 Brit.
1389 3593 1521 3666 Rey.
1567 3599 1603 3650 5
1638 3593 1699 3650 D
1744 3595 1836 3650 VI
1862 3613 1907 3650 s.
1944 3593 2263 3650 XI—XII.

503 3759 536 3811 5
571 3757 852 3812 Honorato
889 3758 1141 3828 episeopo
1180 3755 1299 3811 edd.
1401 3759 1434 3812 6
1473 3758 1757 3827 episcopus
1796 3757 1893 3816 bis.
1936 3756 2173 3811 alterum
2210 3756 2315 3811 del.
2343 3755 2400 3812 R
2437 3757 2721 3826 episcopus

429 3847 600 3917 partis
637 3846 759 3902 edd.
789 3852 1014 3915 praeter
1035 3863 1090 3900 m
1198 3847 1226 3898 7
1267 3846 1426 3900 nobis
1461 3846 1693 3900 multum
1730 3845 1851 3902 edd.
1996 3845 2241 3914 fratrem]
2283 3863 2379 3915 per
2414 3845 2637 3899 fratrem
2674 3846 2728 3899 P

431 3935 554 3990 cdd.
645 3937 678 3990 9
717 3935 974 4005 dignatus
1013 3951 1068 3989 es
1106 3951 1210 3989 om.
1246 3935 1322 3988 M
1419 3933 1486 3989 10
1523 3934 2021 4006 disputationemm
2123 3936 2185 3988 11
2226 3952 2360 4004 pace
2398 3937 2457 3988 et
2491 3934 2721 3988 lenitate

431 4026 490 4078 et
527 4041 659 4095 pace
695 4023 931 4079 MFAP
963 4023 1194 4078 lenitate
1233 4027 1290 4077 et
1325 4039 1456 4094 pace
1493 4024 1614 4078 edd.
1812 4025 1877 4078 12
1915 4025 2193 4092 apostolus
2232 4023 2367 4078 dicit
2400 4023 2457 4078 R
2613 4016 2727 4076 nori‘

431 4117 648 4184 oportet
683 4114 903 4182 litigare
941 4114 1014 4167 M
1043 4129 1144 4168 sec.
1181 4127 1326 4168 sacr.
1365 4112 1471 4166 litt.
1586 4115 1652 4168 15
1690 4113 1761 4167 ad
1796 4117 1852 4167 te
1888 4112 2015 4167 MA
2126 4114 2190 4168 16
2229 4111 2627 4168 desider-nemus
2668 4111 2727 4179 (α’

430 4207 574 4271 exp.)
613 4203 686 4256 M
832 4202 895 4256 17
933 4201 1208 4272 quoniam]
1247 4218 1403 4271 qnae,
1441 4219 1509 4256 m.
1532 4205 1572 4256 2
1609 4202 1737 4273 quai
1774 4202 1876 4267 (sic
1897 4206 1939 4268 l)
1976 4202 2053 4256 M
2210 4203 2347 4273 eius]
2386 4201 2474 4255 dei
2509 4201 2565 4254 P
2600 4199 2720 4254 edd.

503 4289 595 4344 d.e
635 4291 778 4357 (suit
815 4291 856 4358 i)
895 4287 956 4343 F
1065 4289 1129 4344 18
1167 4293 1343 4345 terrae
1379 4291 1436 4346 R
1543 4291 1614 4346 20
1651 4291 1951 4361 prophetae
1988 4293 2041 4344 Α
2078 4291 2377 4359 scripturae
2414 4289 2489 4344 M
