3184 4959
605 410 730 471 702
1310 404 1364 461 S.
1419 405 1695 459 Aureli
1752 403 2184 473 Augustini

601 600 838 683 ubique
896 619 1036 665 esse
1081 618 1384 683 personas
1433 600 1548 663 sed
1591 598 1724 676 illa,
1774 618 1937 681 quae
1987 617 2179 681 supra
2224 598 2433 662 caelos
2480 601 2651 663 tra-ns
2698 597 2899 662 maria

601 708 768 773 ultra
811 707 1046 771 inferos
1097 725 1220 771 una
1257 709 1446 789 atque
1485 706 1703 770 eadem
1746 709 1864 781 est,
1912 705 2247 769 maiestate
2284 704 2613 771 firmarem.
2662 724 2735 769 ex
2774 721 2897 785 quo

600 814 886 897 intellegi
927 812 1152 878 debere
1189 812 1617 877 monstrabam
1658 811 2001 889 hominem,
2042 829 2229 892 quem
2270 810 2563 876 Christus
2602 808 2900 891 adsump-

603 920 707 995 sit,
745 920 808 985 in
857 919 1045 984 deum
1091 918 1348 1002 quidem
1395 936 1653 982 uersum
1692 921 2057 1001 susceptam
2094 936 2219 981 non
2258 916 2549 982 amisisse
2585 919 2899 990 naturam,

601 1045 724 1091 non
771 1030 980 1091 tamen
1028 1026 1210 1109 quasi
1257 1028 1543 1108 quartam
1592 1024 1765 1090 credi
1811 1044 2001 1108 posse
2046 1044 2400 1107 personam.
2956 1044 2977 1083 s

695 1132 820 1198 Sed
884 1137 975 1210 tu,
1051 1134 1170 1210 uir,
1239 1132 1344 1197 cui
1409 1132 1676 1207 caelum,
1754 1134 1827 1196 ut
1890 1131 2178 1209 arbitror,
2252 1132 2467 1213 ipsum
2540 1127 2904 1194 subtilitate

605 1240 1058 1323 cogitationum
1115 1240 1348 1303 intrare
1397 1257 1767 1305 concessum
1820 1242 1920 1303 est
1962 1274 2051 1284 -
2095 1258 2283 1303 uerax
2330 1238 2565 1302 etenim
2610 1242 2731 1316 est,
2794 1236 2904 1318 qui

605 1348 724 1411 ait:
762 1346 998 1411 Beati
1036 1347 1324 1411 mundo
1364 1348 1622 1428 corde,
1664 1347 1859 1429 quia
1895 1347 2063 1430 ipsi
2101 1346 2327 1411 deum
2369 1346 2903 1416 uidebunt—-‚

606 1471 797 1535 super
861 1452 1068 1517 omnia
1143 1453 1348 1517 sidera
1413 1454 1493 1517 ad
1554 1453 1765 1538 ipsam
1829 1453 2429 1536 contemplationem
2496 1450 2905 1517 altitudinem

605 1559 824 1624 mundi
863 1559 1070 1624 cordis
1110 1559 1420 1624 adtollens
1460 1559 1554 1624 ais
1594 1578 1717 1625 non
1758 1563 2085 1641 tamquam
2123 1557 2379 1641 aliquod
2408 1576 2635 1638 corpus
2676 1556 2905 1619 debere
2938 1578 2981 1618 ιο

607 1666 871 1750 cogitari
929 1666 1144 1741 deum3
1203 1686 1350 1730 nam
1407 1667 1601 1731 etiam
1658 1666 1712 1731 si
1769 1665 2086 1750 quispiam
2142 1665 2351 1731 animo
2404 1664 2613 1729 lucem
2668 1661 2907 1739 milies,

608 1792 794 1855 quam
835 1772 1028 1837 huius
1077 1773 1232 1838 solis
1271 1777 1388 1853 est,
1439 1772 1767 1838 clariorem
1806 1773 2235 1855 maioremque
2274 1772 2611 1854 confingat,
2658 1769 2907 1833 nullan]

607 1879 742 1943 illic
807 1878 908 1943 dei
975 1878 1460 1956 similitudinem
1527 1879 1972 1962 comprehendi
2034 1898 2244 1961 posse,
2302 1878 2451 1961 quia
2515 1894 2749 1959 corpus
2808 1879 2910 1939 est

608 2004 812 2061 omne,
853 1986 1020 2069 quod
1059 1986 1228 2051 cerni
1274 1989 1515 2068 potest;
1565 1986 1679 2051 sed
1716 1988 1885 2051 sieut
1920 1985 2237 2050 iustitiam
2274 1985 2381 2049 uel
2424 1982 2733 2067 pietatem
2774 1998 2909 2045 eor-

605 2110 858 2174 poream
899 2093 1178 2176 cogitare
1215 2112 1336 2158 non
1376 2112 1743 2175 possumuS‚
1790 2093 1915 2158 nisi
1950 2092 2113 2157 forte
2152 2090 2363 2173 aliqua
2399 2090 2581 2154 nobis
2626 2088 2909 2153 feminea
2942 2112 2983 2153 ιε

608 2216 868 2283 corpora
931 2199 1157 2283 gentili
1223 2200 1504 2265 uanitate
1567 2201 1904 2285 fingamus,
1968 2200 2059 2265 ita
2116 2203 2181 2265 et
2236 2199 2426 2263 deum
2490 2197 2625 2263 sine
2691 2195 2907 2278 aliqua

527 2390 540 2403 ἱ
605 2304 973 2388 phantasiae
1039 2306 1463 2383 simulatione,
1529 2306 1590 2369 in
1661 2308 1969 2388 quantum
2032 2324 2399 2389 possumus,
2466 2302 2905 2389 cogitandum.

607 2412 764 2476 mihi
811 2416 1042 2491 autem,
1101 2412 1211 2495 qui
1265 2413 1690 2478 subtilitatem
1737 2411 2186 2495 disputationis
2232 2415 2381 2476 tuae
2426 2410 2755 2494 percipere
2804 2408 2909 2473 ad-

607 2519 864 2584 modum
913 2520 1099 2585 corde
1154 2520 1261 2584 uix
1314 2538 1601 2602 possum,
1656 2520 1998 2585 uidebatur
2051 2519 2211 2583 nihil
2265 2518 2493 2583 uiuum
2549 2515 2907 2581 secundum

607 2625 1032 2691 substantiam
1076 2627 1286 2691 inesse
1329 2626 1614 2691 iustitiae
1661 2626 1927 2708 ideoque
1975 2646 2095 2691 non
2142 2644 2406 2709 possum
2446 2624 2653 2688 adhuc
2692 2622 2905 2695 deum,
2940 2646 2985 2685 20

607 2732 672 2797 id
735 2736 832 2797 est
903 2732 1230 2796 uiuentem
1304 2735 1594 2796 naturam
1665 2730 1951 2796 iustitiae
2024 2731 2301 2797 similem
2376 2730 2679 2815 cogitare,
2757 2730 2905 2811 quia

604 2838 855 2901 iustitia
889 2858 1011 2903 non
1059 2838 1122 2902 in
1171 2857 1240 2903 se
1288 2839 1402 2904 sed
1447 2840 1510 2903 in
1557 2838 1740 2903 nobis
1780 2838 1965 2916 uiuit,
2013 2838 2207 2903 immo
2253 2838 2470 2921 potius
2518 2856 2632 2901 nos
2682 2856 2909 2901 secun-

608 2942 760 3007 dum
815 2943 1128 3009 iustitiam
1187 2944 1492 3025 uiuimus,
1548 2945 1688 3027 ipsa
1733 2963 1881 3009 uero
1929 2964 2040 3028 per
2086 2964 2153 3009 se
2200 2944 2452 3009 iustitia
2502 2961 2907 3025 nequaquam

784 3188 817 3241 s
855 3188 1052 3241 matth.
1093 3192 1144 3251 5,
1183 3188 1217 3242 s
1330 3190 1520 3259 19-p,
1561 3188 1683 3253 703,
1714 3190 1747 3243 2
1778 3213 1845 3234 =
1876 3206 1928 3257 p.
1968 3188 2091 3255 719,
2128 3188 2395 3255 25—-720,
2434 3188 2493 3253 3;
2534 3188 2655 3251 721,
2688 3187 2903 3242 10-12

680 3349 706 3402 1
746 3347 898 3401 illam
941 3347 1096 3402 OPT
1131 3346 1251 3401 edd.
1433 3364 1594 3417 super
1632 3350 1684 3401 P
1821 3348 1854 3401 2
1892 3346 2237 3400 maiestatem
2278 3346 2325 3401 0
2467 3348 2502 3400 4
2539 3362 2745 3413 uerum,
2784 3364 2856 3399 m.
2878 3350 2906 3398 1

607 3451 744 3489 corr.
783 3451 994 3488 uersum
1033 3435 1088 3487 Β
1230 3440 1540 3505 susceptum
1586 3434 1692 3488 01⁷
1832 3434 2078 3487 amissise
2114 3434 2169 3486 Β
2340 3436 2373 3488 5
2410 3450 2568 3504 posse
2606 3449 2710 3487 om.
2750 3432 2909 3487 OPT

608 3523 727 3577 edd.
759 3530 1052 3591 praeter-m
1269 3527 1302 3578 6
1349 3525 1523 3594 ipsum
1573 3540 1674 3579 om.
1721 3523 1768 3577 0
1983 3524 2016 3577 8
2056 3523 2309 3592 quoniam
2350 3524 2402 3577 T
2436 3522 2555 3577 edd.
2592 3538 2693 3576 sec.
2741 3522 2903 3591 Vuly.

611 3611 676 3663 10
715 3608 946 3664 acltolles
983 3610 1038 3663 Β
1077 3611 1286 3665 attollis
1330 3610 1489 3665 OPT
1520 3612 1671 3677 edd.,·
1706 3611 1903 3680 scripsi
1940 3610 2209 3665 adtollens
2328 3609 2515 3664 deberi
2549 3610 2604 3662 Β
2699 3611 2765 3664 12
2804 3608 2905 3663 hu-

606 3700 707 3769 ius]
731 3688 836 3755 Ἰ-ιΝΙ
877 3704 1094 3769 (parua
1127 3699 1264 3769 ras.)
1291 3701 1346 3753 B
1490 3699 1609 3761 soli,
1649 3715 1715 3751 m.
1741 3704 1772 3751 1
1808 3716 1941 3753 corr.
1982 3700 2113 3753 solis
2140 3698 2195 3751 Β
2340 3702 2425 3752 est
2461 3715 2564 3754 om.
2598 3698 2756 3752 OPT
2780 3698 2903 3751 edd.

676 3790 950 3855 maiorem,
987 3794 1105 3843 m.1
1143 3789 1272 3842 add.
1313 3804 1417 3857 que
1453 3788 1509 3840 Β
1543 3788 1929 3856 initioremque
1969 3787 2067 3853 (ini
2102 3789 2398 3854 incertum5
2430 3788 2671 3854 fortasse
2697 3786 2771 3839 im
2805 3793 2907 3839 aut

608 3879 710 3944 int)
748 3876 794 3930 O
829 3878 1210 3947 mitioremque
1234 3877 1347 3930 PT
1377 3877 1833 3945 intentioremque
1860 3878 1896 3943 f
1908 3876 1972 3929 le
2007 3877 2427 3945 interioremque
2454 3892 2487 3929 r
2520 3876 2905 3929 intensiorem-

609 3984 782 4035 quem
929 3970 996 4021 14
1035 3972 1164 4020 ante
1203 3966 1348 4035 quod
1383 3981 1496 4019 ras.
1537 3968 1690 4018 2—3
1729 3965 1833 4021 litt.
1872 3965 1927 4017 Β
2075 3968 2140 4021 15
2178 3965 2361 4034 aliqua
2398 3964 2539 4019 forte
2585 3962 2743 4020 OPT
2778 3963 2903 4017 edd.

611 4056 676 4109 18
714 4043 770 4109 te
819 4056 877 4121 (i.
925 4072 966 4109 e.
1015 4059 1165 4119 tuae)
1211 4055 1266 4107 B
1309 4058 1492 4123 tempe
1544 4053 1590 4107 Ο
1635 4061 1879 4123 tempore
1925 4054 2036 4108 PT
2077 4053 2263 4123 tepido
2288 4052 2423 4108 edd.
2643 4052 2708 4107 19
2748 4050 2903 4105 uide·

605 4146 769 4198 batur
816 4144 950 4198 mihi
998 4144 1140 4197 nihil
1188 4144 1357 4198 BPT
1585 4144 1655 4197 23
1706 4160 1803 4212 per
1851 4159 1907 4196 se
1958 4143 2173 4197 iustitia
2220 4159 2319 4213 per
2362 4160 2419 4197 se
2464 4158 2811 4212 nequaquam
2850 4142 2903 4195 Β

608 4233 821 4287 iustitia
856 4250 952 4303 per
987 4250 1044 4287 se
1095 4249 1435 4302 nequaquam
1495 4232 1600 4285 OT
1648 4233 1766 4286 edd.
1819 4233 2033 4286 iustitia
2082 4248 2423 4301 nequaquam
2471 4248 2569 4301 per
2618 4248 2676 4286 se
2714 4231 2794 4297 P;
2830 4230 2900 4295 cf.

596 4340 658 4390 p.
705 4325 836 4385 720,
879 4325 914 4374 3
