<?xml version="1.0" encoding="UTF-8"?>
<!DOCTYPE html PUBLIC "-//W3C//DTD XHTML 1.0 Transitional//EN"
    "http://www.w3.org/TR/xhtml1/DTD/xhtml1-transitional.dtd">
<html xmlns="http://www.w3.org/1999/xhtml" xml:lang="en" lang="en">
 <head>
  <title>
</title>
<meta http-equiv="Content-Type" content="text/html;charset=utf-8" />
  <meta name='ocr-system' content='tesseract 3.04.00' />
  <meta name='ocr-capabilities' content='ocr_page ocr_carea ocr_par ocr_line ocrx_word'/>
</head>
<body>
  <div class='ocr_page' id='page_1' title='image "./corpusscriptoru26wiengoog_0560.png"; bbox 0 0 3184 4959; ppageno 0'>
   <div class='ocr_carea' id='block_1_1' title="bbox 391 965 423 1028">
    <p class='ocr_par' dir='ltr' id='par_1_1' title="bbox 391 965 423 1028">
     <span class='ocr_line' id='line_1_1' title="bbox 391 965 423 1028; baseline 0 0"><span class='ocrx_word' id='word_1_1' title='bbox 391 965 423 1028; x_wconf 92' lang='lat'><strong><em>1</em></strong></span> 
     </span>
    </p>
   </div>
   <div class='ocr_carea' id='block_1_2' title="bbox 480 417 2077 486">
    <p class='ocr_par' dir='ltr' id='par_1_2' title="bbox 480 417 2077 486">
     <span class='ocr_line' id='line_1_2' title="bbox 480 417 2077 486; baseline -0.008 -4"><span class='ocrx_word' id='word_1_2' title='bbox 480 417 609 482; x_wconf 85' lang='lat'>544</span> <span class='ocrx_word' id='word_1_3' title='bbox 1201 417 1253 471; x_wconf 87' lang='lat' dir='ltr'>S.</span> <span class='ocrx_word' id='word_1_4' title='bbox 1313 417 1585 470; x_wconf 78' lang='lat' dir='ltr'><strong>Aureli</strong></span> <span class='ocrx_word' id='word_1_5' title='bbox 1645 417 2077 486; x_wconf 75' lang='lat' dir='ltr'><strong>Augustini</strong></span> 
     </span>
    </p>
   </div>
   <div class='ocr_carea' id='block_1_3' title="bbox 1564 611 1695 677">
    <p class='ocr_par' dir='ltr' id='par_1_3' title="bbox 1564 611 1695 677">
     <span class='ocr_line' id='line_1_3' title="bbox 1564 611 1695 677; baseline -0.008 0"><span class='ocrx_word' id='word_1_6' title='bbox 1564 611 1695 677; x_wconf 87' lang='lat' dir='ltr'><strong><em>CII.</em></strong></span> 
     </span>
    </p>
   </div>
   <div class='ocr_carea' id='block_1_4' title="bbox 574 750 2674 896">
    <p class='ocr_par' dir='ltr' id='par_1_4' title="bbox 574 750 2674 896">
     <span class='ocr_line' id='line_1_4' title="bbox 574 750 2674 808; baseline 0.001 -2"><span class='ocrx_word' id='word_1_7' title='bbox 574 751 1079 808; x_wconf 79' lang='lat' dir='ltr'><strong><em>SINCERISSIMO</em></strong></span> <span class='ocrx_word' id='word_1_8' title='bbox 1118 750 1385 805; x_wconf 83' lang='lat' dir='ltr'><strong>FRATRI</strong></span> <span class='ocrx_word' id='word_1_9' title='bbox 1422 751 1512 806; x_wconf 85' lang='grc' dir='ltr'>ΕΤ</span> <span class='ocrx_word' id='word_1_10' title='bbox 1552 750 2172 807; x_wconf 82' lang='lat' dir='ltr'>CONPRESBYTERO</span> <span class='ocrx_word' id='word_1_11' title='bbox 2213 752 2674 808; x_wconf 80' lang='lat' dir='ltr'>DEOGRATIAS</span> 
     </span>
     <span class='ocr_line' id='line_1_5' title="bbox 974 839 2282 896; baseline 0 0"><span class='ocrx_word' id='word_1_12' title='bbox 974 839 1436 896; x_wconf 84' lang='lat' dir='ltr'><strong><em>AUGUSTINUS</em></strong></span> <span class='ocrx_word' id='word_1_13' title='bbox 1475 840 1555 896; x_wconf 85' lang='lat' dir='ltr'>IN</span> <span class='ocrx_word' id='word_1_14' title='bbox 1592 840 1888 896; x_wconf 81' lang='lat' dir='ltr'>DOMINO</span> <span class='ocrx_word' id='word_1_15' title='bbox 1929 841 2282 896; x_wconf 80' lang='lat' dir='ltr'><strong>SALUTEM.</strong></span> 
     </span>
    </p>
   </div>
   <div class='ocr_carea' id='block_1_5' title="bbox 475 965 2866 2122">
    <p class='ocr_par' dir='ltr' id='par_1_5' title="bbox 475 965 2866 2122">
     <span class='ocr_line' id='line_1_6' title="bbox 566 965 2772 1053; baseline -0 -20"><span class='ocrx_word' id='word_1_16' title='bbox 566 965 986 1047; x_wconf 81' lang='lat' dir='ltr'>Quaestiones</span> <span class='ocrx_word' id='word_1_17' title='bbox 1050 969 1165 1033; x_wconf 88' lang='lat' dir='ltr'>tibi</span> <span class='ocrx_word' id='word_1_18' title='bbox 1242 969 1603 1052; x_wconf 86' lang='lat' dir='ltr'>propositas</span> <span class='ocrx_word' id='word_1_19' title='bbox 1677 969 1834 1033; x_wconf 90' lang='lat' dir='ltr'>mihi</span> <span class='ocrx_word' id='word_1_20' title='bbox 1899 968 2189 1053; x_wconf 83' lang='lat' dir='ltr'>delegare</span> <span class='ocrx_word' id='word_1_21' title='bbox 2267 968 2553 1034; x_wconf 79' lang='lat' dir='ltr'>maluisti</span> <span class='ocrx_word' id='word_1_22' title='bbox 2624 988 2772 1044; x_wconf 87' lang='lat' dir='ltr'>non,</span> 
     </span>
     <span class='ocr_line' id='line_1_7' title="bbox 476 1075 2866 1160; baseline 0.004 -24"><span class='ocrx_word' id='word_1_23' title='bbox 476 1078 550 1137; x_wconf 82' lang='lat' dir='ltr'>ut</span> <span class='ocrx_word' id='word_1_24' title='bbox 616 1075 855 1158; x_wconf 79' lang='lat' dir='ltr'><strong>opinor,</strong></span> <span class='ocrx_word' id='word_1_25' title='bbox 920 1075 1198 1160; x_wconf 76' lang='lat' dir='ltr'>pigritia,</span> <span class='ocrx_word' id='word_1_26' title='bbox 1266 1075 1377 1140; x_wconf 87' lang='lat' dir='ltr'>sed</span> <span class='ocrx_word' id='word_1_27' title='bbox 1443 1075 1612 1158; x_wconf 90' lang='lat' dir='ltr'>quod</span> <span class='ocrx_word' id='word_1_28' title='bbox 1678 1087 1751 1141; x_wconf 75' lang='lat' dir='ltr'>ea</span> <span class='ocrx_word' id='word_1_29' title='bbox 1807 1094 2058 1159; x_wconf 86' lang='lat' dir='ltr'>quoque</span> <span class='ocrx_word' id='word_1_30' title='bbox 2122 1077 2283 1158; x_wconf 82' lang='lat' dir='ltr'>ipsa,</span> <span class='ocrx_word' id='word_1_31' title='bbox 2353 1094 2511 1159; x_wconf 85' lang='lat' dir='ltr'>quae</span> <span class='ocrx_word' id='word_1_32' title='bbox 2577 1076 2768 1153; x_wconf 88' lang='lat' dir='ltr'>nosti,</span> <span class='ocrx_word' id='word_1_33' title='bbox 2839 1103 2866 1145; x_wconf 72' lang='grc' dir='ltr'><strong><em>ε</em></strong></span> 
     </span>
     <span class='ocr_line' id='line_1_8' title="bbox 475 1179 2775 1267; baseline 0.002 -24"><span class='ocrx_word' id='word_1_34' title='bbox 475 1179 777 1245; x_wconf 85' lang='lat' dir='ltr'>libentius</span> <span class='ocrx_word' id='word_1_35' title='bbox 836 1201 945 1265; x_wconf 86' lang='lat' dir='ltr'>per</span> <span class='ocrx_word' id='word_1_36' title='bbox 991 1201 1105 1247; x_wconf 89' lang='lat' dir='ltr'>nos</span> <span class='ocrx_word' id='word_1_37' title='bbox 1154 1179 1359 1260; x_wconf 83' lang='lat' dir='ltr'>audis,</span> <span class='ocrx_word' id='word_1_38' title='bbox 1418 1181 1569 1246; x_wconf 90' lang='lat' dir='ltr'>dum</span> <span class='ocrx_word' id='word_1_39' title='bbox 1616 1200 1731 1246; x_wconf 85' lang='lat' dir='ltr'>nos</span> <span class='ocrx_word' id='word_1_40' title='bbox 1787 1182 1974 1247; x_wconf 87' lang='lat' dir='ltr'>nimis</span> <span class='ocrx_word' id='word_1_41' title='bbox 2023 1180 2262 1267; x_wconf 82' lang='lat' dir='ltr'>diligis,</span> <span class='ocrx_word' id='word_1_42' title='bbox 2311 1185 2377 1247; x_wconf 85' lang='lat' dir='ltr'>at</span> <span class='ocrx_word' id='word_1_43' title='bbox 2422 1201 2542 1267; x_wconf 86' lang='lat' dir='ltr'>ego</span> <span class='ocrx_word' id='word_1_44' title='bbox 2588 1203 2775 1266; x_wconf 87' lang='lat' dir='ltr'>prop-</span> 
     </span>
     <span class='ocr_line' id='line_1_9' title="bbox 476 1288 2774 1373; baseline 0.001 -23"><span class='ocrx_word' id='word_1_45' title='bbox 476 1289 651 1352; x_wconf 84' lang='lat' dir='ltr'>terea</span> <span class='ocrx_word' id='word_1_46' title='bbox 703 1288 1017 1353; x_wconf 87' lang='lat' dir='ltr'>malebam</span> <span class='ocrx_word' id='word_1_47' title='bbox 1076 1307 1112 1354; x_wconf 82' lang='lat' dir='ltr'><strong>a</strong></span> <span class='ocrx_word' id='word_1_48' title='bbox 1162 1292 1229 1352; x_wconf 86' lang='lat' dir='ltr'>te</span> <span class='ocrx_word' id='word_1_49' title='bbox 1282 1288 1431 1354; x_wconf 82' lang='lat' dir='ltr'>illas</span> <span class='ocrx_word' id='word_1_50' title='bbox 1489 1288 1735 1373; x_wconf 85' lang='lat' dir='ltr'>aperiri,</span> <span class='ocrx_word' id='word_1_51' title='bbox 1785 1288 1953 1370; x_wconf 90' lang='lat' dir='ltr'>quod</span> <span class='ocrx_word' id='word_1_52' title='bbox 2007 1288 2117 1353; x_wconf 87' lang='lat' dir='ltr'>ille</span> <span class='ocrx_word' id='word_1_53' title='bbox 2163 1289 2302 1372; x_wconf 87' lang='lat' dir='ltr'>ipse</span> <span class='ocrx_word' id='word_1_54' title='bbox 2350 1290 2614 1359; x_wconf 83' lang='lat' dir='ltr'>amicus.</span> <span class='ocrx_word' id='word_1_55' title='bbox 2664 1289 2774 1372; x_wconf 87' lang='lat' dir='ltr'>qui</span> 
     </span>
     <span class='ocr_line' id='line_1_10' title="bbox 478 1395 2772 1479; baseline 0 -19"><span class='ocrx_word' id='word_1_56' title='bbox 478 1413 585 1460; x_wconf 87' lang='lat' dir='ltr'>eas</span> <span class='ocrx_word' id='word_1_57' title='bbox 641 1395 994 1478; x_wconf 76' lang='lat' dir='ltr'>proposuit,</span> <span class='ocrx_word' id='word_1_58' title='bbox 1060 1398 1363 1479; x_wconf 86' lang='lat' dir='ltr'>quantum</span> <span class='ocrx_word' id='word_1_59' title='bbox 1422 1415 1495 1460; x_wconf 85' lang='lat' dir='ltr'>ex</span> <span class='ocrx_word' id='word_1_60' title='bbox 1550 1397 1672 1462; x_wconf 87' lang='lat' dir='ltr'>hoc</span> <span class='ocrx_word' id='word_1_61' title='bbox 1729 1396 1934 1460; x_wconf 87' lang='lat' dir='ltr'>conici</span> <span class='ocrx_word' id='word_1_62' title='bbox 1991 1395 2195 1475; x_wconf 80' lang='lat' dir='ltr'>datur,</span> <span class='ocrx_word' id='word_1_63' title='bbox 2256 1396 2424 1479; x_wconf 91' lang='lat' dir='ltr'>quod</span> <span class='ocrx_word' id='word_1_64' title='bbox 2480 1397 2638 1461; x_wconf 90' lang='lat' dir='ltr'>mihi</span> <span class='ocrx_word' id='word_1_65' title='bbox 2695 1397 2772 1460; x_wconf 84' lang='lat' dir='ltr'>ad</span> 
     </span>
     <span class='ocr_line' id='line_1_11' title="bbox 476 1501 2774 1585; baseline 0 -18"><span class='ocrx_word' id='word_1_66' title='bbox 476 1501 780 1585; x_wconf 82' lang='lat' dir='ltr'>quasdam</span> <span class='ocrx_word' id='word_1_67' title='bbox 859 1501 1167 1584; x_wconf 81' lang='lat' dir='ltr'>epistulas</span> <span class='ocrx_word' id='word_1_68' title='bbox 1239 1521 1359 1567; x_wconf 88' lang='lat' dir='ltr'>non</span> <span class='ocrx_word' id='word_1_69' title='bbox 1433 1501 1780 1584; x_wconf 80' lang='lat' dir='ltr'>rescripsit,</span> <span class='ocrx_word' id='word_1_70' title='bbox 1865 1503 2047 1585; x_wconf 86' lang='lat' dir='ltr'>quasi</span> <span class='ocrx_word' id='word_1_71' title='bbox 2121 1521 2235 1568; x_wconf 88' lang='lat' dir='ltr'>nos</span> <span class='ocrx_word' id='word_1_72' title='bbox 2309 1503 2774 1568; x_wconf 85' lang='lat' dir='ltr'>uerecundatur</span> 
     </span>
     <span class='ocr_line' id='line_1_12' title="bbox 477 1608 2864 1692; baseline 0.001 -18"><span class='ocrx_word' id='word_1_73' title='bbox 477 1609 689 1692; x_wconf 80' lang='lat' dir='ltr'>sequi3</span> <span class='ocrx_word' id='word_1_74' title='bbox 764 1608 997 1673; x_wconf 84' lang='lat' dir='ltr'>uiderit</span> <span class='ocrx_word' id='word_1_75' title='bbox 1060 1627 1246 1691; x_wconf 86' lang='lat' dir='ltr'>quam</span> <span class='ocrx_word' id='word_1_76' title='bbox 1324 1609 1403 1673; x_wconf 93' lang='lat' dir='ltr'>ob</span> <span class='ocrx_word' id='word_1_77' title='bbox 1470 1627 1749 1675; x_wconf 85' lang='lat' dir='ltr'>causam.</span> <span class='ocrx_word' id='word_1_78' title='bbox 1823 1609 1944 1674; x_wconf 83' lang='lat' dir='ltr'>hoo</span> <span class='ocrx_word' id='word_1_79' title='bbox 2018 1612 2226 1674; x_wconf 83' lang='lat' dir='ltr'>tamen</span> <span class='ocrx_word' id='word_1_80' title='bbox 2305 1610 2596 1692; x_wconf 87' lang='lat' dir='ltr'>suspicor</span> <span class='ocrx_word' id='word_1_81' title='bbox 2657 1627 2770 1673; x_wconf 88' lang='lat' dir='ltr'>nec</span> <span class='ocrx_word' id='word_1_82' title='bbox 2812 1639 2864 1676; x_wconf 83' lang='grc' dir='ltr'>ιο</span> 
     </span>
     <span class='ocr_line' id='line_1_13' title="bbox 479 1715 2772 1800; baseline -0 -19"><span class='ocrx_word' id='word_1_83' title='bbox 479 1715 762 1799; x_wconf 85' lang='lat' dir='ltr'>suspicio</span> <span class='ocrx_word' id='word_1_84' title='bbox 821 1734 962 1780; x_wconf 86' lang='lat' dir='ltr'>mea</span> <span class='ocrx_word' id='word_1_85' title='bbox 1015 1715 1119 1780; x_wconf 88' lang='lat' dir='ltr'>uel</span> <span class='ocrx_word' id='word_1_86' title='bbox 1178 1716 1482 1781; x_wconf 80' lang='lat' dir='ltr'>maliuola</span> <span class='ocrx_word' id='word_1_87' title='bbox 1537 1721 1639 1782; x_wconf 86' lang='lat' dir='ltr'>est</span> <span class='ocrx_word' id='word_1_88' title='bbox 1691 1718 1798 1781; x_wconf 86' lang='lat' dir='ltr'>uel</span> <span class='ocrx_word' id='word_1_89' title='bbox 1853 1715 2144 1790; x_wconf 81' lang='lat' dir='ltr'>absurda,</span> <span class='ocrx_word' id='word_1_90' title='bbox 2210 1736 2357 1781; x_wconf 87' lang='lat' dir='ltr'>cum</span> <span class='ocrx_word' id='word_1_91' title='bbox 2414 1720 2479 1780; x_wconf 87' lang='lat' dir='ltr'>et</span> <span class='ocrx_word' id='word_1_92' title='bbox 2533 1715 2772 1800; x_wconf 85' lang='lat' dir='ltr'>optime</span> 
     </span>
     <span class='ocr_line' id='line_1_14' title="bbox 478 1823 2770 1909; baseline 0 -23"><span class='ocrx_word' id='word_1_93' title='bbox 478 1823 757 1900; x_wconf 85' lang='lat' dir='ltr'>noueris,</span> <span class='ocrx_word' id='word_1_94' title='bbox 832 1825 1139 1905; x_wconf 86' lang='lat' dir='ltr'>quantum</span> <span class='ocrx_word' id='word_1_95' title='bbox 1206 1841 1353 1888; x_wconf 86' lang='lat' dir='ltr'>eum</span> <span class='ocrx_word' id='word_1_96' title='bbox 1416 1823 1677 1909; x_wconf 82' lang='lat' dir='ltr'>diligam</span> <span class='ocrx_word' id='word_1_97' title='bbox 1742 1827 2102 1906; x_wconf 82' lang='lat' dir='ltr'>quantoque</span> <span class='ocrx_word' id='word_1_98' title='bbox 2175 1824 2334 1888; x_wconf 90' lang='lat' dir='ltr'>mihi</span> <span class='ocrx_word' id='word_1_99' title='bbox 2398 1823 2600 1889; x_wconf 88' lang='lat' dir='ltr'>dolori</span> <span class='ocrx_word' id='word_1_100' title='bbox 2665 1823 2770 1902; x_wconf 82' lang='lat' dir='ltr'>sit,</span> 
     </span>
     <span class='ocr_line' id='line_1_15' title="bbox 482 1927 2774 2014; baseline 0.001 -22"><span class='ocrx_word' id='word_1_101' title='bbox 482 1928 653 2012; x_wconf 89' lang='lat' dir='ltr'>quod</span> <span class='ocrx_word' id='word_1_102' title='bbox 709 1928 988 1994; x_wconf 89' lang='lat' dir='ltr'>noudum</span> <span class='ocrx_word' id='word_1_103' title='bbox 1046 1927 1442 1995; x_wconf 85' lang='lat' dir='ltr'>Christianus</span> <span class='ocrx_word' id='word_1_104' title='bbox 1498 1932 1616 2007; x_wconf 88' lang='lat' dir='ltr'>est,</span> <span class='ocrx_word' id='word_1_105' title='bbox 1684 1932 1748 1994; x_wconf 86' lang='lat' dir='ltr'>et</span> <span class='ocrx_word' id='word_1_106' title='bbox 1809 1930 2033 2014; x_wconf 86' lang='lat' dir='ltr'>utique</span> <span class='ocrx_word' id='word_1_107' title='bbox 2087 1949 2208 1996; x_wconf 87' lang='lat' dir='ltr'>non</span> <span class='ocrx_word' id='word_1_108' title='bbox 2259 1930 2774 1996; x_wconf 84' lang='lat' dir='ltr'>inconuenienter</span> 
     </span>
     <span class='ocr_line' id='line_1_16' title="bbox 482 2035 2771 2122; baseline 0.001 -23"><span class='ocrx_word' id='word_1_109' title='bbox 482 2035 751 2101; x_wconf 83' lang='lat' dir='ltr'>arbitror</span> <span class='ocrx_word' id='word_1_110' title='bbox 796 2055 962 2115; x_wconf 89' lang='lat' dir='ltr'>eum,</span> <span class='ocrx_word' id='word_1_111' title='bbox 1022 2055 1221 2122; x_wconf 28' lang='lat' dir='ltr'>quem·</span> <span class='ocrx_word' id='word_1_112' title='bbox 1255 2036 1440 2100; x_wconf 87' lang='lat' dir='ltr'>uideo</span> <span class='ocrx_word' id='word_1_113' title='bbox 1487 2037 1647 2101; x_wconf 86' lang='lat' dir='ltr'>mihi</span> <span class='ocrx_word' id='word_1_114' title='bbox 1693 2037 2034 2102; x_wconf 79' lang='lat' dir='ltr'>rescribere</span> <span class='ocrx_word' id='word_1_115' title='bbox 2081 2037 2384 2116; x_wconf 86' lang='lat' dir='ltr'>noluisse,</span> <span class='ocrx_word' id='word_1_116' title='bbox 2442 2037 2602 2102; x_wconf 90' lang='lat' dir='ltr'>nihil</span> <span class='ocrx_word' id='word_1_117' title='bbox 2647 2037 2771 2102; x_wconf 86' lang='lat' dir='ltr'>sibi</span> 
     </span>
    </p>
   </div>
   <div class='ocr_carea' id='block_1_6' title="bbox 692 2295 2773 2903">
    <p class='ocr_par' dir='ltr' id='par_1_6' title="bbox 694 2295 2773 2442">
     <span class='ocr_line' id='line_1_17' title="bbox 694 2295 2773 2367; baseline 0 -17"><span class='ocrx_word' id='word_1_118' title='bbox 694 2295 765 2350; x_wconf 87' lang='lat' dir='ltr'><em>H</em></span> <span class='ocrx_word' id='word_1_119' title='bbox 807 2321 872 2342; x_wconf 87' lang='lat'><strong><em>=</em></strong></span> <span class='ocrx_word' id='word_1_120' title='bbox 912 2297 1029 2352; x_wconf 78' lang='lat' dir='ltr'>cod.</span> <span class='ocrx_word' id='word_1_121' title='bbox 1069 2298 1375 2352; x_wconf 76' lang='lat' dir='ltr'>Palatinus</span> <span class='ocrx_word' id='word_1_122' title='bbox 1412 2301 1513 2350; x_wconf 79' lang='lat'>211</span> <span class='ocrx_word' id='word_1_123' title='bbox 1538 2314 1581 2351; x_wconf 87' lang='lat'>3.</span> <span class='ocrx_word' id='word_1_124' title='bbox 1611 2299 1672 2350; x_wconf 87' lang='lat' dir='ltr'><strong><em>X</em></strong></span> <span class='ocrx_word' id='word_1_125' title='bbox 1677 2317 1697 2362; x_wconf 92' lang='lat'>‚·</span> <span class='ocrx_word' id='word_1_126' title='bbox 1727 2297 1870 2351; x_wconf 77' lang='lat' dir='ltr'>deest</span> <span class='ocrx_word' id='word_1_127' title='bbox 1896 2296 2120 2351; x_wconf 77' lang='lat' dir='ltr'>initium</span> <span class='ocrx_word' id='word_1_128' title='bbox 2147 2315 2316 2367; x_wconf 68' lang='lat' dir='ltr'>usque</span> <span class='ocrx_word' id='word_1_129' title='bbox 2345 2298 2500 2366; x_wconf 82' lang='lat' dir='ltr'>adp.</span> <span class='ocrx_word' id='word_1_130' title='bbox 2537 2301 2670 2360; x_wconf 75' lang='lat'><strong><em>545,</em></strong></span> <span class='ocrx_word' id='word_1_131' title='bbox 2701 2301 2773 2350; x_wconf 80' lang='lat'>14</span> 
     </span>
     <span class='ocr_line' id='line_1_18' title="bbox 694 2385 1816 2442; baseline -0.002 0"><span class='ocrx_word' id='word_1_132' title='bbox 694 2387 768 2442; x_wconf 98' lang='lat' dir='ltr'><strong><em>M</em></strong></span> <span class='ocrx_word' id='word_1_133' title='bbox 803 2412 869 2433; x_wconf 94' lang='lat'>=</span> <span class='ocrx_word' id='word_1_134' title='bbox 909 2387 1025 2441; x_wconf 79' lang='lat' dir='ltr'>cod.</span> <span class='ocrx_word' id='word_1_135' title='bbox 1062 2387 1423 2441; x_wconf 73' lang='lat' dir='ltr'>Monacensis</span> <span class='ocrx_word' id='word_1_136' title='bbox 1465 2389 1626 2440; x_wconf 82' lang='lat'><strong><em>6266</em></strong></span> <span class='ocrx_word' id='word_1_137' title='bbox 1659 2403 1702 2440; x_wconf 97' lang='lat'>3.</span> <span class='ocrx_word' id='word_1_138' title='bbox 1744 2385 1816 2440; x_wconf 88' lang='lat' dir='ltr'>X.</span> 
     </span>
    </p>

    <p class='ocr_par' dir='ltr' id='par_1_7' title="bbox 693 2475 2351 2545">
     <span class='ocr_line' id='line_1_19' title="bbox 693 2475 2351 2545; baseline -0.001 -15"><span class='ocrx_word' id='word_1_139' title='bbox 693 2477 749 2530; x_wconf 76' lang='lat' dir='ltr'><strong><em>A</em></strong></span> <span class='ocrx_word' id='word_1_140' title='bbox 802 2499 871 2522; x_wconf 93' lang='lat'>=</span> <span class='ocrx_word' id='word_1_141' title='bbox 909 2477 1026 2531; x_wconf 81' lang='lat' dir='ltr'>cod.</span> <span class='ocrx_word' id='word_1_142' title='bbox 1066 2475 1682 2545; x_wconf 71' lang='lat' dir='ltr'>Andomaropolitanue</span> <span class='ocrx_word' id='word_1_143' title='bbox 1723 2479 1815 2536; x_wconf 79' lang='lat'>76,</span> <span class='ocrx_word' id='word_1_144' title='bbox 1857 2478 1912 2538; x_wconf 87' lang='grc'>8,</span> <span class='ocrx_word' id='word_1_145' title='bbox 1957 2477 1992 2528; x_wconf 87' lang='grc'><em>9</em></span> <span class='ocrx_word' id='word_1_146' title='bbox 2026 2491 2068 2528; x_wconf 88' lang='lat'>3.</span> <span class='ocrx_word' id='word_1_147' title='bbox 2108 2475 2351 2529; x_wconf 87' lang='lat' dir='ltr'><strong><em>X—XI.</em></strong></span> 
     </span>
    </p>

    <p class='ocr_par' dir='ltr' id='par_1_8' title="bbox 702 2563 1780 2621">
     <span class='ocr_line' id='line_1_20' title="bbox 702 2563 1780 2621; baseline -0.001 -3"><span class='ocrx_word' id='word_1_148' title='bbox 702 2565 747 2618; x_wconf 88' lang='lat' dir='ltr'><strong><em>C</em></strong></span> <span class='ocrx_word' id='word_1_149' title='bbox 800 2589 868 2611; x_wconf 79' lang='lat'><strong>=</strong></span> <span class='ocrx_word' id='word_1_150' title='bbox 908 2565 1025 2621; x_wconf 83' lang='lat' dir='ltr'>cod.</span> <span class='ocrx_word' id='word_1_151' title='bbox 1069 2564 1391 2620; x_wconf 66' lang='lat' dir='ltr'>Casinevwis</span> <span class='ocrx_word' id='word_1_152' title='bbox 1429 2563 1551 2618; x_wconf 81' lang='lat'>16¹⁹</span> <span class='ocrx_word' id='word_1_153' title='bbox 1586 2581 1630 2618; x_wconf 87' lang='lat'>3.</span> <span class='ocrx_word' id='word_1_154' title='bbox 1669 2565 1780 2618; x_wconf 95' lang='lat' dir='ltr'>XI.</span> 
     </span>
    </p>

    <p class='ocr_par' dir='ltr' id='par_1_9' title="bbox 695 2653 2116 2722">
     <span class='ocr_line' id='line_1_21' title="bbox 695 2653 2116 2722; baseline 0 -16"><span class='ocrx_word' id='word_1_155' title='bbox 695 2653 750 2706; x_wconf 92' lang='lat' dir='ltr'><strong><em>P</em></strong></span> <span class='ocrx_word' id='word_1_156' title='bbox 802 2679 869 2700; x_wconf 91' lang='lat'>=</span> <span class='ocrx_word' id='word_1_157' title='bbox 908 2655 1023 2708; x_wconf 86' lang='lat' dir='ltr'>cod.</span> <span class='ocrx_word' id='word_1_158' title='bbox 1064 2654 1368 2709; x_wconf 70' lang='lat' dir='ltr'>Parisinus</span> <span class='ocrx_word' id='word_1_159' title='bbox 1402 2670 1533 2708; x_wconf 75' lang='lat' dir='ltr'>nou.</span> <span class='ocrx_word' id='word_1_160' title='bbox 1576 2670 1692 2722; x_wconf 76' lang='lat' dir='ltr'>acq.</span> <span class='ocrx_word' id='word_1_161' title='bbox 1731 2657 1887 2707; x_wconf 73' lang='lat'>1444</span> <span class='ocrx_word' id='word_1_162' title='bbox 1923 2669 1966 2708; x_wconf 83' lang='lat'>3.</span> <span class='ocrx_word' id='word_1_163' title='bbox 2007 2655 2116 2708; x_wconf 89' lang='lat' dir='ltr'>XI.</span> 
     </span>
    </p>

    <p class='ocr_par' dir='ltr' id='par_1_10' title="bbox 700 2742 1830 2814">
     <span class='ocr_line' id='line_1_22' title="bbox 700 2742 1830 2814; baseline -0.001 -18"><span class='ocrx_word' id='word_1_164' title='bbox 700 2742 753 2796; x_wconf 76' lang='lat' dir='ltr'><em>G</em></span> <span class='ocrx_word' id='word_1_165' title='bbox 798 2767 867 2790; x_wconf 90' lang='lat'><strong><em>=</em></strong></span> <span class='ocrx_word' id='word_1_166' title='bbox 906 2743 1023 2798; x_wconf 82' lang='lat' dir='ltr'>cod.</span> <span class='ocrx_word' id='word_1_167' title='bbox 1063 2742 1449 2814; x_wconf 64' lang='lat' dir='ltr'>Sangallemis</span> <span class='ocrx_word' id='word_1_168' title='bbox 1484 2745 1600 2798; x_wconf 80' lang='lat'>148</span> <span class='ocrx_word' id='word_1_169' title='bbox 1634 2759 1676 2797; x_wconf 90' lang='lat'>3.</span> <span class='ocrx_word' id='word_1_170' title='bbox 1716 2743 1830 2796; x_wconf 85' lang='lat' dir='ltr'>XI.</span> 
     </span>
    </p>

    <p class='ocr_par' dir='ltr' id='par_1_11' title="bbox 692 2833 1816 2903">
     <span class='ocr_line' id='line_1_23' title="bbox 692 2833 1816 2903; baseline -0.002 -15"><span class='ocrx_word' id='word_1_171' title='bbox 692 2833 755 2888; x_wconf 82' lang='lat' dir='ltr'><em>E</em></span> <span class='ocrx_word' id='word_1_172' title='bbox 798 2857 865 2879; x_wconf 93' lang='lat'><strong><em>=</em></strong></span> <span class='ocrx_word' id='word_1_173' title='bbox 904 2833 1022 2888; x_wconf 84' lang='lat' dir='ltr'>cod.</span> <span class='ocrx_word' id='word_1_174' title='bbox 1059 2833 1427 2903; x_wconf 75' lang='lat' dir='ltr'>Erlanyemis</span> <span class='ocrx_word' id='word_1_175' title='bbox 1464 2837 1587 2886; x_wconf 80' lang='lat'>272</span> <span class='ocrx_word' id='word_1_176' title='bbox 1623 2849 1665 2886; x_wconf 89' lang='lat'>3.</span> <span class='ocrx_word' id='word_1_177' title='bbox 1705 2833 1816 2886; x_wconf 89' lang='lat' dir='ltr'>XI.</span> 
     </span>
    </p>
   </div>
   <div class='ocr_carea' id='block_1_7' title="bbox 690 3007 2774 3331">
    <p class='ocr_par' dir='ltr' id='par_1_12' title="bbox 690 3007 2774 3331">
     <span class='ocr_line' id='line_1_24' title="bbox 690 3007 2713 3074; baseline 0.001 -12"><span class='ocrx_word' id='word_1_178' title='bbox 690 3009 769 3062; x_wconf 87' lang='lat' dir='ltr'>P²</span> <span class='ocrx_word' id='word_1_179' title='bbox 793 3033 861 3054; x_wconf 92' lang='lat'>=</span> <span class='ocrx_word' id='word_1_180' title='bbox 898 3007 1017 3064; x_wconf 80' lang='lat' dir='ltr'>cod.</span> <span class='ocrx_word' id='word_1_181' title='bbox 1055 3008 1359 3062; x_wconf 61' lang='lat' dir='ltr'>Parisinus</span> <span class='ocrx_word' id='word_1_182' title='bbox 1392 3011 1577 3062; x_wconf 80' lang='lat'><strong><em>12193</em></strong></span> <span class='ocrx_word' id='word_1_183' title='bbox 1612 3025 1655 3062; x_wconf 91' lang='lat'>3.</span> <span class='ocrx_word' id='word_1_184' title='bbox 1696 3010 1805 3064; x_wconf 88' lang='lat' dir='ltr'>IX.</span> <span class='ocrx_word' id='word_1_185' title='bbox 2021 3063 2031 3074; x_wconf 82' lang='grc'><em>,</em></span> <span class='ocrx_word' id='word_1_186' title='bbox 2701 3061 2713 3073; x_wconf 83' lang='grc'><em>,</em></span> 
     </span>
     <span class='ocr_line' id='line_1_25' title="bbox 692 3067 2771 3152; baseline -0.004 -1"><span class='ocrx_word' id='word_1_187' title='bbox 692 3097 771 3151; x_wconf 78' lang='lat'>1³²</span> <span class='ocrx_word' id='word_1_188' title='bbox 794 3122 862 3144; x_wconf 87' lang='lat'>=</span> <span class='ocrx_word' id='word_1_189' title='bbox 901 3097 1016 3152; x_wconf 74' lang='lat' dir='ltr'>coa.</span> <span class='ocrx_word' id='word_1_190' title='bbox 1054 3098 1357 3152; x_wconf 62' lang='lat' dir='ltr'>Parisinus</span> <span class='ocrx_word' id='word_1_191' title='bbox 1392 3081 1586 3152; x_wconf 62' lang='lat'>12:226</span> <span class='ocrx_word' id='word_1_192' title='bbox 1623 3116 1664 3152; x_wconf 68' lang='lat' dir='ltr'>s.</span> <span class='ocrx_word' id='word_1_193' title='bbox 1703 3099 1815 3152; x_wconf 84' lang='lat' dir='ltr'>IX.</span> <span class='ocrx_word' id='word_1_194' title='bbox 1931 3079 2178 3130; x_wconf 60' lang='lat' dir='ltr'>prumam</span> <span class='ocrx_word' id='word_1_195' title='bbox 2228 3068 2447 3116; x_wconf 61' lang='lat' dir='ltr'>mmm</span> <span class='ocrx_word' id='word_1_196' title='bbox 2495 3067 2771 3132; x_wconf 59' lang='lat' dir='ltr'>quaestuo-</span> 
     </span>
     <span class='ocr_line' id='line_1_26' title="bbox 693 3153 2774 3256; baseline -0.004 -14"><span class='ocrx_word' id='word_1_197' title='bbox 693 3186 742 3242; x_wconf 79' lang='lat' dir='ltr'><strong><em>S</em></strong></span> <span class='ocrx_word' id='word_1_198' title='bbox 798 3211 867 3232; x_wconf 89' lang='lat'><em>=</em></span> <span class='ocrx_word' id='word_1_199' title='bbox 904 3185 1023 3242; x_wconf 82' lang='lat' dir='ltr'>cod.</span> <span class='ocrx_word' id='word_1_200' title='bbox 1061 3185 1445 3256; x_wconf 62' lang='lat' dir='ltr'>Sangalleneis</span> <span class='ocrx_word' id='word_1_201' title='bbox 1489 3189 1604 3241; x_wconf 79' lang='lat'>174</span> <span class='ocrx_word' id='word_1_202' title='bbox 1637 3203 1683 3240; x_wconf 87' lang='lat'>3.</span> <span class='ocrx_word' id='word_1_203' title='bbox 1721 3188 1831 3244; x_wconf 86' lang='lat' dir='ltr'>IX.</span> <span class='ocrx_word' id='word_1_204' title='bbox 1941 3167 2062 3206; x_wconf 64' lang='lat' dir='ltr'>mm</span> <span class='ocrx_word' id='word_1_205' title='bbox 2101 3169 2138 3204; x_wconf 69' lang='lat' dir='ltr'><strong><em>a</em></strong></span> <span class='ocrx_word' id='word_1_206' title='bbox 2164 3169 2226 3222; x_wconf 75' lang='lat' dir='ltr'>P·</span> <span class='ocrx_word' id='word_1_207' title='bbox 2263 3154 2397 3218; x_wconf 72' lang='lat'><em>545⁷</em></span> <span class='ocrx_word' id='word_1_208' title='bbox 2426 3153 2702 3218; x_wconf 65' lang='lat'><em>17—551’</em></span> <span class='ocrx_word' id='word_1_209' title='bbox 2736 3158 2774 3208; x_wconf 80' lang='lat'><strong><em>3</em></strong></span> 
     </span>
     <span class='ocr_line' id='line_1_27' title="bbox 694 3241 2464 3331; baseline -0.004 -2"><span class='ocrx_word' id='word_1_210' title='bbox 694 3274 771 3329; x_wconf 81' lang='lat'>1²³</span> <span class='ocrx_word' id='word_1_211' title='bbox 796 3299 863 3322; x_wconf 88' lang='lat'>=</span> <span class='ocrx_word' id='word_1_212' title='bbox 904 3275 1020 3331; x_wconf 77' lang='lat' dir='ltr'>coa.</span> <span class='ocrx_word' id='word_1_213' title='bbox 1058 3275 1362 3330; x_wconf 67' lang='lat' dir='ltr'>Parisinus</span> <span class='ocrx_word' id='word_1_214' title='bbox 1394 3278 1548 3330; x_wconf 84' lang='lat'><strong><em>1953</em></strong></span> <span class='ocrx_word' id='word_1_215' title='bbox 1582 3293 1625 3329; x_wconf 75' lang='lat' dir='ltr'>s.</span> <span class='ocrx_word' id='word_1_216' title='bbox 1663 3276 1776 3330; x_wconf 78' lang='lat' dir='ltr'>XI.</span> <span class='ocrx_word' id='word_1_217' title='bbox 1825 3257 1832 3266; x_wconf 83' lang='grc'><strong><em>’</em></strong></span> <span class='ocrx_word' id='word_1_218' title='bbox 2245 3241 2464 3296; x_wconf 62' lang='lat' dir='ltr'>&#39;‘aben‘-</span> 
     </span>
    </p>
   </div>
   <div class='ocr_carea' id='block_1_8' title="bbox 690 3449 2772 3696">
    <p class='ocr_par' dir='ltr' id='par_1_13' title="bbox 690 3449 2772 3696">
     <span class='ocr_line' id='line_1_28' title="bbox 690 3449 1789 3518; baseline -0.003 -12"><span class='ocrx_word' id='word_1_219' title='bbox 690 3450 943 3518; x_wconf 70' lang='lat' dir='ltr'>Euyippi</span> <span class='ocrx_word' id='word_1_220' title='bbox 976 3454 1232 3518; x_wconf 63' lang='lat' dir='ltr'>excerpta</span> <span class='ocrx_word' id='word_1_221' title='bbox 1270 3449 1380 3516; x_wconf 76' lang='lat' dir='ltr'>(cd.</span> <span class='ocrx_word' id='word_1_222' title='bbox 1416 3449 1482 3504; x_wconf 90' lang='lat' dir='ltr'>P.</span> <span class='ocrx_word' id='word_1_223' title='bbox 1520 3449 1789 3515; x_wconf 72' lang='lat' dir='ltr'>Knoell).-</span> 
     </span>
     <span class='ocr_line' id='line_1_29' title="bbox 1008 3538 2772 3611; baseline 0.001 -18"><span class='ocrx_word' id='word_1_224' title='bbox 1008 3557 1065 3608; x_wconf 77' lang='lat' dir='ltr'>p.</span> <span class='ocrx_word' id='word_1_225' title='bbox 1103 3541 1267 3602; x_wconf 87' lang='lat'><strong><em>1013,</em></strong></span> <span class='ocrx_word' id='word_1_226' title='bbox 1313 3541 1581 3604; x_wconf 83' lang='lat'><strong><em>5-1015‚</em></strong></span> <span class='ocrx_word' id='word_1_227' title='bbox 1626 3541 1662 3592; x_wconf 87' lang='lat'><em>9</em></span> <span class='ocrx_word' id='word_1_228' title='bbox 1697 3563 1766 3586; x_wconf 90' lang='lat'>=-.</span> <span class='ocrx_word' id='word_1_229' title='bbox 1803 3556 1864 3608; x_wconf 76' lang='lat' dir='ltr'>p.</span> <span class='ocrx_word' id='word_1_230' title='bbox 1910 3541 2044 3607; x_wconf 80' lang='lat'><strong><em>546,</em></strong></span> <span class='ocrx_word' id='word_1_231' title='bbox 2091 3543 2164 3592; x_wconf 86' lang='lat'>13</span> <span class='ocrx_word' id='word_1_232' title='bbox 2210 3538 2378 3611; x_wconf 81' lang='lat' dir='ltr'>(ideo)</span> <span class='ocrx_word' id='word_1_233' title='bbox 2418 3571 2486 3579; x_wconf 92' lang='lat'><strong>—</strong></span> <span class='ocrx_word' id='word_1_234' title='bbox 2530 3541 2662 3604; x_wconf 79' lang='lat'><strong><em>549,</em></strong></span> <span class='ocrx_word' id='word_1_235' title='bbox 2701 3543 2772 3594; x_wconf 77' lang='lat'>21</span> 
     </span>
     <span class='ocr_line' id='line_1_30' title="bbox 1003 3630 2272 3696; baseline 0.001 -15"><span class='ocrx_word' id='word_1_236' title='bbox 1003 3644 1064 3696; x_wconf 79' lang='lat' dir='ltr'>p.</span> <span class='ocrx_word' id='word_1_237' title='bbox 1102 3630 1263 3694; x_wconf 89' lang='lat'><strong><em>1015,</em></strong></span> <span class='ocrx_word' id='word_1_238' title='bbox 1304 3631 1535 3682; x_wconf 81' lang='lat'><strong><em>10—29</em></strong></span> <span class='ocrx_word' id='word_1_239' title='bbox 1572 3652 1640 3674; x_wconf 88' lang='lat'>=</span> <span class='ocrx_word' id='word_1_240' title='bbox 1669 3645 1729 3696; x_wconf 80' lang='lat' dir='ltr'>p.</span> <span class='ocrx_word' id='word_1_241' title='bbox 1775 3630 1909 3695; x_wconf 87' lang='lat'><strong><em>550,</em></strong></span> <span class='ocrx_word' id='word_1_242' title='bbox 1953 3630 2192 3692; x_wconf 86' lang='lat'><strong><em>5-551‚</em></strong></span> <span class='ocrx_word' id='word_1_243' title='bbox 2234 3631 2272 3682; x_wconf 87' lang='lat'><em>3</em></span> 
     </span>
    </p>
   </div>
   <div class='ocr_carea' id='block_1_9' title="bbox 474 3788 2780 4394">
    <p class='ocr_par' dir='ltr' id='par_1_14' title="bbox 474 3788 2780 4394">
     <span class='ocr_line' id='line_1_31' title="bbox 548 3788 2774 3859; baseline 0.001 -17"><span class='ocrx_word' id='word_1_244' title='bbox 548 3789 583 3842; x_wconf 88' lang='lat'>4</span> <span class='ocrx_word' id='word_1_245' title='bbox 620 3788 846 3842; x_wconf 84' lang='lat' dir='ltr'>uoluisti</span> <span class='ocrx_word' id='word_1_246' title='bbox 882 3788 937 3841; x_wconf 78' lang='lat' dir='ltr'><strong><em>A</em></strong></span> <span class='ocrx_word' id='word_1_247' title='bbox 1102 3791 1135 3842; x_wconf 84' lang='lat'>5</span> <span class='ocrx_word' id='word_1_248' title='bbox 1170 3789 1325 3842; x_wconf 70' lang='lat' dir='ltr'>nosti!</span> <span class='ocrx_word' id='word_1_249' title='bbox 1349 3807 1389 3840; x_wconf 61' lang='lat'>&#39;⁴1</span> <span class='ocrx_word' id='word_1_250' title='bbox 1430 3793 1562 3853; x_wconf 71' lang='grc' dir='ltr'><strong>(ωε.</strong></span> <span class='ocrx_word' id='word_1_251' title='bbox 1604 3793 1747 3842; x_wconf 77' lang='grc'>1-2</span> <span class='ocrx_word' id='word_1_252' title='bbox 1783 3789 1843 3859; x_wconf 86' lang='grc' dir='ltr'>Ζ.)</span> <span class='ocrx_word' id='word_1_253' title='bbox 1879 3788 1954 3842; x_wconf 88' lang='lat' dir='ltr'><strong><em>M</em></strong></span> <span class='ocrx_word' id='word_1_254' title='bbox 2085 3791 2116 3844; x_wconf 90' lang='lat'>6</span> <span class='ocrx_word' id='word_1_255' title='bbox 2155 3789 2476 3844; x_wconf 80' lang='lat' dir='ltr'>liberantius</span> <span class='ocrx_word' id='word_1_256' title='bbox 2512 3791 2568 3844; x_wconf 83' lang='grc' dir='ltr'><strong><em>Δ</em></strong></span> <span class='ocrx_word' id='word_1_257' title='bbox 2714 3793 2774 3844; x_wconf 81' lang='lat' dir='ltr'>at</span> 
     </span>
     <span class='ocr_line' id='line_1_32' title="bbox 476 3876 2775 3948; baseline 0 -17"><span class='ocrx_word' id='word_1_258' title='bbox 476 3879 603 3948; x_wconf 85' lang='lat' dir='ltr'>ego]</span> <span class='ocrx_word' id='word_1_259' title='bbox 644 3876 713 3931; x_wconf 85' lang='lat' dir='ltr'>ad</span> <span class='ocrx_word' id='word_1_260' title='bbox 752 3893 815 3932; x_wconf 78' lang='lat' dir='ltr'>ea</span> <span class='ocrx_word' id='word_1_261' title='bbox 857 3878 909 3932; x_wconf 79' lang='lat' dir='ltr'><strong><em>G</em></strong></span> <span class='ocrx_word' id='word_1_262' title='bbox 1015 3894 1289 3947; x_wconf 63' lang='lat' dir='ltr'>prowvuea</span> <span class='ocrx_word' id='word_1_263' title='bbox 1314 3877 1377 3932; x_wconf 85' lang='grc' dir='ltr'><em>Ε</em></span> <span class='ocrx_word' id='word_1_264' title='bbox 1481 3879 1509 3930; x_wconf 86' lang='grc'><strong>7</strong></span> <span class='ocrx_word' id='word_1_265' title='bbox 1548 3877 1696 3947; x_wconf 80' lang='lat' dir='ltr'>illas]</span> <span class='ocrx_word' id='word_1_266' title='bbox 1724 3877 1834 3932; x_wconf 83' lang='lat' dir='ltr'>illis</span> <span class='ocrx_word' id='word_1_267' title='bbox 1863 3877 1940 3931; x_wconf 89' lang='lat' dir='ltr'><strong><em>M</em></strong></span> <span class='ocrx_word' id='word_1_268' title='bbox 2040 3877 2073 3932; x_wconf 90' lang='grc'>8</span> <span class='ocrx_word' id='word_1_269' title='bbox 2113 3878 2447 3933; x_wconf 82' lang='lat' dir='ltr'>conicidatur</span> <span class='ocrx_word' id='word_1_270' title='bbox 2473 3879 2584 3931; x_wconf 82' lang='grc' dir='ltr'>ΑΡ</span> <span class='ocrx_word' id='word_1_271' title='bbox 2621 3880 2710 3946; x_wconf 88' lang='lat' dir='ltr'>(m.</span> <span class='ocrx_word' id='word_1_272' title='bbox 2735 3883 2775 3932; x_wconf 81' lang='lat'><strong><em>2</em></strong></span> 
     </span>
     <span class='ocr_line' id='line_1_33' title="bbox 477 3965 2773 4036; baseline 0.001 -16"><span class='ocrx_word' id='word_1_273' title='bbox 477 3965 629 4032; x_wconf 77' lang='lat' dir='ltr'>disi.)</span> <span class='ocrx_word' id='word_1_274' title='bbox 668 3967 993 4030; x_wconf 80' lang='lat' dir='ltr'>concidatur,</span> <span class='ocrx_word' id='word_1_275' title='bbox 1030 3970 1157 4020; x_wconf 82' lang='lat' dir='ltr'>m.2</span> <span class='ocrx_word' id='word_1_276' title='bbox 1192 3966 1523 4021; x_wconf 81' lang='lat' dir='ltr'>coucedatur</span> <span class='ocrx_word' id='word_1_277' title='bbox 1556 3966 1633 4019; x_wconf 84' lang='lat' dir='ltr'><strong><em>M</em></strong></span> <span class='ocrx_word' id='word_1_278' title='bbox 1797 3967 1830 4021; x_wconf 84' lang='lat'>9</span> <span class='ocrx_word' id='word_1_279' title='bbox 1869 3965 2132 4036; x_wconf 73' lang='lat' dir='ltr'>epistula·</span> <span class='ocrx_word' id='word_1_280' title='bbox 2171 3982 2275 4022; x_wconf 84' lang='lat' dir='ltr'>om.</span> <span class='ocrx_word' id='word_1_281' title='bbox 2313 3968 2374 4021; x_wconf 82' lang='lat' dir='ltr'><strong><em>E</em></strong></span> <span class='ocrx_word' id='word_1_282' title='bbox 2513 3983 2773 4022; x_wconf 84' lang='lat' dir='ltr'>uerecun-</span> 
     </span>
     <span class='ocr_line' id='line_1_34' title="bbox 477 4055 2772 4126; baseline 0 -17"><span class='ocrx_word' id='word_1_283' title='bbox 477 4055 640 4110; x_wconf 82' lang='lat' dir='ltr'>datur</span> <span class='ocrx_word' id='word_1_284' title='bbox 677 4058 760 4121; x_wconf 83' lang='lat' dir='ltr'>(at</span> <span class='ocrx_word' id='word_1_285' title='bbox 794 4073 861 4110; x_wconf 65' lang='grc' dir='ltr'>επ</span> <span class='ocrx_word' id='word_1_286' title='bbox 898 4071 1053 4120; x_wconf 70' lang='lat' dir='ltr'>corr„</span> <span class='ocrx_word' id='word_1_287' title='bbox 1081 4055 1265 4123; x_wconf 74' lang='lat' dir='ltr'>fuisse</span> <span class='ocrx_word' id='word_1_288' title='bbox 1298 4055 1413 4110; x_wconf 78' lang='lat' dir='ltr'>uid.</span> <span class='ocrx_word' id='word_1_289' title='bbox 1455 4059 1569 4122; x_wconf 84' lang='lat' dir='ltr'>ant)</span> <span class='ocrx_word' id='word_1_290' title='bbox 1607 4055 1654 4110; x_wconf 84' lang='lat'><em>0</em></span> <span class='ocrx_word' id='word_1_291' title='bbox 1761 4055 1825 4109; x_wconf 91' lang='grc'><em>10</em></span> <span class='ocrx_word' id='word_1_292' title='bbox 1863 4056 2033 4124; x_wconf 88' lang='lat' dir='ltr'>sequi,</span> <span class='ocrx_word' id='word_1_293' title='bbox 2071 4055 2168 4110; x_wconf 75' lang='lat' dir='ltr'>sed</span> <span class='ocrx_word' id='word_1_294' title='bbox 2203 4073 2260 4110; x_wconf 84' lang='lat' dir='ltr'>se</span> <span class='ocrx_word' id='word_1_295' title='bbox 2299 4057 2402 4110; x_wconf 77' lang='lat' dir='ltr'>del.</span> <span class='ocrx_word' id='word_1_296' title='bbox 2441 4061 2493 4110; x_wconf 83' lang='lat' dir='ltr'>et</span> <span class='ocrx_word' id='word_1_297' title='bbox 2519 4062 2652 4126; x_wconf 75' lang='lat' dir='ltr'>post</span> <span class='ocrx_word' id='word_1_298' title='bbox 2679 4057 2772 4125; x_wconf 88' lang='lat' dir='ltr'>qui</span> 
     </span>
     <span class='ocr_line' id='line_1_35' title="bbox 474 4143 2780 4212; baseline 0.001 -14"><span class='ocrx_word' id='word_1_299' title='bbox 474 4149 607 4200; x_wconf 53' lang='grc' dir='ltr'>ΜΒ</span> <span class='ocrx_word' id='word_1_300' title='bbox 646 4143 776 4202; x_wconf 83' lang='lat' dir='ltr'>add.</span> <span class='ocrx_word' id='word_1_301' title='bbox 821 4145 873 4199; x_wconf 73' lang='lat' dir='ltr'><strong><em>G</em></strong></span> <span class='ocrx_word' id='word_1_302' title='bbox 1090 4146 1156 4198; x_wconf 82' lang='lat'>12</span> <span class='ocrx_word' id='word_1_303' title='bbox 1196 4161 1313 4198; x_wconf 84' lang='lat' dir='ltr'>eam</span> <span class='ocrx_word' id='word_1_304' title='bbox 1348 4145 1421 4197; x_wconf 87' lang='lat' dir='ltr'><strong><em>M</em></strong></span> <span class='ocrx_word' id='word_1_305' title='bbox 1458 4145 1646 4210; x_wconf 75' lang='lat' dir='ltr'><strong><em>(m.1?</em></strong></span> <span class='ocrx_word' id='word_1_306' title='bbox 1683 4160 1820 4198; x_wconf 68' lang='lat' dir='ltr'>corr.</span> <span class='ocrx_word' id='word_1_307' title='bbox 1861 4152 2001 4212; x_wconf 87' lang='lat' dir='ltr'>eum)</span> <span class='ocrx_word' id='word_1_308' title='bbox 2039 4146 2092 4197; x_wconf 81' lang='lat' dir='ltr'><strong><em>A</em></strong></span> <span class='ocrx_word' id='word_1_309' title='bbox 2337 4144 2508 4198; x_wconf 87' lang='lat' dir='ltr'>dolori</span> <span class='ocrx_word' id='word_1_310' title='bbox 2545 4144 2682 4198; x_wconf 86' lang='lat' dir='ltr'>mihi</span> <span class='ocrx_word' id='word_1_311' title='bbox 2716 4145 2780 4200; x_wconf 86' lang='grc' dir='ltr'><strong><em>Ε</em></strong></span> 
     </span>
     <span class='ocr_line' id='line_1_36' title="bbox 480 4233 2774 4304; baseline 0 -16"><span class='ocrx_word' id='word_1_312' title='bbox 480 4235 546 4290; x_wconf 84' lang='grc'>13</span> <span class='ocrx_word' id='word_1_313' title='bbox 586 4234 793 4304; x_wconf 84' lang='lat' dir='ltr'>utique]</span> <span class='ocrx_word' id='word_1_314' title='bbox 834 4234 901 4287; x_wconf 92' lang='lat' dir='ltr'>ob</span> <span class='ocrx_word' id='word_1_315' title='bbox 940 4233 999 4287; x_wconf 91' lang='lat' dir='ltr'>id</span> <span class='ocrx_word' id='word_1_316' title='bbox 1035 4233 1095 4288; x_wconf 87' lang='lat' dir='ltr'><em>E</em></span> <span class='ocrx_word' id='word_1_317' title='bbox 1291 4236 1357 4289; x_wconf 87' lang='lat'>14</span> <span class='ocrx_word' id='word_1_318' title='bbox 1392 4234 1847 4288; x_wconf 70' lang='lat' dir='ltr'>nihil-uoluisse</span> <span class='ocrx_word' id='word_1_319' title='bbox 1884 4251 1970 4288; x_wconf 85' lang='lat' dir='ltr'>om</span> <span class='ocrx_word' id='word_1_320' title='bbox 1995 4275 2008 4300; x_wconf 84' lang='lat'>‚</span> <span class='ocrx_word' id='word_1_321' title='bbox 2045 4233 2110 4288; x_wconf 74' lang='lat' dir='ltr'>in</span> <span class='ocrx_word' id='word_1_322' title='bbox 2145 4251 2315 4304; x_wconf 65' lang='lat' dir='ltr'>ruam.</span> <span class='ocrx_word' id='word_1_323' title='bbox 2358 4251 2422 4287; x_wconf 80' lang='lat' dir='ltr'>m.</span> <span class='ocrx_word' id='word_1_324' title='bbox 2446 4239 2476 4286; x_wconf 92' lang='lat'><strong><em>1</em></strong></span> <span class='ocrx_word' id='word_1_325' title='bbox 2513 4233 2644 4288; x_wconf 81' lang='lat' dir='ltr'>add.</span> <span class='ocrx_word' id='word_1_326' title='bbox 2683 4251 2774 4288; x_wconf 85' lang='lat' dir='ltr'>me</span> 
     </span>
     <span class='ocr_line' id='line_1_37' title="bbox 474 4323 1163 4394; baseline 0.003 -18"><span class='ocrx_word' id='word_1_327' title='bbox 474 4339 691 4394; x_wconf 83' lang='lat' dir='ltr'>quoque</span> <span class='ocrx_word' id='word_1_328' title='bbox 728 4323 885 4392; x_wconf 81' lang='lat' dir='ltr'>sequi</span> <span class='ocrx_word' id='word_1_329' title='bbox 920 4323 1064 4378; x_wconf 90' lang='lat' dir='ltr'>nolle</span> <span class='ocrx_word' id='word_1_330' title='bbox 1102 4323 1163 4378; x_wconf 77' lang='lat' dir='ltr'><em>E</em></span> 
     </span>
    </p>
   </div>
  </div>
 </body>
</html>
