3184 4959
1108 385 1638 454 epistularum
1695 385 2037 440 LXXXVIII.
2600 389 2728 452 415

426 579 560 662 pati
606 577 1116 662 persecutionem
1165 581 1229 640 et
1274 581 1523 642 nostrae
1572 577 1799 643 domus
1849 579 1928 642 ab
1976 579 2234 644 armatis
2281 579 2513 644 uestris
2563 599 2730 646 com·

428 685 679 770 pilando
747 687 1108 761 uastantur-3
1176 703 1293 750 uos
1360 683 1571 750 dicitis
1637 685 1770 768 pati
1836 687 2345 768 persecutionem
2411 689 2476 752 et
2529 686 2730 751 nostri

430 792 596 858 oculi
645 793 722 858 ab
770 791 1028 856 armatis
1078 791 1312 856 uestris
1360 791 1530 856 calce
1586 795 1652 856 et
1707 797 1886 858 aceto
1943 793 2378 877 extinguntur;
2449 793 2728 878 insuper,

429 900 621 965 etiam
688 898 743 963 si
808 917 969 981 quas
1031 899 1269 962 mortes
1327 897 1452 962 sibi
1506 897 1674 964 ultro
1721 898 2039 982 ingerunt,
2086 898 2270 964 nobis
2317 899 2547 964 uolunt
2591 917 2730 965 esse

370 1027 394 1065 5
430 1005 803 1078 inuidiosas,
852 1003 1038 1069 uobis
1089 1005 1418 1088 gloriosas.
1470 1005 1641 1088 quod
1686 1005 1870 1070 nobis
1919 1005 2182 1082 faciunt,
2231 1005 2354 1070 sibi
2391 1025 2512 1070 non
2551 1006 2732 1089 inpu-

430 1116 569 1177 tant
614 1117 696 1189 et,
747 1111 912 1194 quod
965 1111 1087 1176 sibi
1134 1111 1393 1189 faciunt,
1444 1111 1626 1177 nobis
1671 1111 1985 1196 inputant.
2040 1110 2268 1176 uiuunt
2313 1115 2388 1176 ut
2433 1113 2730 1188 latroneS,

338 1293 341 1298 ,
429 1219 785 1284 moriuntur
858 1221 931 1282 ut
1006 1217 1583 1294 Circumcelliones,
1661 1219 2047 1284 honorantur
2118 1222 2194 1284 ut
2273 1221 2582 1302 martyres
2668 1224 2735 1284 et

300 1649 337 1707 9

350 1565 397 1600 10

348 2101 397 2138 15

348 3171 401 3212 25

430 1331 641 1390 tamen
688 1344 804 1390 nec
848 1326 1126 1390 latrones
1174 1325 1510 1409 aliquando
1560 1327 1928 1392 audiuimus
1976 1345 2106 1404 eos,
2154 1344 2314 1408 quos
2372 1325 2730 1409 depraedati

433 1436 601 1506 sunt,
670 1451 1067 1498 excaecasse:
1138 1432 1383 1498 occisos
1450 1433 1746 1498 auferunt
1809 1433 1958 1508 luci,
2024 1450 2144 1498 non
2209 1432 2382 1498 uiuis
2439 1431 2735 1496 auferunt

435 1541 667 1607 lucem.
1362 1547 1373 1558 ‘

518 1647 654 1711 Nos
699 1645 950 1711 interim
1000 1647 1052 1712 si
1101 1645 1349 1730 quando
1399 1657 1649 1712 uestros
1696 1651 2008 1724 tenemus,
2069 1665 2214 1712 cum
2261 1665 2494 1730 magna
2541 1645 2732 1709 dilec-

431 1755 603 1819 tione
680 1773 1009 1819 seruamus
1086 1754 1381 1832 inlaesos,
1458 1755 1783 1837 loquimur
1856 1755 1946 1818 eis
2023 1757 2086 1819 et
2157 1753 2434 1838 legimus
2501 1752 2730 1817 omnia.

434 1861 667 1943 quibus
717 1880 887 1926 error
930 1861 1071 1943 ipse
1120 1861 1537 1938 conuincitur,
1589 1861 1700 1945 qui
1745 1862 1972 1926 fratres
2021 1880 2058 1924 a
2103 1860 2404 1926 fratribus
2453 1863 2728 1943 separat3

434 1969 725 2044 facimus,
802 1967 973 2050 quod
1059 1967 1351 2032 dominus
1434 1987 1547 2051 per
1619 1969 1872 2034 Esaiam
1959 1968 2328 2052 prophetam
2411 1965 2737 2049 praecepit

438 2075 681 2140 dicens:
730 2074 1049 2150 Audite,
1100 2075 1236 2157 qui
1281 2075 1634 2158 pauetis,
1683 2075 2013 2139 uerbum
2054 2073 2389 2148 dominiz
2442 2073 2732 2138 dicite:

436 2181 783 2246 ‘Fratres
849 2181 1108 2246 nostri
1177 2182 1409 2245 estis‘
1473 2181 1621 2258 his,
1681 2183 1814 2264 qui
1872 2200 2016 2246 uos
2075 2180 2422 2246 oderunt
2478 2183 2555 2244 et
2602 2180 2731 2262 qui

437 2307 578 2352 uos
652 2291 1154 2360 execrantur,
1236 2291 1321 2351 ut
1386 2306 1663 2352 nomen
1741 2286 2043 2351 domini
2120 2286 2736 2352 honorificetur

439 2399 513 2458 et
578 2398 969 2477 appareat
1034 2393 1215 2457 illis
1283 2394 1358 2458 in
1416 2393 1966 2468 iucunditate,
2022 2393 2185 2476 ipsi
2243 2397 2512 2456 autem
2571 2411 2733 2456 eru-

435 2500 795 2566 bescant.
872 2518 945 2564 ac
1017 2500 1109 2564 sic
1184 2500 1431 2580 aliquos
1511 2518 1728 2564 eorum
1805 2499 2272 2564 considerantes
2347 2497 2730 2563 euidentiam

436 2607 725 2672 ueritatis
792 2609 856 2670 et
917 2605 1458 2689 pulchritudinem
1520 2605 1697 2688 pacis
1763 2625 1884 2670 non
1949 2605 2292 2688 baptismo,
2359 2623 2546 2688 quem
2605 2603 2731 2668 iam

438 2714 608 2778 sicut
670 2715 945 2798 regalem
1014 2713 1437 2778 characterem
1512 2717 1839 2794 tamquam
1915 2713 2270 2776 desertores
2343 2712 2730 2792 acceperant,

437 2819 548 2884 sed
597 2819 763 2896 fidei,
813 2840 971 2901 quae
1018 2820 1147 2885 illis
1196 2819 1418 2896 defuit,
1465 2823 1529 2884 et
1566 2819 1830 2900 spiritus
1871 2819 2076 2883 sancti
2117 2817 2362 2882 caritati
2396 2821 2460 2882 et
2499 2816 2734 2882 Christi

439 2927 682 3008 corpori
723 2927 1061 2992 sociamus,
1102 2927 1409 3009 scriptum
1450 2927 1549 2990 est
1586 2925 1780 2990 enim:
1821 2924 2010 2989 Fide
2059 2925 2445 2989 mundans
2495 2923 2732 2988 corda

439 3053 704 3099 eorum
744 3035 1025 3117 itemque
1066 3035 1368 3118 scriptum
1411 3037 1535 3098 est:
1579 3031 1900 3098 Caritas
1951 3031 2323 3114 cooperit
2367 3030 2734 3095 multitu-

440 3141 702 3206 dinem
746 3144 1287 3226 peccatorum.
1338 3140 1392 3204 si
1443 3144 1654 3204 autem
1703 3140 1811 3205 uel
1847 3140 2042 3204 nimia
2081 3139 2316 3203 duritia
2355 3139 2458 3202 uel
2497 3137 2732 3220 pudore

438 3267 559 3312 non
604 3249 876 3312 ferentes
924 3267 1142 3312 eorum
1188 3246 1687 3322 insultationem,
1731 3265 1878 3310 cum
1918 3247 2150 3329 quibus
2192 3249 2410 3309 contra
2447 3263 2561 3308 nos
2600 3248 2732 3308 tam

438 3354 642 3419 multa
706 3354 869 3419 falsa
932 3353 1250 3419 iactabant
1316 3357 1379 3417 et
1441 3358 1573 3418 tam
1638 3351 1844 3417 multa
1898 3354 2064 3417 mala
2121 3351 2579 3436 excogitabant,
2627 3350 2734 3414 uel

438 3461 641 3546 magis
688 3461 937 3536 timore,
987 3479 1083 3538 ne,
1134 3461 1345 3542 qualia
1392 3461 1575 3524 nobis
1627 3464 1772 3524 ante
1817 3447 2153 3538 faciebant,
2200 3459 2356 3524 talia
2401 3457 2730 3523 nobiscum

438 3567 563 3631 iam
637 3567 978 3650 patiantur,
1054 3567 1286 3631 unitati
1372 3567 1610 3632 Christi
1685 3567 2036 3631 consentire
2123 3567 2478 3640 noluerunt,
2565 3565 2736 3628 sicut

437 3673 664 3738 inlaesi
737 3675 963 3738 retenti
1044 3677 1223 3749 sunt,
1290 3674 1383 3738 sic
1452 3693 1487 3737 a
1550 3673 1732 3738 nobis
1801 3673 2210 3738 dimittuntur
2274 3671 2516 3736 inlaesi.
2595 3670 2732 3747 hoc,

622 3902 685 3955 15
726 3900 815 3956 Es,
853 3901 939 3964 66,
978 3904 1011 3954 5
1120 3901 1190 3954 23
1226 3901 1348 3954 Act.
1391 3901 1471 3962 15,
1509 3901 1543 3954 9
1657 3901 1726 3952 24
1765 3897 1790 3951 1
1829 3899 1974 3952 Petr.
2012 3900 2063 3960 4,
2103 3897 2136 3951 8

510 4023 542 4076 9
582 4040 687 4076 non
725 4039 827 4077 om.
868 4022 986 4078 edd.
1015 4027 1244 4090 praeter
1263 4038 1315 4074 m
1482 4023 1544 4075 12
1584 4021 1696 4074 illis
1734 4019 1852 4074 edd.
2019 4019 2084 4073 13
2121 4025 2382 4086 separant
2413 4018 2483 4070 M
2523 4032 2576 4071 (n
2616 4035 2732 4086 exp.

442 4129 505 4164 m.
526 4117 585 4179 2)
626 4111 735 4165 ΓΑ
846 4113 913 4165 20
953 4111 1231 4172 ueritateS,
1270 4127 1408 4164 corr.
1448 4127 1514 4164 m.
1540 4115 1567 4162 1
1608 4109 1857 4163 ueritatis
1894 4107 1955 4162 F
2057 4109 2122 4162 21
2163 4109 2406 4177 regulam
2434 4107 2504 4160 M
2646 4123 2733 4160 ac-

439 4201 683 4270 ciperunt
718 4200 771 4252 A
899 4201 967 4254 22
1008 4199 1233 4254 caritate
1272 4197 1347 4250 M
1350 4201 1395 4250 A
1532 4199 1602 4252 26
1643 4196 2029 4250 exultationem
2067 4195 2181 4250 ΓΑ.
2308 4195 2376 4248 28
2415 4197 2578 4248 antea
2614 4194 2734 4248 edd.

439 4291 505 4342 29
544 4288 819 4342 noluerint
854 4288 979 4342 Fm
