3184 4959
331 1590 378 1627 10

330 2122 380 2160 15

333 2655 384 2691 ²0

1063 403 1593 472 epistularum
1633 402 2073 457 xxxl.xxxl1.
2666 408 2707 469 9

415 601 704 666 omnium
775 600 1012 681 pariter
1085 598 1544 681 episcoporum.
1624 618 1771 681 ergo
1858 603 1953 663 t'ot
2034 601 2395 664 sanctorum
2480 600 2707 665 talium

411 707 878 773 recentissimis
963 705 1360 769 sermonibus
1443 706 1836 786 gratulantes
1920 706 2399 787 properauimus
2484 706 2563 770 ad
2645 710 2707 771 te

413 819 694 880 nostram
741 812 972 877 referre
1019 812 1350 888 laetitiam,
1399 814 1470 875 ut
1517 812 1635 875 tibi
1683 830 1932 893 qnoque
1981 816 2378 893 expectatum
2426 813 2487 876 in
2538 832 2709 896 pere-

417 921 768 1006 grinatione
818 920 1094 984 sollicita
1142 918 1446 1002 gaudium
1483 918 1925 981 festinissimis
1967 920 2395 985 conferremus
2432 920 2708 987 indiciis,

352 1082 362 1091 .
419 1030 476 1093 si
540 1028 702 1093 forte
767 1027 986 1091 eadem
1053 1026 1128 1089 de
1193 1025 1663 1089 uenerabilibus
1731 1028 1795 1088 et
1860 1026 2311 1091 amantissimis
2378 1026 2533 1091 uiris
2600 1048 2709 1111 per

420 1136 686 1200 aliarum
735 1136 1050 1198 aduentus
1097 1133 1356 1196 nauium
1417 1132 1805 1213 comperisti,
1862 1152 1971 1213 per
2028 1152 2138 1197 nos
2198 1134 2385 1199 etiam
2446 1135 2711 1217 repetita

421 1243 637 1324 accipe
695 1243 759 1305 et
825 1239 1006 1323 quasi
1071 1244 1376 1304 renouata
1441 1240 1759 1304 hilaritate
1826 1258 2045 1303 rursus
2113 1240 2343 1305 exulta.
2422 1241 2590 1323 quod
2657 1244 2711 1305 si

415 1352 660 1433 primus
727 1348 832 1412 hic
897 1367 934 1411 a
996 1347 1179 1411 nobis
1247 1346 1366 1411 tibi
1431 1346 1691 1411 nuntius
1767 1346 2001 1415 ueniet.
2078 1348 2397 1429 gratulare
2472 1353 2713 1413 tantam

416 1456 598 1521 nobis
662 1457 728 1519 in
797 1458 910 1519 tua
973 1454 1176 1537 patria
1240 1454 1568 1518 caritatem
1637 1452 1889 1519 Christo
1956 1453 2229 1518 donante
2292 1459 2560 1536 partam,
2618 1462 2711 1535 ut,

419 1562 726 1646 quicquid
791 1562 923 1625 illic
987 1561 1204 1625 diuina
1265 1560 1665 1642 prouidentia
1728 1565 1903 1645 gerat
1968 1562 2376 1626 mirabilis
2444 1584 2711 1647 semper.

419 1674 496 1735 ut
549 1670 858 1751 scriptum
917 1672 1032 1742 est,
1093 1668 1166 1731 in
1227 1668 1540 1732 sanctis
1600 1668 1796 1742 suia,
1855 1669 1960 1731 uel
2007 1668 2194 1751 primi
2242 1669 2347 1733 uel
2398 1689 2541 1733 cum
2590 1672 2713 1755 pri-

418 1776 542 1840 mis
589 1775 890 1839 sciamus,

506 1883 646 1946 Non
707 1888 919 1946 autem
975 1885 1224 1946 tantum
1281 1881 1400 1945 hoc
1457 1880 1794 1945 scribimus
1852 1882 2316 1965 gratulandum,
2368 1885 2535 1965 quod
2586 1886 2713 1968 epi-

421 1991 758 2071 scopatum
822 1989 1222 2071 Augustinus
1289 1988 1624 2071 acceperit,
1692 1989 1802 2053 sed
1870 1988 2041 2071 quod
2106 1990 2265 2054 hanc
2332 1991 2432 2055 dei
2498 2011 2711 2057 curam

421 2096 770 2160 meruerint
823 2096 1152 2159 Africanae
1211 2096 1536 2171 ecclesiae,
1606 2098 1677 2159 ut
1742 2096 1938 2159 uerba
2004 2095 2304 2160 caelestia
2373 2098 2709 2182 Augustini

421 2222 523 2268 ore
579 2201 995 2286 perciperent,
1055 2202 1162 2285 qui
1219 2202 1296 2265 ad
1363 2203 1666 2267 maiorem
1735 2202 2031 2268 dominici
2098 2205 2375 2269 muneris
2444 2208 2712 2289 gratiam

416 2328 582 2375 nouo
631 2330 802 2375 more
838 2314 1180 2392 prouectus
1219 2310 1310 2373 ita
1347 2312 1753 2374 consecratus
1793 2314 1912 2387 est,
1951 2316 2025 2375 ut
2064 2330 2181 2375 non
2234 2314 2605 2378 succederet
2650 2317 2713 2380 in

421 2418 720 2481 cathedra
759 2416 1073 2500 episcopo,
1115 2416 1226 2481 sed
1265 2416 1611 2483 accederet.
1662 2436 1805 2480 nam
1844 2416 2147 2481 incolumi
2188 2418 2435 2485 Valerio
2474 2422 2715 2505 Hippo-

417 2523 654 2589 niensis
713 2524 1020 2588 ecclesiae
1078 2522 1490 2606 coepiscopus
1537 2523 1939 2607 Augustinus
2002 2527 2120 2592 est.
2188 2530 2251 2589 et
2312 2525 2421 2591 ille
2488 2528 2711 2593 beatus

419 2651 626 2707 senex,
687 2630 790 2694 cui
843 2630 1250 2713 purissimam
1305 2634 1581 2693 mentem
1638 2631 1815 2694 nulla
1869 2650 2171 2713 umquam
2229 2632 2487 2697 liuentis
2553 2635 2711 2699 inui-

421 2737 560 2803 diae
596 2737 850 2803 macula
887 2736 1172 2811 suffudit,
1214 2736 1437 2819 dignos
1479 2737 1578 2799 sui
1620 2736 1825 2801 cordis
1862 2756 2017 2819 pace
2056 2757 2222 2802 nunc
2272 2738 2345 2802 ab
2396 2740 2709 2805 altissimo

417 2848 668 2912 fructus
717 2846 907 2927 capit,
946 2848 1038 2921 ut,
1081 2864 1266 2925 quem
1317 2862 1751 2908 successorem
1802 2844 2138 2908 sacerdotii
2186 2846 2285 2909 sui
2336 2846 2713 2927 simpliciter

420 2954 700 3036 optabat,
749 2952 918 3015 hunc
967 2954 1282 3015 mereatur
1326 2953 1539 3013 tenere
1598 2951 1927 3034 collegam.
1996 2952 2245 3016 credine
2302 2952 2422 3017 hoc
2477 2956 2708 3037 potuit,

602 3126 668 3181 10
705 3126 794 3179 Ps.
835 3126 919 3187 67,
958 3125 1026 3179 36

491 3250 523 3304 3
561 3236 849 3302 laetitiam.
889 3247 1078 3301 Aliter.
1119 3246 1196 3301 Ut
1233 3246 1336 3300 tibi
1385 3263 1597 3317 quoque
1648 3250 1989 3316 expectatum
2030 3248 2081 3301 in
2132 3249 2563 3317 peregrinatione
2602 3250 2711 3303 sol-

415 3338 573 3391 licita
607 3336 866 3406 gaudium
916 3335 1285 3389 festini-simis
1328 3336 1689 3389 conferremus
1728 3330 1945 3389 indiciis
1987 3339 2048 3388 ut
2088 3334 2166 3389 ibi
2208 3352 2420 3405 quoqne
2464 3342 2709 3407 cxpecta-

418 3432 536 3480 tum
573 3425 630 3479 in
667 3425 1102 3495 peregrinatione
1141 3425 1376 3479 sollicita
1413 3424 1671 3494 gaudium
1712 3424 2096 3478 festinissimus
2134 3424 2363 3479 indic-iia.
2405 3427 2450 3479 si
2488 3426 2628 3479 forte
2656 3427 2711 3480 R

494 3518 788 3585 expectum‚
829 3528 962 3568 corr.
1001 3530 1067 3566 m.
1091 3516 1122 3565 1
1158 3518 1496 3582 expectatum
1541 3514 1608 3567 M
1758 3514 1793 3567 4
1831 3514 2164 3567 conferamus
2202 3514 2257 3567 P
2398 3514 2607 3567 inditiis
2647 3532 2712 3569 ex

419 3601 631 3655 inditiis
667 3602 723 3655 P
829 3604 861 3655 5
899 3600 1263 3665 amatissimis,
1301 3617 1440 3655 corr.
1479 3618 1546 3655 m.
1569 3606 1599 3653 1
1638 3602 2019 3655 amantissimis
2050 3602 2119 3653 M
2218 3605 2249 3655 6
2286 3603 2534 3664 nauium,
2576 3620 2641 3657 m.
2674 3608 2711 3655 :2

419 3691 638 3743 nauium
676 3690 724 3742 C
791 3690 824 3742 8
864 3692 1020 3743 tanta
1046 3689 1112 3742 K
1182 3690 1215 3743 9
1253 3693 1480 3758 partem,
1519 3708 1584 3742 m.
1610 3693 1649 3743 2
1684 3694 1895 3759 partam
1924 3690 1997 3742 M
2030 3693 2269 3758 paratam
2303 3690 2409 3743 PR
2488 3692 2551 3744 10
2582 3691 2711 3760 quid

419 3778 600 3833 MAR
637 3777 782 3847 quod
819 3778 886 3831 K
1030 3779 1089 3835 11
1133 3778 1244 3832 auis
1281 3778 1336 3832 in
1377 3780 1578 3832 sanctis
1616 3779 1713 3832 sed
1738 3780 1966 3847 pun-ctis
2002 3794 2136 3833 corr.
2174 3780 2247 3832 M
2392 3781 2455 3833 13
2494 3781 2703 3849 scripsi·

421 3885 541 3921 mus
589 3872 634 3923 C
813 3869 880 3921 14
927 3868 1250 3937 augustinus
1297 3871 1428 3922 m..2
1464 3882 1505 3921 a.
1543 3884 1599 3921 u.
1640 3866 1706 3921 K
1919 3866 2061 3937 quod
2107 3884 2210 3923 om.
2246 3868 2301 3921 P
2344 3868 2446 3921 hoc
2484 3869 2624 3937 quod
2670 3868 2717 3921 G

425 3958 492 4011 15
537 3956 734 4010 meruit
777 3957 834 4009 A
1015 3956 1252 4009 africana
1296 3956 1370 4009 M
1412 3957 1570 4025 (corr.
1622 3960 1742 4011 m.1
1787 3956 2075 4021 africanae)
2125 3956 2177 4008 A
2350 3957 2611 4011 aecclesia
2660 3959 2710 4011 Δ

494 4046 762 4109 caelestia,
803 4046 880 4099 ad
915 4044 1064 4113 quod
1100 4046 1174 4099 al.
1213 4062 1280 4097 m.
1323 4044 1452 4097 add.
1492 4045 1646 4113 regni
1684 4044 1749 4099 K
1858 4046 1921 4099 16
1961 4062 2071 4109 ora,
2109 4062 2247 4101 corr.
2287 4062 2377 4099 ore
2420 4044 2482 4097 M
2590 4062 2711 4114 per-

421 4136 656 4205 ciperint
689 4134 763 4187 M
869 4134 934 4189 18
969 4132 1322 4205 hipponensis
1351 4132 1406 4186 A
1443 4134 1564 4187 edd.
1670 4134 1733 4187 19
1773 4133 2032 4187 ccclesiae
2072 4133 2323 4204 episcopo
2366 4135 2712 4204 coepiscopus

419 4224 543 4277 edd.
573 4229 806 4292 praeter
838 4240 893 4277 m
1001 4224 1070 4277 20
1107 4222 1476 4291 punrissimam
1517 4223 1571 4275 Ρ
1714 4222 1825 4275 ulla
1864 4239 2152 4293 numquam
2182 4223 2253 4275 M
2393 4222 2616 4276 libentis
2648 4223 2715 4275 M

423 4318 513 4379 (m.
537 4316 576 4365 2
611 4312 852 4379 liuentis>
892 4312 956 4367 K
1177 4308 1180 4313 ’
