3184 4959
1216 368 1751 440 epistularum
1805 370 1994 425 XXXI.
2706 376 2743 438 7

443 582 578 645 quo
647 564 1037 629 seruiturum
1101 583 1168 629 se
1225 582 1366 629 esse
1420 564 1761 649 pollicetur
1814 565 1954 643 deo,
2010 567 2263 649 tempus
2319 566 2625 650 prolixius
2682 570 2747 631 et

449 674 633 735 aetas
687 672 1010 737 robustior
1065 676 1128 737 et
1181 675 1540 735 transactus
1606 671 1799 736 timor
1861 671 2094 737 certius
2160 672 2549 739 indicabunt.
2614 676 2743 738 tres

449 776 654 843 libros
700 784 888 861 atque
934 780 1178 845 utinam
1233 782 1368 843 tam
1425 778 1679 862 grandis
1737 778 2129 862 quaestionis
2182 779 2274 845 ita
2328 780 2743 863 explicatores

451 890 528 951 ut
575 886 841 971 grandes
881 888 1058 951 tanto
1097 886 1308 951 minus
1347 889 1637 949 metuens
1676 886 1737 949 in
1774 888 1841 949 te
1876 886 2160 951 laborem
2193 885 2467 970 legendi,
2508 890 2741 969 quanto

374 1020 412 1061 z
453 992 736 1059 ardorem
800 993 1116 1077 perspicio
1181 992 1510 1078 diligendi,
1561 993 1708 1057 misi
1763 993 2088 1057 sanctitati
2144 995 2208 1057 et
2262 993 2511 1058 caritati
2563 996 2740 1069 tuae;

453 1120 603 1165 nam
649 1102 935 1184 quaestio
983 1120 1202 1166 eorum
1240 1102 1340 1165 est
1377 1099 1452 1163 de
1489 1100 1690 1164 libero
1730 1099 2011 1164 arbitrio.
2049 1100 2167 1164 hos
2205 1103 2319 1163 aut
2352 1119 2473 1165 non
2512 1099 2743 1164 habere

453 1213 570 1273 aut
615 1226 830 1273 omnes
877 1228 998 1271 non
1055 1206 1286 1271 habere
1341 1208 1601 1271 fratrem
1653 1206 2112 1271 Romanianum
2172 1206 2327 1285 sci0,
2383 1224 2497 1289 per
2552 1225 2739 1287 quem

449 1334 644 1397 prope
691 1314 924 1389 omnia,
974 1331 1134 1396 quae
1182 1312 1578 1395 quibuslibet
1624 1312 1885 1376 auribus
1938 1312 2415 1377 accommodata
2470 1313 2742 1377 scribere

449 1421 652 1503 potui,
709 1420 926 1486 studio
982 1420 1046 1485 in
1102 1438 1216 1484 nos
1273 1425 1385 1485 tuo
1443 1440 1563 1484 non
1621 1418 2009 1502 adportanda
2068 1418 2232 1495 dedi,
2298 1418 2411 1483 sed
2471 1419 2743 1503 legenda

355 1528 748 1593 «uindicaui.
816 1528 1091 1593 habebat
1145 1526 1310 1591 enim
1365 1526 1472 1591 ille
1537 1526 1663 1591 iam
1730 1525 1941 1590 omnia
2005 1544 2347 1609 secumque
2418 1526 2737 1609 gestabat;

449 1656 562 1719 per
605 1656 751 1701 eum
803 1640 1014 1699 autem
1052 1634 1255 1719 prima
1289 1635 1597 1717 rescripta
1633 1633 1979 1699 transmisi.
2029 1633 2213 1697 credo
2251 1634 2378 1698 iam
2420 1636 2739 1716 expertam

448 1744 856 1808 sanctitatem
935 1746 1114 1807 tuam
1191 1741 1538 1827 sagacitate
1614 1740 1905 1824 spiritali,
1984 1760 2173 1823 quam
2246 1740 2367 1805 tibi
2444 1741 2737 1805 dominus

450 1850 696 1926 tribuit,
755 1849 908 1933 quid
961 1850 1070 1913 ille
1127 1850 1227 1913 uir
1282 1848 1433 1914 boni
1487 1847 1697 1913 animo
1758 1850 1937 1933 gerat
1991 1851 2055 1911 et
2099 1866 2259 1930 quae
2305 1848 2364 1911 in
2414 1848 2525 1913 illo
2573 1847 2739 1912 infir-

449 1957 674 2021 mitate
729 1976 872 2039 pars
929 1956 1268 2021 claudicet.
1337 1954 1504 2019 unde
1561 1954 1940 2017 humanitati
1997 1954 2062 2016 et
2114 1952 2365 2018 caritati
2410 1955 2558 2017 tuae
2606 1957 2735 2019 tam

359 2084 412 2123 ιε
451 2066 662 2149 ipsum
719 2082 908 2145 quam
965 2062 1166 2126 filium
1225 2062 1362 2127 eius
1414 2060 1652 2145 legisti,
1708 2064 1783 2125 ut
1847 2078 2051 2143 spero,
2118 2078 2242 2141 qua
2304 2060 2737 2125 sollicitudine

447 2170 1026 2236 commendauerim
1085 2173 1148 2233 et
1203 2172 1436 2251 quanta
1488 2168 1649 2233 mihi
1708 2168 2175 2233 necessitudine
2245 2168 2524 2251 copulati
2590 2168 2739 2233 sint.

445 2276 743 2342 aedificet
798 2294 905 2341 eos
962 2294 1074 2360 per
1125 2278 1190 2339 te
1247 2274 1562 2341 dominus,
1632 2274 1803 2357 quod
1858 2275 1935 2338 ab
1982 2273 2095 2339 illo
2142 2272 2347 2357 magis
2392 2274 2737 2357 petendum

446 2388 574 2461 est;
623 2403 770 2447 nam
816 2382 880 2446 id
927 2386 1000 2447 tu
1047 2400 1234 2463 quam
1283 2381 1466 2457 uelis,
1513 2381 1687 2447 noui.

312 2492 356 2555 8
531 2490 860 2556 Aduersus
919 2507 1198 2573 paganos
1253 2490 1318 2553 te
1375 2489 1651 2553 scribere
1708 2488 1899 2553 didici
1955 2508 2025 2553 ex
2082 2488 2402 2553 fratribus
2472 2490 2527 2554 si
2583 2490 2733 2573 quid

358 2618 410 2656 so
447 2597 520 2661 de
570 2599 684 2661 tuo
731 2600 984 2678 pectore
1031 2614 1366 2671 meremur,
1405 2594 1834 2660 indifferenter
1866 2595 2073 2674 mitte,
2111 2600 2186 2661 ut
2218 2596 2537 2681 legamus;
2589 2616 2733 2661 nam

441 2706 670 2785 pectus
715 2706 898 2767 tuum
945 2702 1072 2765 tale
1119 2701 1359 2766 domini
1407 2702 1735 2767 oraculum
1774 2705 1893 2777 est,
1934 2707 2009 2767 ut
2044 2721 2115 2767 ex
2155 2722 2227 2767 eo
2266 2702 2447 2767 nobis
2485 2707 2731 2767 tantum

439 2810 680 2893 placita
733 2812 798 2873 et
851 2808 1158 2873 aduersus
1220 2809 1707 2891 loquacissimas
1773 2810 2174 2893 quaestiones
2238 2809 2735 2893 explicatissima

439 2916 664 2981 datum
747 2916 826 2979 iri
906 2934 1210 2997 responsa
1289 2935 1712 2997 praesumam.
1803 2914 2002 2982 libros
2097 2915 2455 2979 beatissimi
2534 2934 2732 2998 papae

516 3123 542 3177 1
585 3122 839 3190 prolixus,
867 3137 1006 3175 corr.
1045 3122 1254 3187 (m.1.9)
1293 3121 1552 3190 prolixius
1589 3122 1663 3175 Μ
1820 3124 1853 3177 2
1890 3122 2221 3185 indicabant,
2259 3140 2395 3178 corr.
2434 3128 2553 3178 m.1
2588 3122 2728 3177 indi·

433 3212 645 3267 cabunt
679 3212 734 3267 R
855 3212 893 3266 3
933 3210 1164 3280 grandes
1203 3212 1514 3281 questiones
1551 3211 1614 3265 E
1733 3214 1767 3265 4
1805 3211 1992 3265 laboro
2034 3214 2099 3265 M
2136 3212 2349 3265 labores
2386 3212 2441 3267 R
2576 3214 2607 3265 5
2648 3214 2729 3265 in-

435 3301 609 3371 spicio
635 3298 698 3351 K
805 3300 927 3363 nisi,
965 3316 1033 3353 m.
1057 3302 1096 3353 2
1133 3300 1253 3353 misi
1283 3300 1350 3353 K
1453 3300 1576 3353 misi
1616 3301 1803 3371 sancti}
1846 3301 2010 3354 tatati
2051 3304 2131 3365 (ta
2158 3301 2322 3371 eras.)
2350 3304 2477 3354 tuae
2508 3318 2631 3353 nam
2664 3301 2735 3353 M

434 3392 472 3445 6
513 3391 852 3460 questionem
889 3390 948 3443 Ε
1139 3392 1480 3442 est-omnes
1517 3406 1619 3443 om.
1658 3390 1719 3442 E
1908 3388 1973 3443 de
2011 3389 2182 3443 libero
2224 3389 2447 3443 arbitrio
2489 3392 2572 3443 est
2609 3390 2726 3443 edd.

509 3480 612 3535 hos
649 3482 830 3533 autem
859 3494 966 3531 non
1003 3478 1099 3533 FR
1125 3478 1248 3531 edd.
1360 3478 1389 3529 7
1419 3494 1697 3531 romanum
1728 3478 1837 3532 EA
1948 3480 1979 3532 9
2012 3478 2136 3533 dedi
2163 3479 2257 3532 sed
2284 3478 2516 3548 legenda
2544 3495 2646 3535 om.
2676 3480 2729 3531 A

437 3570 508 3623 10
545 3566 786 3621 indicaui
811 3566 872 3619 E
903 3565 1170 3619 indicauit
1210 3568 1256 3632 (t
1293 3569 1432 3633 exp.)
1463 3564 1538 3619 Ρι
1646 3567 1753 3621 iam
1792 3568 1884 3621 ille
1912 3567 2283 3623 MAGP¹RK
2316 3567 2435 3621 edd.
2549 3584 2727 3621 secum

432 3672 578 3725 quae
620 3655 719 3711 CR
826 3654 1094 3725 gestabat,
1133 3670 1270 3709 corr.
1308 3672 1375 3707 m.
1399 3660 1428 3707 1
1465 3655 1719 3725 gestabat
1754 3656 1815 3710 Ε
1922 3658 1987 3711 12
2026 3658 2373 3711 sanctitatem
2411 3661 2561 3711 tuam
2601 3677 2668 3712 m.
2692 3662 2731 3711 :2

430 3762 600 3814 super
633 3762 747 3799 ras.
790 3746 877 3799 91.
916 3742 983 3796 K
1131 3743 1289 3813 signa
1324 3744 1488 3797 citato
1527 3744 1582 3798 A
1727 3746 1793 3799 13
1830 3746 2059 3813 gerebat
2099 3744 2147 3799 0
2270 3749 2337 3801 14
2376 3747 2647 3803 claudicat
2688 3750 2733 3802 0

507 3834 846 3887 humanitate
882 3833 942 3887 E
1022 3836 1088 3887 16
1126 3838 1253 3887 sunt
1286 3833 1362 3887 P¹
1449 3836 1512 3888 21
1553 3838 1669 3889 tam
1706 3836 1967 3905 inplacita
2004 3836 2213 3892 MP¹K
2244 3840 2359 3891 tam
2394 3838 2652 3909 inplacite
2686 3840 2732 3892 G

432 3926 552 3975 tam
597 3921 872 3991 implicate
917 3923 979 3977 E
1019 3926 1130 3976 tam
1176 3922 1426 3991 inplicita
1470 3923 1580 3978 AR
1636 3924 1840 3994 placita
1895 3928 2084 3979 contra
2126 3926 2393 3997 implicita
2442 3926 2579 3994 aes
2614 3932 2725 3981 tarn

429 4011 638 4081 placita
676 4012 839 4079 lrm‚·
872 4012 1075 4081 scripsi
1109 4016 1319 4065 tanturn
1351 4011 1557 4081 placita
1656 4014 1725 4067 22
1753 4019 1808 4068 et
1836 4030 1936 4068 om.
1966 4014 2027 4068 Ε
2164 4015 2575 4085 loquacissimos
2602 4014 2731 4069 EM

437 4106 599 4165 (cor-r.
637 4116 706 4153 m.
726 4104 758 4153 1
793 4100 1224 4171 loquacis-imas)
1251 4101 1551 4157 AOP¹RK
1694 4105 2029 4173 quaestionis
2059 4104 2201 4157 12¹1(
2236 4106 2540 4175 questionis
2568 4106 2727 4161 ECR

425 4188 501 4242 23
543 4187 639 4241 dat
675 4188 781 4241 uiri
815 4188 938 4243 ΕΚ
971 4190 1150 4244 daturi
1187 4190 1434 4245 ΜΑΟΡι
1472 4190 1723 4245 daturum
1760 4194 1814 4247 R
1851 4192 1967 4247 dari
2004 4192 2124 4248 edd.
2134 4211 2156 4261 ;
2199 4194 2398 4262 scffpsi
2434 4194 2618 4248 datum
2659 4195 2724 4247 iri

505 4292 910 4345 praesumamus
953 4276 1140 4331 GP¹K
1172 4278 1290 4333 edd.
1439 4278 1769 4343 beatissime,
1808 4298 1949 4336 corr.
1985 4300 2053 4335 m.
2078 4288 2107 4335 1
2143 4282 2443 4336 beatissimi
2480 4282 2551 4335 M
