<?xml version="1.0" encoding="UTF-8"?>
<!DOCTYPE html PUBLIC "-//W3C//DTD XHTML 1.0 Transitional//EN"
    "http://www.w3.org/TR/xhtml1/DTD/xhtml1-transitional.dtd">
<html xmlns="http://www.w3.org/1999/xhtml" xml:lang="en" lang="en">
 <head>
  <title>
</title>
<meta http-equiv="Content-Type" content="text/html;charset=utf-8" />
  <meta name='ocr-system' content='tesseract 3.04.00' />
  <meta name='ocr-capabilities' content='ocr_page ocr_carea ocr_par ocr_line ocrx_word'/>
</head>
<body>
  <div class='ocr_page' id='page_1' title='image "./corpusscriptoru26wiengoog_0460.png"; bbox 0 0 3184 4959; ppageno 0'>
   <div class='ocr_carea' id='block_1_1' title="bbox 474 441 2067 511">
    <p class='ocr_par' dir='ltr' id='par_1_1' title="bbox 474 441 2067 511">
     <span class='ocr_line' id='line_1_1' title="bbox 474 441 2067 511; baseline -0.004 -10"><span class='ocrx_word' id='word_1_1' title='bbox 474 445 604 508; x_wconf 84' lang='lat'>444</span> <span class='ocrx_word' id='word_1_2' title='bbox 1188 441 1241 495; x_wconf 88' lang='lat' dir='ltr'>S.</span> <span class='ocrx_word' id='word_1_3' title='bbox 1302 441 1573 495; x_wconf 80' lang='lat' dir='ltr'>Aureli</span> <span class='ocrx_word' id='word_1_4' title='bbox 1631 442 2067 511; x_wconf 78' lang='lat' dir='ltr'><strong>Augustini</strong></span> 
     </span>
    </p>
   </div>
   <div class='ocr_carea' id='block_1_2' title="bbox 472 633 2774 912">
    <p class='ocr_par' dir='ltr' id='par_1_2' title="bbox 472 633 2774 912">
     <span class='ocr_line' id='line_1_2' title="bbox 472 633 2773 717; baseline 0.001 -18"><span class='ocrx_word' id='word_1_5' title='bbox 472 639 661 717; x_wconf 84' lang='lat' dir='ltr'>atque</span> <span class='ocrx_word' id='word_1_6' title='bbox 724 633 787 698; x_wconf 90' lang='lat' dir='ltr'>in</span> <span class='ocrx_word' id='word_1_7' title='bbox 847 633 1085 700; x_wconf 82' lang='lat' dir='ltr'><strong>Christi</strong></span> <span class='ocrx_word' id='word_1_8' title='bbox 1151 633 1414 699; x_wconf 86' lang='lat' dir='ltr'>caritate</span> <span class='ocrx_word' id='word_1_9' title='bbox 1472 633 1838 699; x_wconf 89' lang='lat' dir='ltr'>honoranda</span> <span class='ocrx_word' id='word_1_10' title='bbox 1896 634 2043 699; x_wconf 89' lang='lat' dir='ltr'>filia.</span> <span class='ocrx_word' id='word_1_11' title='bbox 2112 634 2511 700; x_wconf 83' lang='lat' dir='ltr'><strong>honorabiles</strong></span> <span class='ocrx_word' id='word_1_12' title='bbox 2559 640 2773 701; x_wconf 88' lang='lat' dir='ltr'>tecum</span> 
     </span>
     <span class='ocr_line' id='line_1_3' title="bbox 472 732 2774 824; baseline 0.002 -20"><span class='ocrx_word' id='word_1_13' title='bbox 472 741 779 824; x_wconf 79' lang='lat' dir='ltr'>nobisque</span> <span class='ocrx_word' id='word_1_14' title='bbox 842 741 907 806; x_wconf 86' lang='lat' dir='ltr'>in</span> <span class='ocrx_word' id='word_1_15' title='bbox 976 741 1228 806; x_wconf 91' lang='lat' dir='ltr'>domino</span> <span class='ocrx_word' id='word_1_16' title='bbox 1296 732 1753 806; x_wconf 53' lang='lat' dir='ltr'>diiectissimos</span> <span class='ocrx_word' id='word_1_17' title='bbox 1820 739 1984 805; x_wconf 85' lang='lat' dir='ltr'>filios</span> <span class='ocrx_word' id='word_1_18' title='bbox 2051 745 2198 807; x_wconf 92' lang='lat' dir='ltr'>tuos</span> <span class='ocrx_word' id='word_1_19' title='bbox 2256 740 2472 808; x_wconf 88' lang='lat' dir='ltr'>debito</span> <span class='ocrx_word' id='word_1_20' title='bbox 2527 743 2774 808; x_wconf 88' lang='lat' dir='ltr'>meritis</span> 
     </span>
     <span class='ocr_line' id='line_1_4' title="bbox 472 845 1311 912; baseline 0.001 -4"><span class='ocrx_word' id='word_1_21' title='bbox 472 847 705 912; x_wconf 89' lang='lat' dir='ltr'>uestris</span> <span class='ocrx_word' id='word_1_22' title='bbox 754 847 964 912; x_wconf 87' lang='lat' dir='ltr'>officio</span> <span class='ocrx_word' id='word_1_23' title='bbox 1012 845 1311 911; x_wconf 87' lang='lat' dir='ltr'>resalut0.</span> 
     </span>
    </p>
   </div>
   <div class='ocr_carea' id='block_1_3' title="bbox 1483 1038 1780 1106">
    <p class='ocr_par' dir='ltr' id='par_1_3' title="bbox 1483 1038 1780 1106">
     <span class='ocr_line' id='line_1_5' title="bbox 1483 1038 1780 1106; baseline 0.007 -3"><span class='ocrx_word' id='word_1_24' title='bbox 1483 1038 1660 1104; x_wconf 89' lang='lat' dir='ltr'>XCII</span> <span class='ocrx_word' id='word_1_25' title='bbox 1705 1040 1780 1106; x_wconf 88' lang='lat' dir='ltr'>A.</span> 
     </span>
    </p>
   </div>
   <div class='ocr_carea' id='block_1_4' title="bbox 476 1177 2868 1326">
    <p class='ocr_par' dir='ltr' id='par_1_4' title="bbox 476 1177 2868 1326">
     <span class='ocr_line' id='line_1_6' title="bbox 578 1177 2868 1241; baseline 0.003 -7"><span class='ocrx_word' id='word_1_26' title='bbox 578 1177 874 1234; x_wconf 78' lang='lat' dir='ltr'>DOMINO</span> <span class='ocrx_word' id='word_1_27' title='bbox 922 1179 1199 1234; x_wconf 86' lang='lat' dir='ltr'>MERITO</span> <span class='ocrx_word' id='word_1_28' title='bbox 1253 1177 1765 1235; x_wconf 83' lang='lat' dir='ltr'>SINCERISSIMO</span> <span class='ocrx_word' id='word_1_29' title='bbox 1815 1179 1904 1233; x_wconf 86' lang='lat' dir='ltr'>ET</span> <span class='ocrx_word' id='word_1_30' title='bbox 1951 1179 2232 1236; x_wconf 84' lang='lat' dir='ltr'>SANCTO</span> <span class='ocrx_word' id='word_1_31' title='bbox 2271 1179 2538 1236; x_wconf 77' lang='lat' dir='ltr'>FRATRI</span> <span class='ocrx_word' id='word_1_32' title='bbox 2574 1181 2668 1236; x_wconf 88' lang='lat' dir='ltr'>ET</span> <span class='ocrx_word' id='word_1_33' title='bbox 2841 1205 2868 1241; x_wconf 70' lang='lat' dir='ltr'>s</span> 
     </span>
     <span class='ocr_line' id='line_1_7' title="bbox 476 1267 2774 1326; baseline 0 -2"><span class='ocrx_word' id='word_1_34' title='bbox 476 1267 1100 1324; x_wconf 83' lang='lat' dir='ltr'>CONPRESBYTERO</span> <span class='ocrx_word' id='word_1_35' title='bbox 1131 1267 1501 1324; x_wconf 83' lang='lat' dir='ltr'>CYPRIANO</span> <span class='ocrx_word' id='word_1_36' title='bbox 1522 1267 1985 1323; x_wconf 81' lang='lat' dir='ltr'>AUGUSTINUS</span> <span class='ocrx_word' id='word_1_37' title='bbox 2004 1268 2086 1322; x_wconf 90' lang='lat' dir='ltr'>IN</span> <span class='ocrx_word' id='word_1_38' title='bbox 2105 1268 2398 1324; x_wconf 85' lang='lat' dir='ltr'>DOMINO</span> <span class='ocrx_word' id='word_1_39' title='bbox 2419 1269 2774 1326; x_wconf 76' lang='lat' dir='ltr'><strong>SALUTEM.</strong></span> 
     </span>
    </p>
   </div>
   <div class='ocr_carea' id='block_1_5' title="bbox 474 1395 2868 3612">
    <p class='ocr_par' dir='ltr' id='par_1_5' title="bbox 474 1395 2868 3612">
     <span class='ocr_line' id='line_1_8' title="bbox 564 1395 2772 1478; baseline 0 -19"><span class='ocrx_word' id='word_1_40' title='bbox 564 1395 945 1460; x_wconf 84' lang='lat' dir='ltr'>Benedictae</span> <span class='ocrx_word' id='word_1_41' title='bbox 993 1395 1160 1460; x_wconf 89' lang='lat' dir='ltr'>filiae</span> <span class='ocrx_word' id='word_1_42' title='bbox 1208 1397 1461 1458; x_wconf 86' lang='lat' dir='ltr'>nostrae</span> <span class='ocrx_word' id='word_1_43' title='bbox 1506 1395 1767 1458; x_wconf 80' lang='lat' dir='ltr'>Italicae</span> <span class='ocrx_word' id='word_1_44' title='bbox 1815 1395 2059 1460; x_wconf 77' lang='lat' dir='ltr'>litteras</span> <span class='ocrx_word' id='word_1_45' title='bbox 2105 1395 2273 1470; x_wconf 83' lang='lat' dir='ltr'>misi,</span> <span class='ocrx_word' id='word_1_46' title='bbox 2323 1415 2480 1478; x_wconf 85' lang='lat' dir='ltr'>quas</span> <span class='ocrx_word' id='word_1_47' title='bbox 2521 1397 2597 1461; x_wconf 89' lang='lat' dir='ltr'>ad</span> <span class='ocrx_word' id='word_1_48' title='bbox 2635 1415 2772 1460; x_wconf 87' lang='lat' dir='ltr'>eam</span> 
     </span>
     <span class='ocr_line' id='line_1_9' title="bbox 474 1499 2774 1586; baseline 0 -19"><span class='ocrx_word' id='word_1_49' title='bbox 474 1507 619 1586; x_wconf 86' lang='lat' dir='ltr'>peto</span> <span class='ocrx_word' id='word_1_50' title='bbox 687 1501 823 1585; x_wconf 86' lang='lat' dir='ltr'>ipse</span> <span class='ocrx_word' id='word_1_51' title='bbox 887 1501 1159 1584; x_wconf 86' lang='lat' dir='ltr'>perferre</span> <span class='ocrx_word' id='word_1_52' title='bbox 1232 1500 1533 1584; x_wconf 82' lang='lat' dir='ltr'>digneriS‚</span> <span class='ocrx_word' id='word_1_53' title='bbox 1600 1499 1663 1564; x_wconf 91' lang='lat' dir='ltr'>in</span> <span class='ocrx_word' id='word_1_54' title='bbox 1735 1501 1965 1584; x_wconf 88' lang='lat' dir='ltr'>quibus</span> <span class='ocrx_word' id='word_1_55' title='bbox 2046 1501 2285 1584; x_wconf 89' lang='lat' dir='ltr'>aliquid</span> <span class='ocrx_word' id='word_1_56' title='bbox 2360 1503 2486 1567; x_wconf 83' lang='lat' dir='ltr'>dixi</span> <span class='ocrx_word' id='word_1_57' title='bbox 2559 1507 2774 1568; x_wconf 88' lang='lat' dir='ltr'>contra</span> 
     </span>
     <span class='ocr_line' id='line_1_10' title="bbox 476 1607 2776 1692; baseline 0 -18"><span class='ocrx_word' id='word_1_58' title='bbox 476 1629 691 1674; x_wconf 89' lang='lat' dir='ltr'>eorum</span> <span class='ocrx_word' id='word_1_59' title='bbox 742 1609 1121 1692; x_wconf 80' lang='lat' dir='ltr'>opinionem,</span> <span class='ocrx_word' id='word_1_60' title='bbox 1172 1607 1283 1690; x_wconf 88' lang='lat' dir='ltr'>qui</span> <span class='ocrx_word' id='word_1_61' title='bbox 1330 1607 1490 1672; x_wconf 89' lang='lat' dir='ltr'>nihil</span> <span class='ocrx_word' id='word_1_62' title='bbox 1538 1607 1614 1672; x_wconf 93' lang='lat' dir='ltr'>de</span> <span class='ocrx_word' id='word_1_63' title='bbox 1663 1607 1779 1672; x_wconf 87' lang='lat' dir='ltr'>deo</span> <span class='ocrx_word' id='word_1_64' title='bbox 1829 1627 2079 1690; x_wconf 88' lang='lat' dir='ltr'>sperare</span> <span class='ocrx_word' id='word_1_65' title='bbox 2117 1613 2405 1692; x_wconf 85' lang='lat' dir='ltr'>possunt,</span> <span class='ocrx_word' id='word_1_66' title='bbox 2447 1609 2569 1675; x_wconf 90' lang='lat' dir='ltr'>nisi</span> <span class='ocrx_word' id='word_1_67' title='bbox 2607 1610 2776 1692; x_wconf 89' lang='lat' dir='ltr'>quod</span> 
     </span>
     <span class='ocr_line' id='line_1_11' title="bbox 476 1715 2866 1800; baseline 0 -20"><span class='ocrx_word' id='word_1_68' title='bbox 476 1717 550 1782; x_wconf 87' lang='lat' dir='ltr'>de</span> <span class='ocrx_word' id='word_1_69' title='bbox 636 1716 1003 1800; x_wconf 77' lang='lat' dir='ltr'>corporibus</span> <span class='ocrx_word' id='word_1_70' title='bbox 1090 1715 1390 1792; x_wconf 88' lang='lat' dir='ltr'>sentiunt,</span> <span class='ocrx_word' id='word_1_71' title='bbox 1478 1734 1862 1797; x_wconf 79' lang='lat' dir='ltr'>quamquam</span> <span class='ocrx_word' id='word_1_72' title='bbox 1937 1734 2076 1780; x_wconf 88' lang='lat' dir='ltr'>esse</span> <span class='ocrx_word' id='word_1_73' title='bbox 2153 1735 2380 1798; x_wconf 87' lang='lat' dir='ltr'>corpus</span> <span class='ocrx_word' id='word_1_74' title='bbox 2458 1717 2572 1781; x_wconf 92' lang='lat' dir='ltr'>deo</span> <span class='ocrx_word' id='word_1_75' title='bbox 2655 1737 2774 1782; x_wconf 90' lang='lat' dir='ltr'>non</span> <span class='ocrx_word' id='word_1_76' title='bbox 2811 1739 2866 1777; x_wconf 86' lang='grc' dir='ltr'>ιο</span> 
     </span>
     <span class='ocr_line' id='line_1_12' title="bbox 477 1821 2772 1902; baseline -0.001 -14"><span class='ocrx_word' id='word_1_77' title='bbox 477 1823 747 1888; x_wconf 88' lang='lat' dir='ltr'>audeant</span> <span class='ocrx_word' id='word_1_78' title='bbox 812 1823 1038 1887; x_wconf 83' lang='lat' dir='ltr'>dicere.</span> <span class='ocrx_word' id='word_1_79' title='bbox 1108 1821 1230 1886; x_wconf 90' lang='lat' dir='ltr'>alio</span> <span class='ocrx_word' id='word_1_80' title='bbox 1297 1824 1507 1885; x_wconf 85' lang='lat' dir='ltr'>tamen</span> <span class='ocrx_word' id='word_1_81' title='bbox 1573 1821 1762 1886; x_wconf 88' lang='lat' dir='ltr'>modo</span> <span class='ocrx_word' id='word_1_82' title='bbox 1827 1841 2085 1902; x_wconf 90' lang='lat' dir='ltr'>prorsus</span> <span class='ocrx_word' id='word_1_83' title='bbox 2151 1821 2271 1888; x_wconf 92' lang='lat' dir='ltr'>hoc</span> <span class='ocrx_word' id='word_1_84' title='bbox 2331 1821 2570 1900; x_wconf 80' lang='lat' dir='ltr'>dicunt,</span> <span class='ocrx_word' id='word_1_85' title='bbox 2629 1842 2772 1887; x_wconf 92' lang='lat' dir='ltr'>cum</span> 
     </span>
     <span class='ocr_line' id='line_1_13' title="bbox 475 1928 2775 2012; baseline -0 -18"><span class='ocrx_word' id='word_1_86' title='bbox 475 1929 777 1994; x_wconf 83' lang='lat' dir='ltr'>adserunt</span> <span class='ocrx_word' id='word_1_87' title='bbox 840 1929 1041 1994; x_wconf 89' lang='lat' dir='ltr'>uideri</span> <span class='ocrx_word' id='word_1_88' title='bbox 1108 1947 1299 2012; x_wconf 89' lang='lat' dir='ltr'>posse</span> <span class='ocrx_word' id='word_1_89' title='bbox 1358 1928 1561 1994; x_wconf 88' lang='lat' dir='ltr'>oculis</span> <span class='ocrx_word' id='word_1_90' title='bbox 1619 1929 1918 2010; x_wconf 86' lang='lat' dir='ltr'>corporis,</span> <span class='ocrx_word' id='word_1_91' title='bbox 1981 1947 2140 2010; x_wconf 88' lang='lat' dir='ltr'>quos</span> <span class='ocrx_word' id='word_1_92' title='bbox 2197 1949 2316 1993; x_wconf 91' lang='lat' dir='ltr'>non</span> <span class='ocrx_word' id='word_1_93' title='bbox 2369 1930 2610 1994; x_wconf 87' lang='lat' dir='ltr'>creauit</span> <span class='ocrx_word' id='word_1_94' title='bbox 2652 1929 2775 1993; x_wconf 91' lang='lat' dir='ltr'>nisi</span> 
     </span>
     <span class='ocr_line' id='line_1_14' title="bbox 478 2035 2773 2120; baseline -0.001 -20"><span class='ocrx_word' id='word_1_95' title='bbox 478 2037 555 2101; x_wconf 82' lang='lat' dir='ltr'>ad</span> <span class='ocrx_word' id='word_1_96' title='bbox 622 2055 883 2120; x_wconf 89' lang='lat' dir='ltr'>corpora</span> <span class='ocrx_word' id='word_1_97' title='bbox 940 2035 1309 2102; x_wconf 88' lang='lat' dir='ltr'>contuenda.</span> <span class='ocrx_word' id='word_1_98' title='bbox 1378 2055 1600 2100; x_wconf 89' lang='lat' dir='ltr'>uerum</span> <span class='ocrx_word' id='word_1_99' title='bbox 1660 2035 1770 2099; x_wconf 88' lang='lat' dir='ltr'>isti</span> <span class='ocrx_word' id='word_1_100' title='bbox 1829 2055 1940 2100; x_wconf 86' lang='lat' dir='ltr'>nec</span> <span class='ocrx_word' id='word_1_101' title='bbox 1999 2036 2153 2119; x_wconf 87' lang='lat' dir='ltr'>quid</span> <span class='ocrx_word' id='word_1_102' title='bbox 2208 2037 2294 2100; x_wconf 84' lang='lat' dir='ltr'>sit</span> <span class='ocrx_word' id='word_1_103' title='bbox 2339 2055 2569 2118; x_wconf 89' lang='lat' dir='ltr'>corpus</span> <span class='ocrx_word' id='word_1_104' title='bbox 2616 2036 2773 2101; x_wconf 89' lang='lat' dir='ltr'>mihi</span> 
     </span>
     <span class='ocr_line' id='line_1_15' title="bbox 478 2143 2774 2226; baseline -0.001 -18"><span class='ocrx_word' id='word_1_105' title='bbox 478 2143 777 2208; x_wconf 87' lang='lat' dir='ltr'>uidentur</span> <span class='ocrx_word' id='word_1_106' title='bbox 823 2144 983 2208; x_wconf 89' lang='lat' dir='ltr'>scire</span> <span class='ocrx_word' id='word_1_107' title='bbox 1030 2161 1144 2208; x_wconf 90' lang='lat' dir='ltr'>nec</span> <span class='ocrx_word' id='word_1_108' title='bbox 1202 2144 1509 2224; x_wconf 87' lang='lat' dir='ltr'>quantum</span> <span class='ocrx_word' id='word_1_109' title='bbox 1567 2163 1604 2206; x_wconf 90' lang='lat' dir='ltr'>a</span> <span class='ocrx_word' id='word_1_110' title='bbox 1658 2161 1917 2226; x_wconf 90' lang='lat' dir='ltr'>corpore</span> <span class='ocrx_word' id='word_1_111' title='bbox 1973 2143 2235 2224; x_wconf 87' lang='lat' dir='ltr'>spiritus</span> <span class='ocrx_word' id='word_1_112' title='bbox 2302 2145 2400 2206; x_wconf 89' lang='lat' dir='ltr'>est</span> <span class='ocrx_word' id='word_1_113' title='bbox 2463 2143 2638 2208; x_wconf 76' lang='lat' dir='ltr'>deuS.</span> <span class='ocrx_word' id='word_1_114' title='bbox 2703 2161 2774 2206; x_wconf 84' lang='lat' dir='ltr'>ex</span> 
     </span>
     <span class='ocr_line' id='line_1_16' title="bbox 479 2248 2868 2334; baseline -0.002 -22"><span class='ocrx_word' id='word_1_115' title='bbox 479 2251 809 2315; x_wconf 84' lang='lat' dir='ltr'>occasione</span> <span class='ocrx_word' id='word_1_116' title='bbox 858 2269 1029 2334; x_wconf 87' lang='lat' dir='ltr'>ergo,</span> <span class='ocrx_word' id='word_1_117' title='bbox 1080 2268 1203 2332; x_wconf 91' lang='lat' dir='ltr'>qua</span> <span class='ocrx_word' id='word_1_118' title='bbox 1252 2267 1389 2313; x_wconf 87' lang='lat' dir='ltr'>eam</span> <span class='ocrx_word' id='word_1_119' title='bbox 1438 2253 1788 2332; x_wconf 88' lang='lat' dir='ltr'>utcumque</span> <span class='ocrx_word' id='word_1_120' title='bbox 1837 2248 2282 2314; x_wconf 84' lang='lat' dir='ltr'>consolandam</span> <span class='ocrx_word' id='word_1_121' title='bbox 2317 2249 2563 2334; x_wconf 89' lang='lat' dir='ltr'>putaui,</span> <span class='ocrx_word' id='word_1_122' title='bbox 2603 2249 2774 2313; x_wconf 88' lang='lat' dir='ltr'>nolui</span> <span class='ocrx_word' id='word_1_123' title='bbox 2812 2269 2868 2307; x_wconf 78' lang='lat'>15</span> 
     </span>
     <span class='ocr_line' id='line_1_17' title="bbox 476 2355 2774 2442; baseline -0.001 -20"><span class='ocrx_word' id='word_1_124' title='bbox 476 2357 1001 2442; x_wconf 85' lang='lat' dir='ltr'>praetermittere,</span> <span class='ocrx_word' id='word_1_125' title='bbox 1052 2357 1161 2420; x_wconf 91' lang='lat' dir='ltr'>ubi</span> <span class='ocrx_word' id='word_1_126' title='bbox 1210 2359 1498 2420; x_wconf 88' lang='lat' dir='ltr'>nostrum</span> <span class='ocrx_word' id='word_1_127' title='bbox 1547 2355 1828 2421; x_wconf 90' lang='lat' dir='ltr'>omnium</span> <span class='ocrx_word' id='word_1_128' title='bbox 1876 2356 2399 2440; x_wconf 86' lang='lat' dir='ltr'>peregrinationis</span> <span class='ocrx_word' id='word_1_129' title='bbox 2447 2376 2598 2420; x_wconf 87' lang='lat' dir='ltr'>uera</span> <span class='ocrx_word' id='word_1_130' title='bbox 2634 2373 2774 2420; x_wconf 94' lang='lat' dir='ltr'>con-</span> 
     </span>
     <span class='ocr_line' id='line_1_18' title="bbox 476 2461 2770 2546; baseline -0.003 -16"><span class='ocrx_word' id='word_1_131' title='bbox 476 2465 705 2530; x_wconf 86' lang='lat' dir='ltr'>solatio</span> <span class='ocrx_word' id='word_1_132' title='bbox 772 2463 1121 2528; x_wconf 87' lang='lat' dir='ltr'>constituta</span> <span class='ocrx_word' id='word_1_133' title='bbox 1185 2465 1303 2528; x_wconf 81' lang='lat' dir='ltr'>est.</span> <span class='ocrx_word' id='word_1_134' title='bbox 1372 2461 1525 2546; x_wconf 89' lang='lat' dir='ltr'>quid</span> <span class='ocrx_word' id='word_1_135' title='bbox 1590 2466 1806 2528; x_wconf 88' lang='lat' dir='ltr'>autem</span> <span class='ocrx_word' id='word_1_136' title='bbox 1873 2467 2090 2528; x_wconf 85' lang='lat' dir='ltr'>contra</span> <span class='ocrx_word' id='word_1_137' title='bbox 2153 2463 2386 2540; x_wconf 84' lang='lat' dir='ltr'>dicant,</span> <span class='ocrx_word' id='word_1_138' title='bbox 2448 2463 2556 2544; x_wconf 90' lang='lat' dir='ltr'>qui</span> <span class='ocrx_word' id='word_1_139' title='bbox 2611 2461 2770 2526; x_wconf 85' lang='lat' dir='ltr'>illud</span> 
     </span>
     <span class='ocr_line' id='line_1_19' title="bbox 476 2569 2776 2653; baseline -0.002 -18"><span class='ocrx_word' id='word_1_140' title='bbox 476 2572 777 2645; x_wconf 87' lang='lat' dir='ltr'>sentiunt,</span> <span class='ocrx_word' id='word_1_141' title='bbox 845 2570 1015 2653; x_wconf 90' lang='lat' dir='ltr'>qnod</span> <span class='ocrx_word' id='word_1_142' title='bbox 1078 2570 1300 2652; x_wconf 88' lang='lat' dir='ltr'>paucis</span> <span class='ocrx_word' id='word_1_143' title='bbox 1378 2569 1653 2633; x_wconf 85' lang='lat' dir='ltr'>refutare</span> <span class='ocrx_word' id='word_1_144' title='bbox 1729 2569 2210 2650; x_wconf 77' lang='lat' dir='ltr'>temptauimus,</span> <span class='ocrx_word' id='word_1_145' title='bbox 2285 2569 2591 2634; x_wconf 85' lang='lat' dir='ltr'>sanctitas</span> <span class='ocrx_word' id='word_1_146' title='bbox 2663 2573 2776 2631; x_wconf 88' lang='lat' dir='ltr'>tua</span> 
     </span>
     <span class='ocr_line' id='line_1_20' title="bbox 475 2674 2770 2759; baseline -0.002 -17"><span class='ocrx_word' id='word_1_147' title='bbox 475 2679 633 2742; x_wconf 86' lang='lat' dir='ltr'>mihi</span> <span class='ocrx_word' id='word_1_148' title='bbox 704 2678 1047 2744; x_wconf 85' lang='lat' dir='ltr'>rescribere</span> <span class='ocrx_word' id='word_1_149' title='bbox 1123 2695 1245 2740; x_wconf 89' lang='lat' dir='ltr'>non</span> <span class='ocrx_word' id='word_1_150' title='bbox 1322 2679 1644 2759; x_wconf 87' lang='lat' dir='ltr'>grauetur,</span> <span class='ocrx_word' id='word_1_151' title='bbox 1721 2676 1776 2739; x_wconf 88' lang='lat' dir='ltr'>si</span> <span class='ocrx_word' id='word_1_152' title='bbox 1850 2676 2010 2740; x_wconf 84' lang='lat' dir='ltr'>forte</span> <span class='ocrx_word' id='word_1_153' title='bbox 2085 2676 2260 2740; x_wconf 90' lang='lat' dir='ltr'>illius</span> <span class='ocrx_word' id='word_1_154' title='bbox 2327 2674 2770 2740; x_wconf 85' lang='lat' dir='ltr'>uerecundiam</span> 
     </span>
     <span class='ocr_line' id='line_1_21' title="bbox 476 2782 2864 2870; baseline -0.002 -24"><span class='ocrx_word' id='word_1_155' title='bbox 476 2785 755 2870; x_wconf 84' lang='lat' dir='ltr'>piguerit</span> <span class='ocrx_word' id='word_1_156' title='bbox 799 2785 999 2848; x_wconf 87' lang='lat' dir='ltr'>istum</span> <span class='ocrx_word' id='word_1_157' title='bbox 1047 2783 1253 2847; x_wconf 89' lang='lat' dir='ltr'>ueluti</span> <span class='ocrx_word' id='word_1_158' title='bbox 1300 2782 1663 2847; x_wconf 87' lang='lat' dir='ltr'>conflictum</span> <span class='ocrx_word' id='word_1_159' title='bbox 1713 2784 2007 2865; x_wconf 86' lang='lat' dir='ltr'>quamuis</span> <span class='ocrx_word' id='word_1_160' title='bbox 2049 2803 2120 2846; x_wconf 83' lang='lat' dir='ltr'>ex</span> <span class='ocrx_word' id='word_1_161' title='bbox 2159 2782 2364 2846; x_wconf 88' lang='lat' dir='ltr'>aliena</span> <span class='ocrx_word' id='word_1_162' title='bbox 2399 2802 2771 2865; x_wconf 85' lang='lat' dir='ltr'>praesump-</span> <span class='ocrx_word' id='word_1_163' title='bbox 2809 2806 2864 2842; x_wconf 68' lang='grc' dir='ltr'>ευ</span> 
     </span>
     <span class='ocr_line' id='line_1_22' title="bbox 474 2887 2773 2972; baseline -0.002 -16"><span class='ocrx_word' id='word_1_164' title='bbox 474 2891 647 2956; x_wconf 85' lang='lat' dir='ltr'>tione</span> <span class='ocrx_word' id='word_1_165' title='bbox 704 2891 1048 2972; x_wconf 86' lang='lat' dir='ltr'>suscipere,</span> <span class='ocrx_word' id='word_1_166' title='bbox 1099 2893 1211 2954; x_wconf 89' lang='lat' dir='ltr'>aut</span> <span class='ocrx_word' id='word_1_167' title='bbox 1266 2895 1436 2954; x_wconf 89' lang='lat' dir='ltr'>certe</span> <span class='ocrx_word' id='word_1_168' title='bbox 1495 2889 1559 2953; x_wconf 94' lang='lat' dir='ltr'>id</span> <span class='ocrx_word' id='word_1_169' title='bbox 1618 2887 1853 2954; x_wconf 86' lang='lat' dir='ltr'>efficiat</span> <span class='ocrx_word' id='word_1_170' title='bbox 1901 2890 2132 2954; x_wconf 85' lang='lat' dir='ltr'>caritas</span> <span class='ocrx_word' id='word_1_171' title='bbox 2179 2897 2311 2966; x_wconf 86' lang='lat' dir='ltr'>tua,</span> <span class='ocrx_word' id='word_1_172' title='bbox 2363 2894 2436 2953; x_wconf 90' lang='lat' dir='ltr'>ut</span> <span class='ocrx_word' id='word_1_173' title='bbox 2489 2888 2606 2966; x_wconf 93' lang='lat' dir='ltr'>illi,</span> <span class='ocrx_word' id='word_1_174' title='bbox 2665 2890 2773 2971; x_wconf 90' lang='lat' dir='ltr'>qui</span> 
     </span>
     <span class='ocr_line' id='line_1_23' title="bbox 476 2995 2769 3079; baseline -0.001 -18"><span class='ocrx_word' id='word_1_175' title='bbox 476 2999 593 3061; x_wconf 88' lang='lat' dir='ltr'>hoc</span> <span class='ocrx_word' id='word_1_176' title='bbox 663 2997 945 3061; x_wconf 86' lang='lat' dir='ltr'>sentiunt</span> <span class='ocrx_word' id='word_1_177' title='bbox 1010 2999 1073 3060; x_wconf 89' lang='lat' dir='ltr'>et</span> <span class='ocrx_word' id='word_1_178' title='bbox 1139 3015 1212 3059; x_wconf 83' lang='lat' dir='ltr'>ea</span> <span class='ocrx_word' id='word_1_179' title='bbox 1275 2998 1513 3077; x_wconf 88' lang='lat' dir='ltr'>passim</span> <span class='ocrx_word' id='word_1_180' title='bbox 1582 3015 1874 3079; x_wconf 85' lang='lat' dir='ltr'>spargere</span> <span class='ocrx_word' id='word_1_181' title='bbox 1941 2999 2129 3078; x_wconf 88' lang='lat' dir='ltr'>atque</span> <span class='ocrx_word' id='word_1_182' title='bbox 2205 2995 2577 3060; x_wconf 88' lang='lat' dir='ltr'>conculcare</span> <span class='ocrx_word' id='word_1_183' title='bbox 2651 3015 2769 3060; x_wconf 89' lang='lat' dir='ltr'>non</span> 
     </span>
     <span class='ocr_line' id='line_1_24' title="bbox 478 3102 2770 3185; baseline -0.001 -17"><span class='ocrx_word' id='word_1_184' title='bbox 478 3103 798 3181; x_wconf 87' lang='lat' dir='ltr'>desinunt,</span> <span class='ocrx_word' id='word_1_185' title='bbox 864 3102 1021 3166; x_wconf 90' lang='lat' dir='ltr'>mihi</span> <span class='ocrx_word' id='word_1_186' title='bbox 1086 3103 1439 3167; x_wconf 86' lang='lat' dir='ltr'>rescribant</span> <span class='ocrx_word' id='word_1_187' title='bbox 1504 3103 1581 3166; x_wconf 90' lang='lat' dir='ltr'>ad</span> <span class='ocrx_word' id='word_1_188' title='bbox 1639 3103 1784 3180; x_wconf 73' lang='lat' dir='ltr'>ista,</span> <span class='ocrx_word' id='word_1_189' title='bbox 1845 3121 2004 3184; x_wconf 86' lang='lat' dir='ltr'>quae</span> <span class='ocrx_word' id='word_1_190' title='bbox 2062 3103 2306 3185; x_wconf 86' lang='lat' dir='ltr'>scripsi,</span> <span class='ocrx_word' id='word_1_191' title='bbox 2365 3106 2440 3166; x_wconf 92' lang='lat' dir='ltr'>ut</span> <span class='ocrx_word' id='word_1_192' title='bbox 2487 3122 2630 3166; x_wconf 92' lang='lat' dir='ltr'>cum</span> <span class='ocrx_word' id='word_1_193' title='bbox 2682 3103 2770 3166; x_wconf 87' lang='lat' dir='ltr'>eis</span> 
     </span>
     <span class='ocr_line' id='line_1_25' title="bbox 477 3209 2772 3294; baseline -0.001 -21"><span class='ocrx_word' id='word_1_194' title='bbox 477 3210 771 3292; x_wconf 88' lang='lat' dir='ltr'>deinceps</span> <span class='ocrx_word' id='word_1_195' title='bbox 838 3213 1081 3294; x_wconf 88' lang='lat' dir='ltr'>agatur,</span> <span class='ocrx_word' id='word_1_196' title='bbox 1148 3209 1317 3291; x_wconf 87' lang='lat' dir='ltr'>quod</span> <span class='ocrx_word' id='word_1_197' title='bbox 1384 3209 1459 3274; x_wconf 89' lang='lat' dir='ltr'>de</span> <span class='ocrx_word' id='word_1_198' title='bbox 1524 3210 1642 3273; x_wconf 90' lang='lat' dir='ltr'>hac</span> <span class='ocrx_word' id='word_1_199' title='bbox 1707 3228 1770 3273; x_wconf 88' lang='lat' dir='ltr'>re</span> <span class='ocrx_word' id='word_1_200' title='bbox 1838 3210 1941 3293; x_wconf 87' lang='lat' dir='ltr'>agi</span> <span class='ocrx_word' id='word_1_201' title='bbox 2009 3213 2294 3292; x_wconf 84' lang='lat' dir='ltr'>oportere</span> <span class='ocrx_word' id='word_1_202' title='bbox 2353 3212 2572 3274; x_wconf 84' lang='lat' dir='ltr'>sancta</span> <span class='ocrx_word' id='word_1_203' title='bbox 2624 3228 2772 3292; x_wconf 89' lang='lat' dir='ltr'>prn-</span> 
     </span>
     <span class='ocr_line' id='line_1_26' title="bbox 476 3315 2852 3399; baseline -0.002 -19"><span class='ocrx_word' id='word_1_204' title='bbox 476 3317 687 3380; x_wconf 90' lang='lat' dir='ltr'>dentia</span> <span class='ocrx_word' id='word_1_205' title='bbox 738 3319 853 3382; x_wconf 85' lang='lat' dir='ltr'>tua</span> <span class='ocrx_word' id='word_1_206' title='bbox 896 3316 1189 3399; x_wconf 84' lang='lat' dir='ltr'>peruidet</span> <span class='ocrx_word' id='word_1_207' title='bbox 1233 3335 1505 3380; x_wconf 86' lang='lat' dir='ltr'>mecum.</span> <span class='ocrx_word' id='word_1_208' title='bbox 1566 3335 1687 3380; x_wconf 88' lang='lat' dir='ltr'>non</span> <span class='ocrx_word' id='word_1_209' title='bbox 1737 3316 1902 3380; x_wconf 87' lang='lat' dir='ltr'>enim</span> <span class='ocrx_word' id='word_1_210' title='bbox 1951 3316 2148 3399; x_wconf 83' lang='lat' dir='ltr'>gratis</span> <span class='ocrx_word' id='word_1_211' title='bbox 2195 3316 2402 3380; x_wconf 88' lang='lat' dir='ltr'>anima</span> <span class='ocrx_word' id='word_1_212' title='bbox 2447 3315 2772 3380; x_wconf 87' lang='lat' dir='ltr'>rationalis</span> <span class='ocrx_word' id='word_1_213' title='bbox 2800 3337 2852 3376; x_wconf 76' lang='lat'>25</span> 
     </span>
     <span class='ocr_line' id='line_1_27' title="bbox 476 3421 2770 3506; baseline 0.001 -21"><span class='ocrx_word' id='word_1_214' title='bbox 476 3423 711 3486; x_wconf 83' lang='lat' dir='ltr'>talibus</span> <span class='ocrx_word' id='word_1_215' title='bbox 759 3427 941 3505; x_wconf 87' lang='lat' dir='ltr'>pasta</span> <span class='ocrx_word' id='word_1_216' title='bbox 984 3423 1449 3504; x_wconf 84' lang='lat' dir='ltr'>phantasmatis</span> <span class='ocrx_word' id='word_1_217' title='bbox 1496 3423 1942 3487; x_wconf 86' lang='lat' dir='ltr'>intercluditur</span> <span class='ocrx_word' id='word_1_218' title='bbox 1989 3427 2054 3486; x_wconf 88' lang='lat' dir='ltr'>et</span> <span class='ocrx_word' id='word_1_219' title='bbox 2107 3423 2364 3506; x_wconf 87' lang='lat' dir='ltr'>penitus</span> <span class='ocrx_word' id='word_1_220' title='bbox 2421 3421 2770 3488; x_wconf 85' lang='lat' dir='ltr'>obturatur.</span> 
     </span>
     <span class='ocr_line' id='line_1_28' title="bbox 478 3529 2770 3612; baseline 0 -20"><span class='ocrx_word' id='word_1_221' title='bbox 478 3547 555 3594; x_wconf 86' lang='lat' dir='ltr'>ne</span> <span class='ocrx_word' id='word_1_222' title='bbox 600 3530 909 3612; x_wconf 87' lang='lat' dir='ltr'>percipiat</span> <span class='ocrx_word' id='word_1_223' title='bbox 957 3549 1277 3594; x_wconf 88' lang='lat' dir='ltr'>summum</span> <span class='ocrx_word' id='word_1_224' title='bbox 1327 3530 1485 3594; x_wconf 91' lang='lat' dir='ltr'>illud</span> <span class='ocrx_word' id='word_1_225' title='bbox 1536 3534 1601 3595; x_wconf 88' lang='lat' dir='ltr'>et</span> <span class='ocrx_word' id='word_1_226' title='bbox 1645 3531 2167 3596; x_wconf 88' lang='lat' dir='ltr'>incommutabile</span> <span class='ocrx_word' id='word_1_227' title='bbox 2213 3529 2472 3607; x_wconf 86' lang='lat' dir='ltr'>bonum,</span> <span class='ocrx_word' id='word_1_228' title='bbox 2521 3531 2575 3593; x_wconf 89' lang='lat' dir='ltr'>si</span> <span class='ocrx_word' id='word_1_229' title='bbox 2625 3549 2770 3612; x_wconf 87' lang='lat' dir='ltr'>spes</span> 
     </span>
    </p>
   </div>
   <div class='ocr_carea' id='block_1_6' title="bbox 472 3686 2766 3845">
    <p class='ocr_par' dir='ltr' id='par_1_6' title="bbox 472 3686 2766 3845">
     <span class='ocr_line' id='line_1_29' title="bbox 500 3686 2766 3755; baseline 0 -15"><span class='ocrx_word' id='word_1_230' title='bbox 500 3689 507 3694; x_wconf 85' lang='grc'><strong>’</strong></span> <span class='ocrx_word' id='word_1_231' title='bbox 550 3689 569 3740; x_wconf 87' lang='lat'>1</span> <span class='ocrx_word' id='word_1_232' title='bbox 614 3687 669 3739; x_wconf 91' lang='lat' dir='ltr'>in</span> <span class='ocrx_word' id='word_1_233' title='bbox 708 3702 808 3741; x_wconf 86' lang='lat' dir='ltr'>om.</span> <span class='ocrx_word' id='word_1_234' title='bbox 850 3687 1001 3753; x_wconf 82' lang='lat' dir='ltr'>edd.;</span> <span class='ocrx_word' id='word_1_235' title='bbox 1036 3689 1105 3754; x_wconf 79' lang='lat' dir='ltr'>cf.</span> <span class='ocrx_word' id='word_1_236' title='bbox 1142 3705 1196 3755; x_wconf 78' lang='lat' dir='ltr'>p.</span> <span class='ocrx_word' id='word_1_237' title='bbox 1240 3691 1376 3754; x_wconf 76' lang='lat'>436,</span> <span class='ocrx_word' id='word_1_238' title='bbox 1416 3693 1455 3740; x_wconf 73' lang='lat'><em>2</em></span> <span class='ocrx_word' id='word_1_239' title='bbox 1599 3686 2260 3741; x_wconf 82' lang='lat' dir='ltr'>honorabiles—resaluto</span> <span class='ocrx_word' id='word_1_240' title='bbox 2299 3703 2402 3741; x_wconf 83' lang='lat' dir='ltr'>om.</span> <span class='ocrx_word' id='word_1_241' title='bbox 2441 3686 2766 3749; x_wconf 74' lang='lat' dir='ltr'>PP¹SVP⁴,</span> 
     </span>
     <span class='ocr_line' id='line_1_30' title="bbox 472 3774 1717 3845; baseline 0.001 -17"><span class='ocrx_word' id='word_1_242' title='bbox 472 3775 637 3829; x_wconf 79' lang='lat' dir='ltr'>habet</span> <span class='ocrx_word' id='word_1_243' title='bbox 672 3775 843 3845; x_wconf 64' lang='grc' dir='ltr'>ἐρίων</span> <span class='ocrx_word' id='word_1_244' title='bbox 877 3791 1026 3828; x_wconf 77' lang='lat' dir='ltr'>unus</span> <span class='ocrx_word' id='word_1_245' title='bbox 1062 3774 1137 3828; x_wconf 77' lang='lat'>1⁵²</span> <span class='ocrx_word' id='word_1_246' title='bbox 1245 3779 1277 3830; x_wconf 87' lang='lat'><strong>3</strong></span> <span class='ocrx_word' id='word_1_247' title='bbox 1318 3777 1557 3830; x_wconf 85' lang='lat' dir='ltr'>resaluta</span> <span class='ocrx_word' id='word_1_248' title='bbox 1594 3775 1717 3830; x_wconf 83' lang='lat' dir='ltr'>edd.</span> 
     </span>
    </p>
   </div>
   <div class='ocr_carea' id='block_1_7' title="bbox 464 3889 2772 4050">
    <p class='ocr_par' dir='ltr' id='par_1_7' title="bbox 464 3889 2772 4050">
     <span class='ocr_line' id='line_1_31' title="bbox 542 3889 2772 3959; baseline 0 -15"><span class='ocrx_word' id='word_1_249' title='bbox 542 3889 808 3959; x_wconf 74' lang='lat' dir='ltr'>Epistula</span> <span class='ocrx_word' id='word_1_250' title='bbox 834 3891 895 3944; x_wconf 83' lang='lat' dir='ltr'><em>X</em></span> <span class='ocrx_word' id='word_1_251' title='bbox 900 3891 985 3944; x_wconf 82' lang='lat' dir='ltr'>CI</span> <span class='ocrx_word' id='word_1_252' title='bbox 986 3891 1021 3943; x_wconf 87' lang='lat' dir='ltr'><strong><em>I</em></strong></span> <span class='ocrx_word' id='word_1_253' title='bbox 1022 3893 1067 3943; x_wconf 83' lang='lat' dir='ltr'><strong><em>A</em></strong></span> <span class='ocrx_word' id='word_1_254' title='bbox 1098 3892 1158 3944; x_wconf 82' lang='lat' dir='ltr'>in</span> <span class='ocrx_word' id='word_1_255' title='bbox 1185 3907 1299 3946; x_wconf 82' lang='lat' dir='ltr'>uno</span> <span class='ocrx_word' id='word_1_256' title='bbox 1329 3891 1510 3945; x_wconf 81' lang='lat' dir='ltr'>codiee</span> <span class='ocrx_word' id='word_1_257' title='bbox 1543 3891 2023 3945; x_wconf 73' lang='lat' dir='ltr'>Claeltenhamensi</span> <span class='ocrx_word' id='word_1_258' title='bbox 2052 3895 2203 3945; x_wconf 76' lang='lat'><em>2173</em></span> <span class='ocrx_word' id='word_1_259' title='bbox 2225 3891 2328 3958; x_wconf 85' lang='lat' dir='ltr'>(E)</span> <span class='ocrx_word' id='word_1_260' title='bbox 2357 3891 2592 3944; x_wconf 76' lang='lat' dir='ltr'>inuenta</span> <span class='ocrx_word' id='word_1_261' title='bbox 2621 3907 2772 3944; x_wconf 66' lang='lat' dir='ltr'>nuvae</span> 
     </span>
     <span class='ocr_line' id='line_1_32' title="bbox 464 3979 1025 4050; baseline -0.004 -16"><span class='ocrx_word' id='word_1_262' title='bbox 464 3981 707 4050; x_wconf 60' lang='lat' dir='ltr'>primum</span> <span class='ocrx_word' id='word_1_263' title='bbox 744 3985 821 4034; x_wconf 71' lang='lat' dir='ltr'>est</span> <span class='ocrx_word' id='word_1_264' title='bbox 856 3979 1025 4034; x_wconf 78' lang='lat' dir='ltr'>edita.</span> 
     </span>
    </p>
   </div>
   <div class='ocr_carea' id='block_1_8' title="bbox 473 4086 2776 4422">
    <p class='ocr_par' dir='ltr' id='par_1_8' title="bbox 473 4086 2776 4422">
     <span class='ocr_line' id='line_1_33' title="bbox 550 4086 2770 4156; baseline 0 -16"><span class='ocrx_word' id='word_1_265' title='bbox 550 4087 615 4141; x_wconf 89' lang='lat'>10</span> <span class='ocrx_word' id='word_1_266' title='bbox 672 4103 829 4156; x_wconf 84' lang='lat' dir='ltr'>quarn</span> <span class='ocrx_word' id='word_1_267' title='bbox 880 4086 966 4152; x_wconf 81' lang='lat' dir='ltr'>E,·</span> <span class='ocrx_word' id='word_1_268' title='bbox 1012 4086 1306 4138; x_wconf 72' lang='lat' dir='ltr'>emendam·</span> <span class='ocrx_word' id='word_1_269' title='bbox 1352 4102 1676 4156; x_wconf 85' lang='lat' dir='ltr'>quamquam</span> <span class='ocrx_word' id='word_1_270' title='bbox 1861 4087 1924 4139; x_wconf 85' lang='lat'>12</span> <span class='ocrx_word' id='word_1_271' title='bbox 1983 4087 2166 4140; x_wconf 86' lang='lat' dir='ltr'>uidere</span> <span class='ocrx_word' id='word_1_272' title='bbox 2212 4087 2297 4153; x_wconf 83' lang='lat' dir='ltr'>E;</span> <span class='ocrx_word' id='word_1_273' title='bbox 2339 4087 2554 4142; x_wconf 60' lang='grc' dir='ltr'>εον-ναί</span> <span class='ocrx_word' id='word_1_274' title='bbox 2597 4086 2770 4140; x_wconf 85' lang='lat' dir='ltr'>uideri</span> 
     </span>
     <span class='ocr_line' id='line_1_34' title="bbox 480 4174 2776 4244; baseline -0 -16"><span class='ocrx_word' id='word_1_275' title='bbox 480 4176 545 4229; x_wconf 89' lang='lat'>13</span> <span class='ocrx_word' id='word_1_276' title='bbox 582 4191 669 4238; x_wconf 84' lang='lat' dir='ltr'>ne,</span> <span class='ocrx_word' id='word_1_277' title='bbox 708 4193 775 4230; x_wconf 89' lang='lat' dir='ltr'>m.</span> <span class='ocrx_word' id='word_1_278' title='bbox 798 4179 837 4229; x_wconf 82' lang='lat'><em>2</em></span> <span class='ocrx_word' id='word_1_279' title='bbox 874 4191 972 4228; x_wconf 89' lang='lat' dir='ltr'>nec</span> <span class='ocrx_word' id='word_1_280' title='bbox 1010 4175 1070 4228; x_wconf 82' lang='lat' dir='ltr'><em>E</em></span> <span class='ocrx_word' id='word_1_281' title='bbox 1150 4175 1214 4228; x_wconf 79' lang='lat'>15</span> <span class='ocrx_word' id='word_1_282' title='bbox 1252 4174 1571 4228; x_wconf 86' lang='lat' dir='ltr'>hoccasione</span> <span class='ocrx_word' id='word_1_283' title='bbox 1615 4176 1668 4242; x_wconf 87' lang='lat' dir='ltr'>(h</span> <span class='ocrx_word' id='word_1_284' title='bbox 1709 4181 1874 4241; x_wconf 70' lang='lat' dir='ltr'>era-3.)</span> <span class='ocrx_word' id='word_1_285' title='bbox 1903 4175 1963 4229; x_wconf 79' lang='lat' dir='ltr'><em>E</em></span> <span class='ocrx_word' id='word_1_286' title='bbox 2048 4177 2114 4229; x_wconf 88' lang='lat'>18</span> <span class='ocrx_word' id='word_1_287' title='bbox 2141 4177 2308 4244; x_wconf 76' lang='lat' dir='ltr'>pacis,</span> <span class='ocrx_word' id='word_1_288' title='bbox 2338 4193 2404 4231; x_wconf 86' lang='lat' dir='ltr'>m.</span> <span class='ocrx_word' id='word_1_289' title='bbox 2427 4177 2467 4228; x_wconf 82' lang='lat'><strong><em>2</em></strong></span> <span class='ocrx_word' id='word_1_290' title='bbox 2501 4177 2687 4244; x_wconf 87' lang='lat' dir='ltr'>paucis</span> <span class='ocrx_word' id='word_1_291' title='bbox 2717 4175 2776 4227; x_wconf 84' lang='lat' dir='ltr'><em>E</em></span> 
     </span>
     <span class='ocr_line' id='line_1_35' title="bbox 473 4262 2768 4334; baseline 0 -18"><span class='ocrx_word' id='word_1_292' title='bbox 473 4262 543 4316; x_wconf 74' lang='lat'>20</span> <span class='ocrx_word' id='word_1_293' title='bbox 580 4263 869 4333; x_wconf 85' lang='lat' dir='ltr'>pigueritis</span> <span class='ocrx_word' id='word_1_294' title='bbox 908 4269 1019 4318; x_wconf 80' lang='lat' dir='ltr'>tuin</span> <span class='ocrx_word' id='word_1_295' title='bbox 1059 4263 1119 4316; x_wconf 81' lang='lat' dir='ltr'><em>E</em></span> <span class='ocrx_word' id='word_1_296' title='bbox 1282 4265 1351 4317; x_wconf 84' lang='lat'>24</span> <span class='ocrx_word' id='word_1_297' title='bbox 1390 4268 1608 4334; x_wconf 87' lang='lat' dir='ltr'>oportet</span> <span class='ocrx_word' id='word_1_298' title='bbox 1643 4265 1724 4330; x_wconf 84' lang='lat' dir='ltr'>E;</span> <span class='ocrx_word' id='word_1_299' title='bbox 1759 4264 1957 4332; x_wconf 75' lang='lat' dir='ltr'>scripsi</span> <span class='ocrx_word' id='word_1_300' title='bbox 1993 4269 2240 4334; x_wconf 84' lang='lat' dir='ltr'>oportere</span> <span class='ocrx_word' id='word_1_301' title='bbox 2404 4265 2473 4318; x_wconf 80' lang='lat'>26</span> <span class='ocrx_word' id='word_1_302' title='bbox 2511 4263 2768 4334; x_wconf 85' lang='lat' dir='ltr'>phantas-</span> 
     </span>
     <span class='ocr_line' id='line_1_36' title="bbox 474 4351 1634 4422; baseline 0.001 -17"><span class='ocrx_word' id='word_1_303' title='bbox 474 4357 663 4413; x_wconf 82' lang='lat' dir='ltr'>inatas‚</span> <span class='ocrx_word' id='word_1_304' title='bbox 703 4369 839 4405; x_wconf 79' lang='lat' dir='ltr'>corr.</span> <span class='ocrx_word' id='word_1_305' title='bbox 882 4357 971 4416; x_wconf 86' lang='lat' dir='ltr'>(m.</span> <span class='ocrx_word' id='word_1_306' title='bbox 994 4351 1102 4422; x_wconf 76' lang='lat'>2?)</span> <span class='ocrx_word' id='word_1_307' title='bbox 1139 4352 1537 4421; x_wconf 83' lang='lat' dir='ltr'>phantasmatis</span> <span class='ocrx_word' id='word_1_308' title='bbox 1574 4354 1634 4406; x_wconf 84' lang='lat' dir='ltr'><em>E</em></span> 
     </span>
    </p>
   </div>
  </div>
 </body>
</html>
