3184 4959
597 406 726 471 726
1299 403 1354 459 S.
1410 402 1684 457 Aureli
1739 403 2175 474 Augustini

595 597 704 663 ille
741 617 891 663 uere
939 598 1216 663 iustus
1256 601 1376 676 est,
1416 597 1651 679 quiex
1696 597 1864 663 fide
1912 598 2133 663 uiuit
2169 616 2282 663 nec
2332 602 2591 664 sanctus
2625 599 2694 664 in
2732 602 2917 664 terra

597 709 700 772 est
751 705 865 771 sed
919 704 985 769 in
1033 704 1229 783 caelo,
1278 704 1427 787 quia
1479 724 1603 770 non
1652 724 1835 769 carne
1892 703 2004 770 sed
2062 706 2288 789 spiritu
2345 706 2652 784 ambulat,
2710 707 2911 772 cuius

598 812 1128 877 conuersatio
1194 810 1271 876 in
1339 811 1598 877 caelis
1664 814 1790 877 est
1851 830 1974 877 non
2040 812 2339 897 glorianti
2401 813 2469 877 in
2532 813 2911 879 concisione

597 919 801 985 carnis
867 918 980 983 sed
1039 918 1106 982 in
1162 917 1641 983 circumcisione
1696 916 1926 997 cordis,
1983 937 2146 1002 quae
2202 938 2350 984 non
2405 919 2702 985 littera
2758 920 2911 985 sed

598 1025 904 1110 spiritu
962 1026 1175 1111 agitur
1227 1025 1659 1105 inuisibiliter‚
1714 1024 1918 1091 unde
1976 1026 2159 1091 laus
2208 1024 2384 1090 eius
2440 1046 2587 1092 non
2634 1030 2767 1091 est
2816 1045 2911 1091 ex
2978 1053 3005 1089 ε,

597 1131 1062 1199 hominibus
1111 1132 1250 1199 sed
1297 1151 1385 1197 ex
1433 1132 1598 1200 deo.

509 1238 550 1301 4
685 1237 928 1305 Deinde
952 1238 1122 1323 quod
1149 1239 1361 1324 iungit
1384 1238 1449 1303 in
1481 1238 1701 1304 eodem
1729 1238 2079 1304 uersiculo:
2106 1238 2355 1304 Miras
2386 1238 2591 1303 fecit
2616 1239 2817 1304 uolu
2836 1258 2909 1304 n-

595 1349 812 1412 tates
894 1364 1082 1412 suas
1157 1345 1372 1411 inter
1431 1344 1655 1425 11103,
1726 1344 1912 1411 credo
1978 1364 2051 1411 ex
2115 1366 2188 1411 eo
2256 1345 2432 1420 dicit,
2501 1345 2670 1429 quod
2730 1345 2905 1429 ipsis

597 1452 874 1536 primum
924 1453 1250 1517 lucernam
1313 1452 1475 1537 legis
1532 1452 1820 1517 accendit
1873 1455 1938 1518 et
1992 1456 2327 1535 praecepta
2380 1452 2643 1517 uiuendi
2698 1451 2905 1517 dedit,

597 1562 854 1638 notas,
923 1560 1090 1623 enim
1155 1558 1384 1642 inquit,
1448 1558 1654 1624 fecit
1718 1558 1899 1623 uias
1966 1578 2149 1625 suas
2206 1558 2469 1644 Moysi
2527 1562 2605 1624 et
2668 1559 2903 1624 filiis
2944 1586 2997 1624 ιο

597 1664 914 1731 Israhel
973 1667 1458 1731 uoluntates
1517 1684 1726 1730 suas.
1786 1664 2011 1731 deinde
2066 1666 2281 1749 ipsum
2333 1666 2684 1750 pietatis
2742 1684 2903 1731 suae

600 1776 1188 1837 sacramentum
1264 1772 1330 1837 in
1404 1770 1567 1856 ipsis
1634 1774 1931 1855 operatus
1998 1776 2099 1837 est
2171 1775 2357 1837 natus
2430 1772 2495 1835 in
2561 1791 2746 1837 carne
2826 1791 2903 1838 ex

598 1879 846 1963 uirgine
895 1879 1050 1945 deus
1106 1878 1172 1943 in
1229 1881 1418 1963 gente
1469 1879 1759 1963 ipsorum
1806 1882 1873 1944 et
1916 1878 1994 1944 de
2042 1897 2225 1943 carne
2278 1879 2565 1963 ipsorum
2620 1878 2899 1944 factus

597 2003 684 2050 ex
749 1986 1052 2051 semine
1106 1984 1370 2050 Dauid
1432 1986 1644 2062 homo,
1702 1984 1925 2051 deinde
1978 1986 2255 2050 uirtutes
2311 1985 2678 2063 sanitatum,
2734 2004 2901 2069 quas

597 2091 662 2155 in
700 2091 860 2173 ipsis
899 2095 964 2156 et
991 2110 1202 2157 coram
1236 2091 1396 2174 ipsis
1433 2092 1703 2174 perfecit
1748 2092 1984 2177 quippe
2032 2092 2187 2157 haec
2234 2110 2357 2157 non
2396 2091 2581 2158 modo
2612 2091 2897 2157 creditus
2940 2114 2991 2153 ιε

601 2197 714 2264 'sed
759 2202 825 2263 et
878 2198 1357 2282 blasphematus
1405 2199 1482 2264 ab
1531 2198 1647 2277 eis,
1696 2218 1841 2263 cum
1890 2198 2201 2263 dicerent:
2248 2198 2397 2263 Hic
2452 2198 2683 2265 homo
2742 2198 2817 2263 si
2864 2218 2899 2261 a

601 2305 742 2373 deo
800 2308 1040 2386 esset,
1097 2325 1246 2372 non
1303 2309 1630 2371 curaret
1683 2306 2057 2371 sabbatis
2114 2308 2207 2371 et:
2254 2304 2423 2370 Non
2473 2305 2681 2370 eicit
2725 2304 2899 2370 dae-

598 2412 864 2477 monia
930 2412 1092 2478 nisi
1154 2411 1232 2476 in
1295 2412 1758 2478 Beelzebub
1832 2412 2205 2496 principe
2270 2411 2897 2477 daemoniorum.

598 2521 856 2603 propter
899 2519 1060 2583 hanc
1097 2521 1374 2583 mentem
1415 2518 1725 2584 obdurata
1759 2518 2091 2603 impietate
2130 2520 2449 2583 caecatam
2495 2518 2737 2583 multi
2750 2518 2899 2601 pli-

601 2628 832 2707 catae
880 2628 1065 2691 sunt
1109 2624 1653 2691 infirmitates
1702 2629 1768 2691 et
1810 2625 2110 2691 tenebrae
2156 2643 2449 2690 eorum.
2934 2646 2983 2684 ει

783 2898 813 2950 1
851 2896 1017 2951 Hebr.
1059 2897 1144 2961 10,
1183 2896 1278 2963 38;
1315 2897 1470 2952 Rom.
1513 2898 1560 2959 1,
1602 2898 1669 2951 17
1714 2942 1717 2945 .
1807 2897 1839 2951 2
1876 2896 2029 2951 Rom.
2068 2896 2118 2959 8,
2156 2897 2214 2959 4;
2258 2894 2377 2951 Gal.
2416 2898 2466 2959 5,
2508 2896 2573 2950 16
2684 2896 2718 2949 3
2754 2894 2896 2949 Phil.

602 2984 652 3046 3,
691 2984 763 3039 20
905 2986 1059 3039 Rom.
1097 2988 1150 3052 2,
1189 2985 1402 3041 28—29
1529 2988 1560 3041 7
1598 2986 1687 3040 Ps.
1732 2988 1816 3053 15,
1854 2984 1887 3039 3
2021 2985 2087 3039 10
2122 2984 2211 3038 Ps.
2255 2984 2378 3051 102,
2417 2984 2449 3038 7
2589 2984 2649 3038 11
2691 2982 2721 3037 Ι
2754 2982 2892 3037 Tim.

601 3073 654 3135 3,
696 3074 762 3129 16
893 3074 958 3129 13
996 3074 1149 3128 Rom.
1191 3076 1238 3139 1,
1278 3075 1312 3129 3
1441 3076 1510 3130 14
1544 3075 1674 3129 Luc.
1721 3076 1802 3138 13,
1841 3076 1911 3130 32
2042 3074 2108 3129 16
2146 3072 2263 3128 Ioh.
2301 3074 2351 3137 9,
2393 3074 2459 3128 16
2588 3072 2653 3125 17
2692 3072 2893 3126 Matth.

606 3161 692 3226 12,
729 3162 800 3217 24
911 3163 976 3216 19
1013 3162 1102 3217 Ps.
1146 3164 1230 3227 15,
1267 3166 1302 3218 4

675 3329 702 3383 1
743 3316 848 3385 {Eis
891 3329 940 3385 G
1043 3332 1077 3385 2
1115 3348 1223 3386 non
1262 3346 1364 3389 om.
1409 3332 1462 3387 G
1566 3347 1787 3386 *acerne
1825 3331 1877 3385 V
1971 3332 2004 3386 3
2042 3330 2318 3401 glorianti,
2356 3346 2424 3387 m.
2449 3333 2488 3384 2
2522 3328 2811 3399 gloriantis
2838 3326 2893 3380 P

602 3418 890 3488 gloriantis
927 3418 1047 3474 edd.
1077 3426 1363 3489 praetera
1398 3420 1623 3477 Har-tel.
1858 3420 2163 3475 concisione
2202 3424 2391 3489 (super
2427 3435 2525 3473 con
2562 3434 2633 3475 m.
2653 3420 2693 3471 2
2726 3417 2754 3470 1
2788 3417 2891 3471 cir·

603 3510 744 3574 cum)
781 3506 839 3561 P
871 3508 1207 3564 conscisione
1241 3509 1298 3562 A
1335 3509 1744 3563 circumcisione
1778 3508 1912 3563 MV
1944 3508 2065 3565 edd.
2102 3507 2325 3563 Hartel.
2428 3511 2460 3563 5
2498 3505 2695 3577 spiritu
2732 3509 2789 3573 (u
2828 3520 2895 3559 ea:

602 3611 741 3652 corr.
775 3613 843 3651 m.
866 3600 927 3665 2)
965 3598 1032 3653 K
1205 3615 1314 3653 non
1350 3614 1414 3652 ex
1450 3596 1759 3651 hominibus
1800 3602 1924 3663 (om.
1962 3601 2067 3665 ent)
2104 3598 2161 3651 A
2198 3595 2319 3650 edd.
2348 3600 2575 3665 praeter
2610 3610 2663 3648 m
2696 3598 2825 3646 noffi
2864 3602 2891 3648 ἔ

600 3700 710 3739 non
750 3702 812 3739 ex
846 3685 1154 3741 hominibus
1197 3686 1246 3740 0
1276 3704 1385 3741 non
1423 3702 1486 3741 ex
1520 3685 1831 3740 hominibus
1871 3688 1955 3740 est
1988 3702 2043 3739 m
2171 3686 2202 3739 7
2241 3685 2441 3739 mirans
2477 3682 2533 3736 A
2674 3682 2809 3736 facit
2852 3682 2897 3735 Ο

603 3773 638 3828 8
675 3789 756 3845 q·
791 3774 868 3829 M
1043 3774 1111 3830 10
1150 3775 1292 3829 enim
1327 3788 1371 3829 s.
1407 3792 1464 3832 u.
1501 3780 1623 3830 m.1
1668 3774 1717 3829 V
1896 3775 1962 3830 13
2002 3774 2073 3838 dx,
2111 3791 2248 3829 corr.
2290 3773 2353 3828 ds
2400 3773 2449 3827 V
2604 3776 2663 3827 et
2698 3788 2800 3826 om.
2838 3772 2893 3824 A

673 3862 852 3917 factus
889 3866 974 3917 est
1010 3878 1072 3917 ex
1098 3862 1145 3917 0
1173 3878 1275 3921 sec.
1325 3862 1480 3934 Vulq.
1559 3865 1628 3919 14
1656 3862 1969 3933 sanitatum]
2010 3862 2275 3917 canitanti
2296 3862 2303 3933 Ι
2327 3878 2415 3915 um
2436 3860 2507 3914 M
2581 3860 2648 3913 15
2685 3858 2821 3913 fecit
2842 3858 2895 3913 G

676 3952 898 4021 quippe]
940 3952 1034 4021 qui
1071 3956 1292 4023 propter
1329 3952 1381 4006 V
1413 3953 1508 4023 qui
1544 3968 1639 4023 per
1674 3952 1796 4007 edd.
1827 3953 2027 4023 quippe
2060 3967 2158 4021 per
2192 3950 2415 4005 Hartel.
2559 3964 2669 4002 non
2704 3946 2891 4017 modo]

603 4056 712 4094 non
746 4039 908 4094 modo
945 4058 1055 4095 non
1105 4040 1213 4095 VK
1243 4040 1464 4097 Hartel.
1664 4041 1899 4097 creditus
1938 4042 2010 4095 sit
2046 4040 2145 4095 sed
2182 4057 2220 4095 a
2256 4038 2490 4094 creditus
2527 4054 2637 4092 non
2676 4040 2762 4091 est
2796 4036 2897 4091 sed

605 4134 721 4185 cett.
761 4128 881 4183 edd.
996 4131 1062 4185 16
1101 4132 1159 4184 et
1195 4148 1298 4185 om.
1335 4130 1404 4185 K
1523 4131 1933 4201 blasphematus
1974 4136 2059 4184 est
2094 4130 2161 4183 ab
2212 4129 2263 4181 V
2293 4128 2413 4183 edd.
2536 4126 2653 4181 eius
2692 4130 2753 4192 (u
2790 4124 2895 4181 del.

603 4234 672 4272 m.
695 4217 752 4287 2)
790 4217 857 4271 K
962 4219 1029 4273 17
1069 4219 1212 4274 eicet
1245 4220 1322 4274 M
1428 4220 1492 4274 19
1528 4219 1692 4290 hanc]
1732 4218 1835 4274 hoc
1870 4219 1927 4272 A
2036 4220 2255 4272 caecata
2294 4222 2349 4283 (a
2386 4232 2453 4271 ex
2487 4231 2627 4271 corr.
2664 4232 2736 4270 m.
2758 4218 2817 4285 2)
2846 4215 2903 4269 P

603 4307 675 4361 20
711 4306 1022 4377 impietates
1055 4307 1182 4361 MA
1328 4311 1386 4363 et
1419 4307 1679 4363 tenebrae
1716 4324 1836 4371 om..
1875 4324 1942 4361 m.
1964 4311 1996 4360 1
2030 4306 2093 4360 in
2126 4322 2297 4376 mar-9.
2337 4305 2469 4360 add.
2515 4304 2569 4359 V
