3184 4959
1146 433 1676 503 epletularum
1735 433 1928 488 xcul.
2549 441 2673 502 451⁴

378 627 655 705 inflatus,
702 627 827 692 iste
876 627 1210 694 dilectione
1268 627 1696 694 inflammatus
1753 633 1871 694 cst.
1937 629 2187 695 Iezabel
2243 632 2478 696 occidit
2541 651 2680 713 pro-

380 736 629 820 phetas,
692 735 915 802 Helias
980 735 1217 802 occidit
1280 735 1900 820 pseudoprophetam
1967 741 2144 821 puto,
2203 740 2372 821 quod
2429 739 2680 805 diuersa

383 843 513 908 sint
554 842 781 908 merita
826 843 1219 922 facientium,
1266 842 1521 909 diuersa
1572 863 1929 928 passorum.
2111 929 2116 934 ⁸

250 936 287 999 7
470 948 703 1034 Aspice
769 951 961 1014 etiam
1025 953 1313 1033 tempora
1374 951 1742 1016 testamenti
1807 953 1978 1028 noui,
2043 953 2294 1034 quando
2353 953 2480 1018 iam
2543 954 2682 1036 ipsa

317 1079 343 1116 ⁵
384 1056 803 1124 mansuetudo
852 1056 1134 1122 caritatis
1172 1076 1295 1122 non
1342 1057 1549 1122 solum
1599 1060 1731 1122 erat
1777 1058 1838 1122 in
1888 1059 2074 1123 corde
2113 1059 2424 1124 seruanda
2461 1077 2682 1124 uerum
2730 1065 2752 1096 ⁸

384 1164 577 1230 etiam
642 1163 705 1227 in
762 1164 907 1228 luce
959 1163 1389 1240 monstranda,
1447 1163 1696 1246 quando
1744 1165 1919 1229 Petri
1967 1164 2222 1250 gladius
2269 1165 2333 1229 in
2383 1166 2680 1250 uaginam

380 1272 718 1336 reuocatur
782 1289 819 1332 a
885 1267 1136 1334 Christo
1202 1272 1269 1334 et
1332 1270 1694 1336 ostenditur
1757 1289 1878 1336 non
1945 1272 2244 1336 debuisse
2311 1271 2386 1336 de
2452 1273 2684 1356 uagina

385 1378 550 1441 exeri
594 1395 707 1442 nec
754 1395 866 1459 pro
917 1375 1191 1443 Christo.
1256 1375 1535 1460 legimus
1589 1379 1802 1441 tamen
1859 1396 1982 1442 non
2029 1378 2260 1455 solum,
2310 1377 2481 1460 quod
2527 1378 2686 1444 ceci-

387 1481 617 1548 derunt
640 1482 861 1546 Iudaei
886 1482 1161 1546 Paulum
1200 1483 1581 1566 apostolum,
1621 1503 1844 1548 uerum
1885 1483 2076 1548 etiam
2116 1483 2284 1566 quod
2323 1483 2690 1549 ceciderunt

298 1615 349 1652 ιο
390 1594 454 1654 et
520 1589 742 1654 Graeci
816 1607 927 1671 pro
1006 1589 1207 1654 Paulo
1282 1591 1572 1672 apostolo
1649 1589 2004 1655 Sosthenen
2079 1590 2406 1656 Iudaeum.
2483 1608 2688 1655 nonne

389 1696 743 1762 similitudo
790 1696 943 1761 facti
990 1694 1173 1778 quasi
1218 1699 1526 1778 utrosque
1575 1695 1908 1780 coniungit
1953 1701 2020 1762 et
2062 1703 2274 1764 tamen
2313 1717 2419 1764 eos
2460 1715 2688 1762 causae

376 1794 847 1868 'dissimilitudo
914 1803 1257 1868 discernit?
1334 1821 1557 1887 nempe
1635 1802 1792 1868 deus
1867 1805 2196 1887 proprio
2273 1804 2461 1868 filio
2537 1823 2684 1870 non

388 1909 783 1993 pepercit,
851 1909 987 1974 sed
1056 1928 1192 1992 pro
1260 1908 1495 1974 nobis
1562 1909 1936 1974 omnibus
2001 1910 2360 1974 tradidit
2421 1911 2684 1978 illum:

389 2035 613 2100 nempe
662 2017 739 2082 de
786 2016 925 2098 ipso
974 2015 1105 2081 filio
1154 2015 1424 2080 dicitur:
1492 2013 1644 2092 Qui
1691 2035 1804 2078 mc
1861 2015 2160 2080 dilexit
2214 2021 2292 2081 et
2337 2017 2688 2081 tradidit

302 2139 355 2188 ιε
392 2127 649 2188 semet
710 2123 975 2206 ipsum
1038 2141 1175 2204 pro
1242 2139 1389 2200 me3
1458 2141 1683 2204 nempe
1742 2125 1806 2185 et
1861 2122 1938 2186 de
1994 2121 2154 2188 Iuda
2209 2123 2462 2201 dicitur,
2521 2123 2741 2206 quod·

392 2230 703 2295 introierit
748 2229 811 2292 in
860 2248 1007 2294 eum
1054 2231 1327 2305 satanaS,
1378 2231 1451 2292 ut
1496 2227 1777 2292 traderet
1825 2227 2169 2293 Christum.
2237 2249 2378 2294 cum
2431 2248 2580 2314 ergo
2629 2237 2694 2293 et

392 2341 571 2420 pater
615 2334 949 2400 tradiderit
992 2335 1195 2398 filium
1243 2354 1433 2400 suum
1482 2339 1547 2396 et
1591 2334 1730 2417 ipse
1770 2334 2063 2400 Christus
2111 2354 2342 2419 corpus
2393 2354 2578 2400 suum
2629 2340 2694 2400 et

392 2443 583 2508 Iudas
633 2441 959 2506 dominum
1006 2459 1217 2516 suum,
1267 2459 1380 2506 cur
1425 2440 1489 2505 iu
1537 2441 1654 2506 hac
1703 2441 2040 2506 traditione
2089 2441 2244 2506 deus
2293 2444 2394 2507 est
2439 2441 2583 2524 pius
2632 2445 2697 2505 et

395 2550 584 2616 homo
651 2569 817 2628 reue,
882 2549 1007 2616 nisi
1068 2549 1135 2614 in
1200 2569 1265 2614 rc
1332 2568 1475 2624 una,
1544 2567 1736 2630 quam
1790 2548 2095 2625 fecerunt,
2153 2567 2348 2614 causa
2401 2567 2524 2614 non
2571 2567 2696 2612 una

302 2685 357 2720 κο
396 2661 513 2734 est,
582 2675 705 2739 qua
767 2656 1093 2722 fecerunt?
1160 2657 1289 2720 tres
1355 2673 1575 2719 cruces
1642 2674 1767 2720 uno
1833 2654 1895 2718 in
1962 2656 2102 2719 loco
2171 2658 2374 2720 erant:
2441 2654 2505 2718 in
2573 2675 2694 2719 una

394 2765 555 2828 latro
618 2761 1007 2840 liberandus,
1064 2763 1129 2826 in
1186 2761 1309 2826 alia
1354 2763 1517 2826 latro
1565 2760 1982 2836 damnandus,
2029 2761 2091 2825 in
2140 2760 2350 2826 medio
2401 2761 2694 2827 Christus

396 2872 667 2936 alterum
729 2868 1139 2946 liberaturus,
1206 2870 1475 2933 alterum
1525 2867 1958 2933 damnaturus,
2027 2868 2179 2950 quid
2227 2867 2506 2932 similius
2551 2868 2696 2932 istis

582 3113 605 3167 1
658 3113 743 3167 111
790 3115 925 3182 Reg.
980 3115 1057 3171 18.
1106 3113 1164 3176 4;
1214 3111 1285 3166 40
1466 3113 1500 3164 6
1538 3111 1735 3165 Matth.
1787 3113 1873 3174 26,
1925 3111 2320 3176 51—52;10h.
2363 3111 2447 3178 18,
2489 3111 2695 3166 lO-ll

397 3203 430 3256 8
468 3202 589 3257 Act.
633 3203 715 3268 16,
755 3202 968 3257 22-23
1114 3203 1147 3256 9
1185 3203 1305 3258 Aet.
1351 3202 1433 3266 18,
1476 3201 1537 3254 17
1691 3199 1756 3252 12
1793 3200 1946 3254 Rom.
1987 3199 2037 3266 8,
2077 3201 2146 3254 32
2274 3201 2342 3254 14
2379 3199 2498 3255 Gal.
2540 3203 2588 3266 2,
2627 3202 2698 3254 20

403 3295 466 3346 15
504 3291 620 3346 Ioh.
664 3293 747 3358 13,
784 3293 817 3345 2
991 3292 1060 3345 20
1098 3291 1226 3344 Luc.
1266 3292 1351 3354 23,
1390 3291 1485 3354 33;
1527 3289 1768 3352 39—43;
1805 3289 1922 3343 1011.
1966 3290 2048 3351 19,
2094 3291 2156 3342 18

346 3527 357 3538 ⁸
472 3453 497 3505 1
552 3451 865 3521 dilectione]
915 3451 1221 3505 dilectionis
1268 3449 1381 3504 zelo
1420 3449 1474 3503 L
1520 3450 1634 3503 zelo
1684 3449 1805 3502 edd.
1846 3453 2140 3517 praeterm
2359 3453 2446 3501 cst
2489 3465 2593 3502 om.
2633 3449 2704 3501 M

468 3540 675 3594 iezabel
692 3541 735 3608 (i
757 3541 815 3593 in
836 3556 946 3594 rae.
974 3557 1043 3594 m.
1066 3543 1125 3606 2)
1154 3539 1209 3592 P
1232 3538 1445 3593 zezabel
1466 3537 1535 3590 M
1607 3539 1640 3590 3
1671 3536 1906 3606 diuersa]
1939 3541 1994 3588 ct
2024 3535 2240 3589 diuersa
2263 3535 2360 3589 CL
2441 3537 2474 3588 4
2504 3536 2610 3589 iam
2635 3537 2702 3588 M

472 3630 599 3683 noui
636 3629 951 3682 testamenti
990 3628 1110 3682 edd.
1250 3632 1281 3682 5
1322 3629 1375 3682 111
1417 3627 1577 3681 corde
1617 3629 1734 3680 erat
1770 3625 1891 3680 edd.
2040 3625 2072 3678 8
2113 3625 2262 3687 exiri,
2301 3642 2367 3678 m.
2394 3629 2432 3678 2
2465 3642 2642 3693 supra
2679 3627 2696 3676 1

401 3719 543 3772 exire
570 3719 623 3772 P
658 3719 799 3772 exire
836 3717 1012 3772 MGR
1050 3717 1209 3770 eximi
1246 3717 1367 3770 edd.
1406 3733 1507 3770 sec.
1549 3715 1706 3785 ναῖς).
1856 3715 2156 3768 ciciderunt
2193 3716 2246 3767 A
2287 3717 2419 3777 (ras.
2462 3731 2527 3766 cx
2565 3714 2700 3767 ceci-

400 3806 619 3874 derunt)
646 3807 698 3860 R
850 3805 1161 3860 ceciderunt
1187 3807 1409 3876 paulum
1440 3803 1746 3874 apostolum
1774 3803 1972 3866 iudaei,
2001 3819 2069 3856 m.
2093 3806 2132 3855 2
2167 3802 2350 3856 iudaei
2389 3801 2702 3855 ceciderunt

402 3895 619 3967 paulum
661 3895 965 3964 apostolum
1005 3895 1057 3947 L
1168 3895 1201 3948 9
1242 3896 1405 3947 etiam
1445 3911 1547 3948 om.
1587 3893 1712 3946 MA
1860 3891 2162 3945 ciciderunt
2197 3890 2308 3945 AR
2423 3890 2488 3942 10
2525 3893 2699 3942 soste-

402 4001 525 4037 nem
568 3985 613 4036 (J
648 3984 969 4038 Sosthenem
998 3983 1195 4052 sirm
1344 3983 1407 4037 13
1448 3982 1698 4036 omnibus
1735 3997 1836 4036 om.
1879 3981 1932 4034 P
2101 3995 2222 4033 eum
2259 3979 2384 4034 MR
2533 3979 2598 4031 14
2638 3977 2702 4030 do

404 4074 515 4127 filio
552 4074 671 4143 ipso
711 4073 833 4127 edd.
948 4074 1013 4126 19
1042 4071 1166 4142 nisi]
1206 4072 1311 4126 nisi
1350 4071 1479 4140 quia
1511 4070 1610 4124 CR
1647 4070 1768 4124 edd.
1799 4078 2023 4137 praeter
2053 4084 2136 4121 ae
2171 4067 2275 4120 nisi
2315 4065 2703 4120 dissimilitudo

402 4162 725 4216 intentionis
774 4162 990 4216 adesset
1034 4161 1090 4214 in
1136 4178 1193 4214 re
1232 4178 1341 4215 una
1378 4177 1537 4230 quam
1584 4159 1832 4213 fecerunt
1870 4159 1996 4228 quia
2035 4157 2088 4210 L
2267 4156 2337 4210 20
2376 4157 2504 4225 qua]
2546 4171 2702 4226 quam

410 4251 615 4306 GPLa
640 4251 723 4304 ab
764 4269 925 4320 quam
961 4257 1043 4305 cet
1112 4249 1232 4304 cdd.
1344 4265 1449 4302 11110
1488 4249 1608 4302 loco
1639 4247 1712 4300 M
1733 4249 1790 4301 in
1820 4264 1926 4300 uno
1965 4247 2083 4301 loco
2112 4246 2166 4300 L
2193 4247 2247 4300 in
2285 4245 2406 4299 loco
2447 4261 2554 4298 uno
2583 4243 2704 4298 edd.

405 4343 471 4395 21
523 4343 741 4409 111111ςεω
788 4341 893 4394 alio
944 4359 1009 4396 m.
1036 4340 1169 4423 {M
1346 4337 1527 4392 media
1563 4337 1684 4392 edd.
1849 4335 1988 4406 xps.
2015 4336 2068 4390 P
2498 4399 2508 4408 ⁶

648 4433 657 4443 .
1068 4456 1085 4532 Ι
2359 4513 2366 4522 ι
2533 4439 2633 4496 29*

1067 4543 1087 4599 ς
