<?xml version="1.0" encoding="UTF-8"?>
<!DOCTYPE html PUBLIC "-//W3C//DTD XHTML 1.0 Transitional//EN"
    "http://www.w3.org/TR/xhtml1/DTD/xhtml1-transitional.dtd">
<html xmlns="http://www.w3.org/1999/xhtml" xml:lang="en" lang="en">
 <head>
  <title>
</title>
<meta http-equiv="Content-Type" content="text/html;charset=utf-8" />
  <meta name='ocr-system' content='tesseract 3.04.00' />
  <meta name='ocr-capabilities' content='ocr_page ocr_carea ocr_par ocr_line ocrx_word'/>
</head>
<body>
  <div class='ocr_page' id='page_1' title='image "./corpusscriptoru26wiengoog_0025.png"; bbox 0 0 3184 4959; ppageno 0'>
   <div class='ocr_carea' id='block_1_1' title="bbox 1269 394 2815 464">
    <p class='ocr_par' dir='ltr' id='par_1_1' title="bbox 1269 394 2815 464">
     <span class='ocr_line' id='line_1_1' title="bbox 1269 394 2815 464; baseline -0.003 -17"><span class='ocrx_word' id='word_1_1' title='bbox 1269 394 1799 464; x_wconf 80' lang='lat' dir='ltr'><strong>epistularum</strong></span> <span class='ocrx_word' id='word_1_2' title='bbox 1854 394 2073 449; x_wconf 81' lang='lat' dir='ltr'><strong>xxxu.</strong></span> <span class='ocrx_word' id='word_1_3' title='bbox 2729 400 2815 464; x_wconf 84' lang='lat'><strong>15</strong></span> 
     </span>
    </p>
   </div>
   <div class='ocr_carea' id='block_1_2' title="bbox 389 588 2681 3447">
    <p class='ocr_par' dir='ltr' id='par_1_2' title="bbox 389 588 2681 3447">
     <span class='ocr_line' id='line_1_2' title="bbox 705 588 2681 673; baseline 0.002 -20"><span class='ocrx_word' id='word_1_4' title='bbox 705 608 873 654; x_wconf 91' lang='lat' dir='ltr'><strong>nunc</strong></span> <span class='ocrx_word' id='word_1_5' title='bbox 914 593 1099 673; x_wconf 85' lang='lat' dir='ltr'><strong>potes</strong></span> <span class='ocrx_word' id='word_1_6' title='bbox 1146 590 1288 667; x_wconf 89' lang='lat' dir='ltr'><strong>hoc,</strong></span> <span class='ocrx_word' id='word_1_7' title='bbox 1337 589 1488 653; x_wconf 88' lang='lat' dir='ltr'><strong>dum</strong></span> <span class='ocrx_word' id='word_1_8' title='bbox 1533 588 1696 655; x_wconf 89' lang='lat' dir='ltr'><strong>liber</strong></span> <span class='ocrx_word' id='word_1_9' title='bbox 1740 590 1899 673; x_wconf 80' lang='lat' dir='ltr'><strong>agis,</strong></span> <span class='ocrx_word' id='word_1_10' title='bbox 1948 590 2099 655; x_wconf 90' lang='lat' dir='ltr'><strong>dum</strong></span> <span class='ocrx_word' id='word_1_11' title='bbox 2144 592 2319 657; x_wconf 83' lang='lat' dir='ltr'><strong>nulla</strong></span> <span class='ocrx_word' id='word_1_12' title='bbox 2363 594 2681 657; x_wconf 73' lang='lat' dir='ltr'><strong>retentant</strong></span> 
     </span>
     <span class='ocr_line' id='line_1_3' title="bbox 800 695 2306 772; baseline 0.001 -12"><span class='ocrx_word' id='word_1_13' title='bbox 800 696 1071 772; x_wconf 82' lang='lat' dir='ltr'><strong>uincula,</strong></span> <span class='ocrx_word' id='word_1_14' title='bbox 1120 695 1296 760; x_wconf 82' lang='lat' dir='ltr'><strong>nulla</strong></span> <span class='ocrx_word' id='word_1_15' title='bbox 1339 696 1459 761; x_wconf 82' lang='lat' dir='ltr'><strong>tori</strong></span> <span class='ocrx_word' id='word_1_16' title='bbox 1509 714 1662 762; x_wconf 86' lang='lat' dir='ltr'><strong>cura</strong></span> <span class='ocrx_word' id='word_1_17' title='bbox 1708 714 1822 761; x_wconf 86' lang='lat' dir='ltr'><strong>nec</strong></span> <span class='ocrx_word' id='word_1_18' title='bbox 1868 697 2039 761; x_wconf 84' lang='lat' dir='ltr'><strong>altus</strong></span> <span class='ocrx_word' id='word_1_19' title='bbox 2088 696 2306 763; x_wconf 84' lang='lat' dir='ltr'><strong>honor.</strong></span> 
     </span>
     <span class='ocr_line' id='line_1_4' title="bbox 707 801 2369 887; baseline 0.001 -20"><span class='ocrx_word' id='word_1_20' title='bbox 707 803 859 867; x_wconf 85' lang='lat' dir='ltr'><strong>haec</strong></span> <span class='ocrx_word' id='word_1_21' title='bbox 903 803 1070 867; x_wconf 82' lang='lat' dir='ltr'><strong>bons</strong></span> <span class='ocrx_word' id='word_1_22' title='bbox 1110 801 1374 867; x_wconf 77' lang='lat' dir='ltr'><strong>libertas</strong></span> <span class='ocrx_word' id='word_1_23' title='bbox 1424 802 1676 868; x_wconf 84' lang='lat' dir='ltr'><strong>Christo</strong></span> <span class='ocrx_word' id='word_1_24' title='bbox 1724 804 1962 867; x_wconf 86' lang='lat' dir='ltr'><strong>seruire</strong></span> <span class='ocrx_word' id='word_1_25' title='bbox 2010 808 2073 868; x_wconf 75' lang='lat' dir='ltr'><strong>et</strong></span> <span class='ocrx_word' id='word_1_26' title='bbox 2120 804 2181 867; x_wconf 93' lang='lat' dir='ltr'><strong>in</strong></span> <span class='ocrx_word' id='word_1_27' title='bbox 2228 805 2369 887; x_wconf 85' lang='lat' dir='ltr'><strong>ipso</strong></span> 
     </span>
     <span class='ocr_line' id='line_1_5' title="bbox 801 909 2434 991; baseline 0 -16"><span class='ocrx_word' id='word_1_28' title='bbox 801 909 1094 975; x_wconf 86' lang='lat' dir='ltr'><strong>omnibus</strong></span> <span class='ocrx_word' id='word_1_29' title='bbox 1144 928 1284 973; x_wconf 90' lang='lat' dir='ltr'><strong>esse</strong></span> <span class='ocrx_word' id='word_1_30' title='bbox 1331 928 1543 991; x_wconf 83' lang='lat' dir='ltr'><strong>supra.</strong></span> <span class='ocrx_word' id='word_1_31' title='bbox 1593 927 1715 973; x_wconf 90' lang='lat' dir='ltr'><strong>non</strong></span> <span class='ocrx_word' id='word_1_32' title='bbox 1764 909 2035 975; x_wconf 87' lang='lat' dir='ltr'><strong>dominis</strong></span> <span class='ocrx_word' id='word_1_33' title='bbox 2085 911 2434 989; x_wconf 84' lang='lat' dir='ltr'><strong>hominum,</strong></span> 
     </span>
     <span class='ocr_line' id='line_1_6' title="bbox 420 1016 2325 1100; baseline -0.002 -15"><span class='ocrx_word' id='word_1_34' title='bbox 420 1048 456 1085; x_wconf 84' lang='lat'><strong>5</strong></span> <span class='ocrx_word' id='word_1_35' title='bbox 503 1034 592 1087; x_wconf 87' lang='lat'><strong>35</strong></span> <span class='ocrx_word' id='word_1_36' title='bbox 714 1036 830 1080; x_wconf 91' lang='lat' dir='ltr'><strong>non</strong></span> <span class='ocrx_word' id='word_1_37' title='bbox 877 1016 1058 1080; x_wconf 85' lang='lat' dir='ltr'><strong>uitiis</strong></span> <span class='ocrx_word' id='word_1_38' title='bbox 1108 1017 1328 1093; x_wconf 81' lang='lat' dir='ltr'><strong>seruit,</strong></span> <span class='ocrx_word' id='word_1_39' title='bbox 1377 1034 1499 1080; x_wconf 89' lang='lat' dir='ltr'><strong>non</strong></span> <span class='ocrx_word' id='word_1_40' title='bbox 1547 1016 1804 1100; x_wconf 88' lang='lat' dir='ltr'><strong>regibus</strong></span> <span class='ocrx_word' id='word_1_41' title='bbox 1854 1017 1962 1081; x_wconf 92' lang='lat' dir='ltr'><strong>ille</strong></span> <span class='ocrx_word' id='word_1_42' title='bbox 2011 1018 2325 1099; x_wconf 76' lang='lat' dir='ltr'><strong>superbiS‚</strong></span> 
     </span>
     <span class='ocr_line' id='line_1_7' title="bbox 798 1122 2235 1204; baseline 0.002 -17"><span class='ocrx_word' id='word_1_43' title='bbox 798 1126 1044 1187; x_wconf 77' lang='lat' dir='ltr'><strong>tantum</strong></span> <span class='ocrx_word' id='word_1_44' title='bbox 1093 1123 1202 1204; x_wconf 86' lang='lat' dir='ltr'><strong>qui</strong></span> <span class='ocrx_word' id='word_1_45' title='bbox 1251 1122 1504 1187; x_wconf 83' lang='lat' dir='ltr'><strong>Christo</strong></span> <span class='ocrx_word' id='word_1_46' title='bbox 1554 1142 1624 1187; x_wconf 91' lang='lat' dir='ltr'><strong>se</strong></span> <span class='ocrx_word' id='word_1_47' title='bbox 1674 1122 1917 1187; x_wconf 80' lang='lat' dir='ltr'><strong>dederit</strong></span> <span class='ocrx_word' id='word_1_48' title='bbox 1964 1124 2235 1190; x_wconf 90' lang='lat' dir='ltr'><strong>domino.</strong></span> 
     </span>
     <span class='ocr_line' id='line_1_8' title="bbox 709 1228 2389 1313; baseline 0.002 -19"><span class='ocrx_word' id='word_1_49' title='bbox 709 1248 822 1294; x_wconf 88' lang='lat' dir='ltr'><strong>nec</strong></span> <span class='ocrx_word' id='word_1_50' title='bbox 866 1230 986 1293; x_wconf 83' lang='lat' dir='ltr'><strong>tibi</strong></span> <span class='ocrx_word' id='word_1_51' title='bbox 1033 1228 1332 1293; x_wconf 84' lang='lat' dir='ltr'><strong>nobilitas</strong></span> <span class='ocrx_word' id='word_1_52' title='bbox 1381 1230 1675 1294; x_wconf 72' lang='lat' dir='ltr'><strong>uideatur</strong></span> <span class='ocrx_word' id='word_1_53' title='bbox 1718 1229 1937 1307; x_wconf 84' lang='lat' dir='ltr'><strong>libera,</strong></span> <span class='ocrx_word' id='word_1_54' title='bbox 1988 1250 2175 1313; x_wconf 85' lang='lat' dir='ltr'><strong>quam</strong></span> <span class='ocrx_word' id='word_1_55' title='bbox 2226 1252 2389 1297; x_wconf 88' lang='lat' dir='ltr'><strong>nunc</strong></span> 
     </span>
     <span class='ocr_line' id='line_1_9' title="bbox 793 1328 2229 1418; baseline 0.001 -17"><span class='ocrx_word' id='word_1_56' title='bbox 793 1336 1136 1401; x_wconf 83' lang='lat' dir='ltr'><strong>sublimem</strong></span> <span class='ocrx_word' id='word_1_57' title='bbox 1183 1328 1452 1400; x_wconf 80' lang='lat' dir='ltr'><strong>attonita</strong></span> <span class='ocrx_word' id='word_1_58' title='bbox 1499 1335 1813 1418; x_wconf 80' lang='lat' dir='ltr'><strong>conspicis</strong></span> <span class='ocrx_word' id='word_1_59' title='bbox 1858 1336 2012 1401; x_wconf 87' lang='lat' dir='ltr'><strong>urbe</strong></span> <span class='ocrx_word' id='word_1_60' title='bbox 2058 1338 2229 1415; x_wconf 84' lang='lat' dir='ltr'><strong>uehi,</strong></span> 
     </span>
     <span class='ocr_line' id='line_1_10' title="bbox 712 1442 2157 1525; baseline 0.001 -19"><span class='ocrx_word' id='word_1_61' title='bbox 712 1462 898 1525; x_wconf 78' lang='lat' dir='ltr'><strong>quam</strong></span> <span class='ocrx_word' id='word_1_62' title='bbox 949 1442 1150 1506; x_wconf 83' lang='lat' dir='ltr'><strong>cernis</strong></span> <span class='ocrx_word' id='word_1_63' title='bbox 1199 1445 1376 1505; x_wconf 76' lang='lat' dir='ltr'><strong>tants</strong></span> <span class='ocrx_word' id='word_1_64' title='bbox 1423 1442 1544 1505; x_wconf 88' lang='lat' dir='ltr'><strong>sibi</strong></span> <span class='ocrx_word' id='word_1_65' title='bbox 1591 1442 1887 1507; x_wconf 78' lang='lat' dir='ltr'><strong>libertate</strong></span> <span class='ocrx_word' id='word_1_66' title='bbox 1936 1442 2157 1520; x_wconf 79' lang='lat' dir='ltr'><strong>uideri,</strong></span> 
     </span>
     <span class='ocr_line' id='line_1_11' title="bbox 389 1536 1986 1633; baseline 0.001 -21"><span class='ocrx_word' id='word_1_67' title='bbox 389 1578 460 1619; x_wconf 74' lang='grc' dir='ltr'><strong>ιο</strong></span> <span class='ocrx_word' id='word_1_68' title='bbox 509 1567 596 1620; x_wconf 75' lang='lat'><strong>40</strong></span> <span class='ocrx_word' id='word_1_69' title='bbox 797 1552 871 1613; x_wconf 82' lang='lat' dir='ltr'><strong>ut</strong></span> <span class='ocrx_word' id='word_1_70' title='bbox 917 1548 1293 1633; x_wconf 74' lang='lat' dir='ltr'><strong>dedignetur</strong></span> <span class='ocrx_word' id='word_1_71' title='bbox 1337 1536 1586 1613; x_wconf 83' lang='lat' dir='ltr'><strong>flectere</strong></span> <span class='ocrx_word' id='word_1_72' title='bbox 1638 1548 1801 1613; x_wconf 85' lang='lat' dir='ltr'><strong>colla</strong></span> <span class='ocrx_word' id='word_1_73' title='bbox 1848 1549 1986 1614; x_wconf 80' lang='lat' dir='ltr'><strong>deo,</strong></span> 
     </span>
     <span class='ocr_line' id='line_1_12' title="bbox 704 1656 2405 1738; baseline -0.001 -18"><span class='ocrx_word' id='word_1_74' title='bbox 704 1656 926 1721; x_wconf 78' lang='lat' dir='ltr'><strong>multis</strong></span> <span class='ocrx_word' id='word_1_75' title='bbox 971 1656 1081 1719; x_wconf 88' lang='lat' dir='ltr'><strong>ille</strong></span> <span class='ocrx_word' id='word_1_76' title='bbox 1131 1656 1320 1719; x_wconf 84' lang='lat' dir='ltr'><strong>miser</strong></span> <span class='ocrx_word' id='word_1_77' title='bbox 1366 1656 1743 1721; x_wconf 76' lang='lat' dir='ltr'><strong>mortalibus</strong></span> <span class='ocrx_word' id='word_1_78' title='bbox 1794 1659 1857 1719; x_wconf 80' lang='lat' dir='ltr'><strong>et</strong></span> <span class='ocrx_word' id='word_1_79' title='bbox 1904 1674 2155 1738; x_wconf 87' lang='lat' dir='ltr'><strong>quoque</strong></span> <span class='ocrx_word' id='word_1_80' title='bbox 2204 1656 2405 1721; x_wconf 80' lang='lat' dir='ltr'><strong>seruis</strong></span> 
     </span>
     <span class='ocr_line' id='line_1_13' title="bbox 796 1762 2253 1841; baseline 0.001 -14"><span class='ocrx_word' id='word_1_81' title='bbox 796 1762 993 1827; x_wconf 72' lang='lat' dir='ltr'><strong>seruit</strong></span> <span class='ocrx_word' id='word_1_82' title='bbox 1039 1764 1104 1826; x_wconf 83' lang='lat' dir='ltr'><strong>et</strong></span> <span class='ocrx_word' id='word_1_83' title='bbox 1150 1762 1433 1840; x_wconf 74' lang='lat' dir='ltr'><strong>ancillae,</strong></span> <span class='ocrx_word' id='word_1_84' title='bbox 1483 1766 1556 1827; x_wconf 78' lang='lat' dir='ltr'><strong>ut</strong></span> <span class='ocrx_word' id='word_1_85' title='bbox 1605 1762 2029 1841; x_wconf 77' lang='lat' dir='ltr'><strong>dominentur,</strong></span> <span class='ocrx_word' id='word_1_86' title='bbox 2078 1764 2253 1828; x_wconf 79' lang='lat' dir='ltr'><strong>emit.</strong></span> 
     </span>
     <span class='ocr_line' id='line_1_14' title="bbox 707 1870 2201 1953; baseline -0.001 -18"><span class='ocrx_word' id='word_1_87' title='bbox 707 1874 938 1935; x_wconf 80' lang='lat' dir='ltr'><strong>norunt</strong></span> <span class='ocrx_word' id='word_1_88' title='bbox 985 1870 1310 1934; x_wconf 86' lang='lat' dir='ltr'><strong>eunuchos</strong></span> <span class='ocrx_word' id='word_1_89' title='bbox 1359 1874 1426 1934; x_wconf 78' lang='lat' dir='ltr'><strong>et</strong></span> <span class='ocrx_word' id='word_1_90' title='bbox 1469 1888 1701 1952; x_wconf 84' lang='lat' dir='ltr'><strong>magna</strong></span> <span class='ocrx_word' id='word_1_91' title='bbox 1744 1870 1983 1953; x_wconf 76' lang='lat' dir='ltr'><strong>palatia</strong></span> <span class='ocrx_word' id='word_1_92' title='bbox 2028 1872 2201 1953; x_wconf 82' lang='lat' dir='ltr'><strong>passi</strong></span> 
     </span>
     <span class='ocr_line' id='line_1_15' title="bbox 795 1975 2325 2059; baseline -0.001 -20"><span class='ocrx_word' id='word_1_93' title='bbox 795 1980 860 2039; x_wconf 74' lang='lat' dir='ltr'><strong>et</strong></span> <span class='ocrx_word' id='word_1_94' title='bbox 904 1976 1196 2058; x_wconf 88' lang='lat' dir='ltr'><strong>quisquis</strong></span> <span class='ocrx_word' id='word_1_95' title='bbox 1240 1976 1502 2040; x_wconf 87' lang='lat' dir='ltr'><strong>Romam</strong></span> <span class='ocrx_word' id='word_1_96' title='bbox 1555 1979 1779 2058; x_wconf 80' lang='lat' dir='ltr'><strong>sponte</strong></span> <span class='ocrx_word' id='word_1_97' title='bbox 1827 1975 2021 2041; x_wconf 86' lang='lat' dir='ltr'><strong>miser</strong></span> <span class='ocrx_word' id='word_1_98' title='bbox 2068 1976 2325 2059; x_wconf 74' lang='lat' dir='ltr'><strong>patitur,</strong></span> 
     </span>
     <span class='ocr_line' id='line_1_16' title="bbox 407 2082 2194 2166; baseline -0.002 -16"><span class='ocrx_word' id='word_1_99' title='bbox 407 2112 466 2151; x_wconf 68' lang='grc' dir='ltr'><strong>ιε</strong></span> <span class='ocrx_word' id='word_1_100' title='bbox 512 2100 592 2153; x_wconf 77' lang='grc'><strong>45</strong></span> <span class='ocrx_word' id='word_1_101' title='bbox 707 2086 942 2166; x_wconf 81' lang='lat' dir='ltr'><strong>quanto</strong></span> <span class='ocrx_word' id='word_1_102' title='bbox 993 2082 1244 2147; x_wconf 85' lang='lat' dir='ltr'><strong>sudoris</strong></span> <span class='ocrx_word' id='word_1_103' title='bbox 1290 2083 1494 2166; x_wconf 82' lang='lat' dir='ltr'><strong>pretio</strong></span> <span class='ocrx_word' id='word_1_104' title='bbox 1545 2082 1901 2165; x_wconf 83' lang='lat' dir='ltr'><strong>damnoque</strong></span> <span class='ocrx_word' id='word_1_105' title='bbox 1949 2082 2194 2147; x_wconf 72' lang='lat' dir='ltr'><strong>decoris</strong></span> 
     </span>
     <span class='ocr_line' id='line_1_17' title="bbox 797 2188 2264 2273; baseline 0.001 -20"><span class='ocrx_word' id='word_1_106' title='bbox 797 2192 1046 2253; x_wconf 79' lang='lat' dir='ltr'><strong>constet</strong></span> <span class='ocrx_word' id='word_1_107' title='bbox 1091 2189 1179 2253; x_wconf 89' lang='lat' dir='ltr'><strong>ibi</strong></span> <span class='ocrx_word' id='word_1_108' title='bbox 1227 2189 1607 2273; x_wconf 79' lang='lat' dir='ltr'><strong>chlamydis,</strong></span> <span class='ocrx_word' id='word_1_109' title='bbox 1654 2188 1757 2253; x_wconf 89' lang='lat' dir='ltr'><strong>hic</strong></span> <span class='ocrx_word' id='word_1_110' title='bbox 1806 2190 2005 2255; x_wconf 85' lang='lat' dir='ltr'><strong>honor</strong></span> <span class='ocrx_word' id='word_1_111' title='bbox 2051 2189 2264 2255; x_wconf 85' lang='lat' dir='ltr'><strong>officii.</strong></span> 
     </span>
     <span class='ocr_line' id='line_1_18' title="bbox 701 2295 2522 2377; baseline -0.001 -17"><span class='ocrx_word' id='word_1_112' title='bbox 701 2314 816 2360; x_wconf 89' lang='lat' dir='ltr'><strong>nec</strong></span> <span class='ocrx_word' id='word_1_113' title='bbox 865 2300 1074 2359; x_wconf 80' lang='lat' dir='ltr'><strong>tamen</strong></span> <span class='ocrx_word' id='word_1_114' title='bbox 1125 2295 1260 2376; x_wconf 89' lang='lat' dir='ltr'><strong>ipse</strong></span> <span class='ocrx_word' id='word_1_115' title='bbox 1308 2298 1553 2377; x_wconf 62' lang='lat' dir='ltr'><strong>potenti,</strong></span> <span class='ocrx_word' id='word_1_116' title='bbox 1606 2296 1711 2377; x_wconf 90' lang='lat' dir='ltr'><strong>qui</strong></span> <span class='ocrx_word' id='word_1_117' title='bbox 1760 2296 1990 2361; x_wconf 83' lang='lat' dir='ltr'><strong>celsior</strong></span> <span class='ocrx_word' id='word_1_118' title='bbox 2038 2296 2332 2359; x_wconf 88' lang='lat' dir='ltr'><strong>omnibus</strong></span> <span class='ocrx_word' id='word_1_119' title='bbox 2382 2314 2522 2359; x_wconf 87' lang='lat' dir='ltr'><strong>esse</strong></span> 
     </span>
     <span class='ocr_line' id='line_1_19' title="bbox 795 2402 2110 2484; baseline 0.001 -19"><span class='ocrx_word' id='word_1_120' title='bbox 795 2402 1037 2476; x_wconf 77' lang='lat' dir='ltr'><strong>emerit,</strong></span> <span class='ocrx_word' id='word_1_121' title='bbox 1085 2404 1158 2466; x_wconf 80' lang='lat' dir='ltr'><strong>ut</strong></span> <span class='ocrx_word' id='word_1_122' title='bbox 1206 2402 1360 2465; x_wconf 89' lang='lat' dir='ltr'><strong>nulli</strong></span> <span class='ocrx_word' id='word_1_123' title='bbox 1415 2402 1671 2475; x_wconf 79' lang='lat' dir='ltr'><strong>seruiat,</strong></span> <span class='ocrx_word' id='word_1_124' title='bbox 1722 2402 2110 2484; x_wconf 82' lang='lat' dir='ltr'><strong>adsequitur.</strong></span> 
     </span>
     <span class='ocr_line' id='line_1_20' title="bbox 702 2508 2327 2585; baseline -0.001 -12"><span class='ocrx_word' id='word_1_125' title='bbox 702 2528 848 2573; x_wconf 91' lang='lat' dir='ltr'><strong>cum</strong></span> <span class='ocrx_word' id='word_1_126' title='bbox 895 2510 1050 2573; x_wconf 88' lang='lat' dir='ltr'><strong>bene</strong></span> <span class='ocrx_word' id='word_1_127' title='bbox 1100 2528 1166 2572; x_wconf 88' lang='lat' dir='ltr'><strong>se</strong></span> <span class='ocrx_word' id='word_1_128' title='bbox 1215 2512 1352 2573; x_wconf 84' lang='lat' dir='ltr'><strong>tota</strong></span> <span class='ocrx_word' id='word_1_129' title='bbox 1398 2510 1726 2573; x_wconf 86' lang='lat' dir='ltr'><strong>dominum</strong></span> <span class='ocrx_word' id='word_1_130' title='bbox 1772 2508 2108 2573; x_wconf 77' lang='lat' dir='ltr'><strong>iactauerit</strong></span> <span class='ocrx_word' id='word_1_131' title='bbox 2154 2509 2327 2585; x_wconf 84' lang='lat' dir='ltr'><strong>urbe,</strong></span> 
     </span>
     <span class='ocr_line' id='line_1_21' title="bbox 409 2614 2127 2687; baseline -0.001 -6"><span class='ocrx_word' id='word_1_132' title='bbox 409 2644 472 2682; x_wconf 79' lang='lat'><strong>20</strong></span> <span class='ocrx_word' id='word_1_133' title='bbox 513 2632 587 2686; x_wconf 82' lang='lat'><strong>50</strong></span> <span class='ocrx_word' id='word_1_134' title='bbox 796 2614 996 2679; x_wconf 72' lang='lat' dir='ltr'><strong>seruit,</strong></span> <span class='ocrx_word' id='word_1_135' title='bbox 1041 2614 1411 2687; x_wconf 84' lang='lat' dir='ltr'><strong>daemoniis,</strong></span> <span class='ocrx_word' id='word_1_136' title='bbox 1463 2614 1515 2677; x_wconf 88' lang='lat' dir='ltr'><strong>si</strong></span> <span class='ocrx_word' id='word_1_137' title='bbox 1565 2614 1909 2679; x_wconf 81' lang='lat' dir='ltr'><strong>simulacra</strong></span> <span class='ocrx_word' id='word_1_138' title='bbox 1956 2615 2127 2679; x_wconf 70' lang='lat' dir='ltr'><strong>colit.</strong></span> 
     </span>
     <span class='ocr_line' id='line_1_22' title="bbox 700 2720 2562 2805; baseline -0.001 -21"><span class='ocrx_word' id='word_1_139' title='bbox 700 2742 813 2805; x_wconf 84' lang='lat' dir='ltr'><strong>pro</strong></span> <span class='ocrx_word' id='word_1_140' title='bbox 863 2721 1064 2786; x_wconf 86' lang='lat' dir='ltr'><strong>dolor!</strong></span> <span class='ocrx_word' id='word_1_141' title='bbox 1115 2722 1232 2785; x_wconf 89' lang='lat' dir='ltr'><strong>hos</strong></span> <span class='ocrx_word' id='word_1_142' title='bbox 1279 2724 1534 2803; x_wconf 77' lang='lat' dir='ltr'><strong>proptor</strong></span> <span class='ocrx_word' id='word_1_143' title='bbox 1577 2722 1912 2785; x_wconf 79' lang='lat' dir='ltr'><strong>remoraris</strong></span> <span class='ocrx_word' id='word_1_144' title='bbox 1961 2722 2023 2785; x_wconf 90' lang='lat' dir='ltr'><strong>in</strong></span> <span class='ocrx_word' id='word_1_145' title='bbox 2072 2720 2250 2799; x_wconf 80' lang='lat' dir='ltr'><strong>urbe,</strong></span> <span class='ocrx_word' id='word_1_146' title='bbox 2296 2720 2562 2798; x_wconf 77' lang='lat' dir='ltr'><strong>Licenti‚</strong></span> 
     </span>
     <span class='ocr_line' id='line_1_23' title="bbox 794 2827 2377 2911; baseline 0 -19"><span class='ocrx_word' id='word_1_147' title='bbox 794 2831 858 2892; x_wconf 80' lang='lat' dir='ltr'><strong>ei:</strong></span> <span class='ocrx_word' id='word_1_148' title='bbox 901 2846 1164 2911; x_wconf 88' lang='lat' dir='ltr'><strong>regnum</strong></span> <span class='ocrx_word' id='word_1_149' title='bbox 1215 2827 1452 2893; x_wconf 85' lang='lat' dir='ltr'><strong>Christi</strong></span> <span class='ocrx_word' id='word_1_150' title='bbox 1501 2828 1767 2910; x_wconf 57' lang='lat' dir='ltr'><strong>sperum,</strong></span> <span class='ocrx_word' id='word_1_151' title='bbox 1816 2832 1890 2891; x_wconf 73' lang='lat' dir='ltr'><strong>ut</strong></span> <span class='ocrx_word' id='word_1_152' title='bbox 1934 2828 2033 2891; x_wconf 86' lang='lat' dir='ltr'><strong>his</strong></span> <span class='ocrx_word' id='word_1_153' title='bbox 2080 2830 2377 2910; x_wconf 79' lang='lat' dir='ltr'><strong>placeas?</strong></span> 
     </span>
     <span class='ocr_line' id='line_1_24' title="bbox 699 2933 2413 3011; baseline 0.001 -14"><span class='ocrx_word' id='word_1_154' title='bbox 699 2935 820 2998; x_wconf 90' lang='lat' dir='ltr'><strong>hos</strong></span> <span class='ocrx_word' id='word_1_155' title='bbox 870 2933 1115 2999; x_wconf 77' lang='lat' dir='ltr'><strong>uocitas</strong></span> <span class='ocrx_word' id='word_1_156' title='bbox 1165 2934 1454 2998; x_wconf 88' lang='lat' dir='ltr'><strong>dominos</strong></span> <span class='ocrx_word' id='word_1_157' title='bbox 1503 2952 1701 2999; x_wconf 85' lang='lat' dir='ltr'><strong>curua</strong></span> <span class='ocrx_word' id='word_1_158' title='bbox 1748 2937 1812 2999; x_wconf 75' lang='lat' dir='ltr'><strong>et</strong></span> <span class='ocrx_word' id='word_1_159' title='bbox 1858 2934 2102 2999; x_wconf 82' lang='lat' dir='ltr'><strong>ceruice</strong></span> <span class='ocrx_word' id='word_1_160' title='bbox 2150 2935 2413 3011; x_wconf 60' lang='lat' dir='ltr'><strong>salutem,</strong></span> 
     </span>
     <span class='ocr_line' id='line_1_25' title="bbox 799 3041 2233 3125; baseline 0 -20"><span class='ocrx_word' id='word_1_161' title='bbox 799 3060 957 3123; x_wconf 88' lang='lat' dir='ltr'><strong>quos</strong></span> <span class='ocrx_word' id='word_1_162' title='bbox 1003 3041 1164 3125; x_wconf 87' lang='lat' dir='ltr'><strong>ligni</strong></span> <span class='ocrx_word' id='word_1_163' title='bbox 1211 3060 1432 3106; x_wconf 86' lang='lat' dir='ltr'><strong>seruos</strong></span> <span class='ocrx_word' id='word_1_164' title='bbox 1483 3042 1797 3122; x_wconf 88' lang='lat' dir='ltr'><strong>conspicis</strong></span> <span class='ocrx_word' id='word_1_165' title='bbox 1848 3044 1914 3106; x_wconf 73' lang='lat' dir='ltr'><strong>et</strong></span> <span class='ocrx_word' id='word_1_166' title='bbox 1957 3041 2233 3124; x_wconf 83' lang='lat' dir='ltr'><strong>lapidis?</strong></span> 
     </span>
     <span class='ocr_line' id='line_1_26' title="bbox 406 3148 2427 3231; baseline -0.001 -17"><span class='ocrx_word' id='word_1_167' title='bbox 406 3177 462 3214; x_wconf 62' lang='grc' dir='ltr'><strong>κε,</strong></span> <span class='ocrx_word' id='word_1_168' title='bbox 503 3166 584 3219; x_wconf 79' lang='lat'><strong>55</strong></span> <span class='ocrx_word' id='word_1_169' title='bbox 703 3148 954 3211; x_wconf 90' lang='lat' dir='ltr'><strong>nomine</strong></span> <span class='ocrx_word' id='word_1_170' title='bbox 1002 3148 1215 3212; x_wconf 89' lang='lat' dir='ltr'><strong>diuino</strong></span> <span class='ocrx_word' id='word_1_171' title='bbox 1267 3151 1599 3231; x_wconf 83' lang='lat' dir='ltr'><strong>argentum</strong></span> <span class='ocrx_word' id='word_1_172' title='bbox 1646 3152 2028 3213; x_wconf 78' lang='lat' dir='ltr'><strong>uenerantur</strong></span> <span class='ocrx_word' id='word_1_173' title='bbox 2076 3152 2139 3212; x_wconf 76' lang='lat' dir='ltr'><strong>et</strong></span> <span class='ocrx_word' id='word_1_174' title='bbox 2186 3168 2427 3225; x_wconf 62' lang='lat' dir='ltr'><strong>aurum,</strong></span> 
     </span>
     <span class='ocr_line' id='line_1_27' title="bbox 791 3254 2295 3339; baseline 0.001 -22"><span class='ocrx_word' id='word_1_175' title='bbox 791 3254 1015 3339; x_wconf 83' lang='lat' dir='ltr'><strong>religio</strong></span> <span class='ocrx_word' id='word_1_176' title='bbox 1065 3258 1182 3331; x_wconf 79' lang='lat' dir='ltr'><strong>est,</strong></span> <span class='ocrx_word' id='word_1_177' title='bbox 1231 3255 1400 3337; x_wconf 88' lang='lat' dir='ltr'><strong>quod</strong></span> <span class='ocrx_word' id='word_1_178' title='bbox 1447 3259 1619 3320; x_wconf 77' lang='lat' dir='ltr'><strong>amat</strong></span> <span class='ocrx_word' id='word_1_179' title='bbox 1664 3258 1924 3320; x_wconf 85' lang='lat' dir='ltr'><strong>morbus</strong></span> <span class='ocrx_word' id='word_1_180' title='bbox 1972 3255 2295 3320; x_wconf 77' lang='lat' dir='ltr'><strong>auaritiae.</strong></span> 
     </span>
     <span class='ocr_line' id='line_1_28' title="bbox 703 3360 2587 3447; baseline 0 -23"><span class='ocrx_word' id='word_1_181' title='bbox 703 3360 1010 3443; x_wconf 86' lang='lat' dir='ltr'><strong>inprecor,</strong></span> <span class='ocrx_word' id='word_1_182' title='bbox 1059 3361 1176 3425; x_wconf 91' lang='lat' dir='ltr'><strong>hos</strong></span> <span class='ocrx_word' id='word_1_183' title='bbox 1224 3364 1300 3425; x_wconf 76' lang='lat' dir='ltr'><strong>ut</strong></span> <span class='ocrx_word' id='word_1_184' title='bbox 1346 3366 1534 3439; x_wconf 76' lang='lat' dir='ltr'><strong>amet,</strong></span> <span class='ocrx_word' id='word_1_185' title='bbox 1586 3362 1695 3445; x_wconf 88' lang='lat' dir='ltr'><strong>qui</strong></span> <span class='ocrx_word' id='word_1_186' title='bbox 1741 3382 1865 3427; x_wconf 90' lang='lat' dir='ltr'><strong>non</strong></span> <span class='ocrx_word' id='word_1_187' title='bbox 1916 3367 2087 3426; x_wconf 80' lang='lat' dir='ltr'><strong>amat</strong></span> <span class='ocrx_word' id='word_1_188' title='bbox 2130 3362 2587 3447; x_wconf 79' lang='lat' dir='ltr'><strong>Augustinum‚</strong></span> 
     </span>
    </p>
   </div>
   <div class='ocr_carea' id='block_1_3' title="bbox 709 3550 1411 3616">
    <p class='ocr_par' dir='ltr' id='par_1_3' title="bbox 709 3550 1411 3616">
     <span class='ocr_line' id='line_1_29' title="bbox 709 3550 1411 3616; baseline 0.001 -12"><span class='ocrx_word' id='word_1_189' title='bbox 709 3552 768 3605; x_wconf 92' lang='grc'><strong>11</strong></span> <span class='ocrx_word' id='word_1_190' title='bbox 811 3552 934 3605; x_wconf 86' lang='grc' dir='ltr'>Ηοι·.</span> <span class='ocrx_word' id='word_1_191' title='bbox 977 3550 1149 3607; x_wconf 78' lang='lat' dir='ltr'><strong>Carni.</strong></span> <span class='ocrx_word' id='word_1_192' title='bbox 1189 3553 1216 3606; x_wconf 93' lang='lat'>1</span> <span class='ocrx_word' id='word_1_193' title='bbox 1254 3554 1338 3616; x_wconf 85' lang='lat'><strong>24,</strong></span> <span class='ocrx_word' id='word_1_194' title='bbox 1379 3554 1411 3605; x_wconf 90' lang='grc'><strong>9</strong></span> 
     </span>
    </p>
   </div>
   <div class='ocr_carea' id='block_1_4' title="bbox 511 3674 2812 4364">
    <p class='ocr_par' dir='ltr' id='par_1_4' title="bbox 513 3674 2812 3835">
     <span class='ocr_line' id='line_1_30' title="bbox 595 3674 2811 3747; baseline 0.001 -21"><span class='ocrx_word' id='word_1_195' title='bbox 595 3674 622 3727; x_wconf 89' lang='lat'>1</span> <span class='ocrx_word' id='word_1_196' title='bbox 667 3677 848 3743; x_wconf 59' lang='lat' dir='ltr'><strong>potes*</strong></span> <span class='ocrx_word' id='word_1_197' title='bbox 875 3674 946 3729; x_wconf 78' lang='lat' dir='ltr'><em>M</em></span> <span class='ocrx_word' id='word_1_198' title='bbox 1079 3678 1115 3729; x_wconf 83' lang='lat'>4</span> <span class='ocrx_word' id='word_1_199' title='bbox 1154 3693 1210 3729; x_wconf 83' lang='lat' dir='ltr'><strong>es</strong></span> <span class='ocrx_word' id='word_1_200' title='bbox 1247 3678 1300 3730; x_wconf 75' lang='lat' dir='ltr'><strong><em>A</em></strong></span> <span class='ocrx_word' id='word_1_201' title='bbox 1437 3679 1469 3731; x_wconf 84' lang='lat'>5</span> <span class='ocrx_word' id='word_1_202' title='bbox 1507 3678 1769 3747; x_wconf 83' lang='lat' dir='ltr'><strong>superbus</strong></span> <span class='ocrx_word' id='word_1_203' title='bbox 1807 3678 1863 3732; x_wconf 84' lang='lat' dir='ltr'><em>R</em></span> <span class='ocrx_word' id='word_1_204' title='bbox 1989 3678 2020 3731; x_wconf 83' lang='lat'>9</span> <span class='ocrx_word' id='word_1_205' title='bbox 2060 3693 2220 3745; x_wconf 86' lang='lat' dir='ltr'><strong>quem</strong></span> <span class='ocrx_word' id='word_1_206' title='bbox 2257 3676 2322 3728; x_wconf 81' lang='lat' dir='ltr'><strong><em>K</em></strong></span> <span class='ocrx_word' id='word_1_207' title='bbox 2462 3674 2689 3729; x_wconf 79' lang='lat' dir='ltr'><strong>liberate</strong></span> <span class='ocrx_word' id='word_1_208' title='bbox 2728 3678 2811 3729; x_wconf 89' lang='lat' dir='ltr'><strong>ui-</strong></span> 
     </span>
     <span class='ocr_line' id='line_1_31' title="bbox 513 3764 2812 3835; baseline 0 -17"><span class='ocrx_word' id='word_1_209' title='bbox 513 3764 664 3818; x_wconf 64' lang='lat' dir='ltr'><strong>deri-u</strong></span> <span class='ocrx_word' id='word_1_210' title='bbox 693 3769 764 3829; x_wconf 86' lang='lat' dir='ltr'><strong>(m</strong></span> <span class='ocrx_word' id='word_1_211' title='bbox 807 3769 967 3831; x_wconf 82' lang='lat' dir='ltr'><strong>eras)</strong></span> <span class='ocrx_word' id='word_1_212' title='bbox 1007 3765 1062 3819; x_wconf 80' lang='lat' dir='ltr'><em>R</em></span> <span class='ocrx_word' id='word_1_213' title='bbox 1231 3766 1292 3819; x_wconf 89' lang='lat'><strong>10</strong></span> <span class='ocrx_word' id='word_1_214' title='bbox 1333 3764 1431 3819; x_wconf 86' lang='lat' dir='ltr'><strong>deo</strong></span> <span class='ocrx_word' id='word_1_215' title='bbox 1471 3766 1612 3819; x_wconf 81' lang='lat' dir='ltr'><strong>colla</strong></span> <span class='ocrx_word' id='word_1_216' title='bbox 1646 3784 1713 3819; x_wconf 82' lang='lat' dir='ltr'><strong>m.</strong></span> <span class='ocrx_word' id='word_1_217' title='bbox 1738 3770 1777 3819; x_wconf 79' lang='lat'><strong><em>2</em></strong></span> <span class='ocrx_word' id='word_1_218' title='bbox 1804 3766 2031 3835; x_wconf 79' lang='lat' dir='ltr'><strong>punctis</strong></span> <span class='ocrx_word' id='word_1_219' title='bbox 2066 3782 2203 3820; x_wconf 85' lang='lat' dir='ltr'><strong>corr.</strong></span> <span class='ocrx_word' id='word_1_220' title='bbox 2244 3766 2315 3819; x_wconf 84' lang='lat' dir='ltr'><strong><em>M</em></strong></span> <span class='ocrx_word' id='word_1_221' title='bbox 2472 3767 2532 3818; x_wconf 94' lang='grc'><strong>11</strong></span> <span class='ocrx_word' id='word_1_222' title='bbox 2578 3764 2649 3833; x_wconf 82' lang='lat' dir='ltr'><strong>et]</strong></span> <span class='ocrx_word' id='word_1_223' title='bbox 2692 3772 2719 3818; x_wconf 75' lang='lat' dir='ltr'><strong>e</strong></span> <span class='ocrx_word' id='word_1_224' title='bbox 2758 3767 2812 3819; x_wconf 75' lang='lat' dir='ltr'><em>A</em></span> 
     </span>
    </p>

    <p class='ocr_par' dir='ltr' id='par_1_5' title="bbox 511 3850 2809 4364">
     <span class='ocr_line' id='line_1_32' title="bbox 591 3850 2808 3923; baseline 0 -18"><span class='ocrx_word' id='word_1_225' title='bbox 591 3870 782 3906; x_wconf 83' lang='lat' dir='ltr'><strong>seruus</strong></span> <span class='ocrx_word' id='word_1_226' title='bbox 819 3856 870 3907; x_wconf 79' lang='lat' dir='ltr'><strong><em>A</em></strong></span> <span class='ocrx_word' id='word_1_227' title='bbox 957 3854 1022 3907; x_wconf 89' lang='grc'>12</span> <span class='ocrx_word' id='word_1_228' title='bbox 1061 3853 1368 3907; x_wconf 81' lang='lat' dir='ltr'><strong>dominetur</strong></span> <span class='ocrx_word' id='word_1_229' title='bbox 1405 3854 1562 3909; x_wconf 80' lang='lat' dir='ltr'><strong>codd.</strong></span> <span class='ocrx_word' id='word_1_230' title='bbox 1599 3854 1719 3911; x_wconf 76' lang='lat' dir='ltr'><strong>edd.</strong></span> <span class='ocrx_word' id='word_1_231' title='bbox 1754 3862 1977 3922; x_wconf 77' lang='lat' dir='ltr'><strong>praeter</strong></span> <span class='ocrx_word' id='word_1_232' title='bbox 2010 3872 2063 3907; x_wconf 83' lang='lat' dir='ltr'><strong>m</strong></span> <span class='ocrx_word' id='word_1_233' title='bbox 2150 3856 2212 3909; x_wconf 86' lang='lat'><strong>13</strong></span> <span class='ocrx_word' id='word_1_234' title='bbox 2252 3871 2441 3923; x_wconf 78' lang='lat' dir='ltr'><strong>magra</strong></span> <span class='ocrx_word' id='word_1_235' title='bbox 2484 3853 2529 3907; x_wconf 83' lang='lat' dir='ltr'><strong><em>G</em></strong></span> <span class='ocrx_word' id='word_1_236' title='bbox 2602 3854 2665 3906; x_wconf 91' lang='grc'>16</span> <span class='ocrx_word' id='word_1_237' title='bbox 2691 3850 2808 3906; x_wconf 84' lang='lat' dir='ltr'><strong>dla-</strong></span> 
     </span>
     <span class='ocr_line' id='line_1_33' title="bbox 514 3941 2809 4005; baseline -0.001 -10"><span class='ocrx_word' id='word_1_238' title='bbox 514 3941 700 4003; x_wconf 83' lang='lat' dir='ltr'><strong>midis,</strong></span> <span class='ocrx_word' id='word_1_239' title='bbox 737 3945 864 3995; x_wconf 82' lang='lat' dir='ltr'><strong>m.2</strong></span> <span class='ocrx_word' id='word_1_240' title='bbox 902 3942 1147 3996; x_wconf 81' lang='lat' dir='ltr'><strong>clamidis</strong></span> <span class='ocrx_word' id='word_1_241' title='bbox 1185 3942 1260 3997; x_wconf 82' lang='lat' dir='ltr'><strong><em>M</em></strong></span> <span class='ocrx_word' id='word_1_242' title='bbox 1291 3941 1536 3996; x_wconf 85' lang='lat' dir='ltr'><strong>clamidis</strong></span> <span class='ocrx_word' id='word_1_243' title='bbox 1575 3942 1859 3998; x_wconf 77' lang='lat' dir='ltr'><strong><em>AOPRK</em></strong></span> <span class='ocrx_word' id='word_1_244' title='bbox 1996 3944 2199 3997; x_wconf 85' lang='lat' dir='ltr'><strong>honore</strong></span> <span class='ocrx_word' id='word_1_245' title='bbox 2236 3943 2384 3995; x_wconf 86' lang='lat' dir='ltr'><strong>refici</strong></span> <span class='ocrx_word' id='word_1_246' title='bbox 2422 3944 2475 3997; x_wconf 79' lang='lat' dir='ltr'><strong><em>A</em></strong></span> <span class='ocrx_word' id='word_1_247' title='bbox 2602 3942 2670 3995; x_wconf 82' lang='lat'><strong>20</strong></span> <span class='ocrx_word' id='word_1_248' title='bbox 2708 3958 2809 4005; x_wconf 83' lang='lat' dir='ltr'><strong>ser,</strong></span> 
     </span>
     <span class='ocr_line' id='line_1_34' title="bbox 511 4030 2809 4093; baseline 0 -11"><span class='ocrx_word' id='word_1_249' title='bbox 511 4033 652 4083; x_wconf 75' lang='lat' dir='ltr'><strong>m.2</strong></span> <span class='ocrx_word' id='word_1_250' title='bbox 686 4030 858 4083; x_wconf 81' lang='lat' dir='ltr'><strong>seruit</strong></span> <span class='ocrx_word' id='word_1_251' title='bbox 891 4030 946 4085; x_wconf 89' lang='lat' dir='ltr'><em>P</em></span> <span class='ocrx_word' id='word_1_252' title='bbox 1087 4032 1134 4083; x_wconf 89' lang='lat' dir='ltr'><strong>si</strong></span> <span class='ocrx_word' id='word_1_253' title='bbox 1169 4048 1290 4093; x_wconf 68' lang='lat' dir='ltr'><strong>om„</strong></span> <span class='ocrx_word' id='word_1_254' title='bbox 1329 4048 1396 4085; x_wconf 87' lang='lat' dir='ltr'><strong>m.</strong></span> <span class='ocrx_word' id='word_1_255' title='bbox 1420 4036 1460 4085; x_wconf 77' lang='lat'><strong><em>2</em></strong></span> <span class='ocrx_word' id='word_1_256' title='bbox 1496 4036 1551 4085; x_wconf 82' lang='lat' dir='ltr'><strong>et</strong></span> <span class='ocrx_word' id='word_1_257' title='bbox 1585 4048 1629 4086; x_wconf 78' lang='lat' dir='ltr'><strong>s,</strong></span> <span class='ocrx_word' id='word_1_258' title='bbox 1666 4049 1721 4086; x_wconf 75' lang='lat' dir='ltr'><strong>u.</strong></span> <span class='ocrx_word' id='word_1_259' title='bbox 1764 4032 1893 4088; x_wconf 80' lang='lat' dir='ltr'><strong>add.</strong></span> <span class='ocrx_word' id='word_1_260' title='bbox 1932 4032 2068 4085; x_wconf 82' lang='lat' dir='ltr'><strong>MK</strong></span> <span class='ocrx_word' id='word_1_261' title='bbox 2227 4033 2291 4085; x_wconf 82' lang='lat'><strong>21</strong></span> <span class='ocrx_word' id='word_1_262' title='bbox 2336 4048 2395 4084; x_wconf 92' lang='lat' dir='ltr'><strong>os</strong></span> <span class='ocrx_word' id='word_1_263' title='bbox 2432 4030 2499 4083; x_wconf 87' lang='lat' dir='ltr'><em>K</em></span> <span class='ocrx_word' id='word_1_264' title='bbox 2637 4046 2809 4083; x_wconf 76' lang='lat' dir='ltr'><strong>reine-</strong></span> 
     </span>
     <span class='ocr_line' id='line_1_35' title="bbox 514 4118 2809 4189; baseline 0 -18"><span class='ocrx_word' id='word_1_265' title='bbox 514 4118 628 4171; x_wconf 83' lang='lat' dir='ltr'><strong>aris</strong></span> <span class='ocrx_word' id='word_1_266' title='bbox 669 4118 722 4171; x_wconf 77' lang='lat' dir='ltr'><strong><em>A</em></strong></span> <span class='ocrx_word' id='word_1_267' title='bbox 828 4119 898 4171; x_wconf 77' lang='lat'><strong>22</strong></span> <span class='ocrx_word' id='word_1_268' title='bbox 935 4120 1142 4188; x_wconf 85' lang='lat' dir='ltr'><strong>spernis</strong></span> <span class='ocrx_word' id='word_1_269' title='bbox 1184 4136 1234 4172; x_wconf 84' lang='lat' dir='ltr'><strong>m</strong></span> <span class='ocrx_word' id='word_1_270' title='bbox 1273 4124 1312 4173; x_wconf 81' lang='lat'><strong><em>2</em></strong></span> <span class='ocrx_word' id='word_1_271' title='bbox 1346 4136 1521 4187; x_wconf 78' lang='lat' dir='ltr'><strong>supra</strong></span> <span class='ocrx_word' id='word_1_272' title='bbox 1555 4136 1670 4174; x_wconf 78' lang='lat' dir='ltr'><strong>ras.</strong></span> <span class='ocrx_word' id='word_1_273' title='bbox 1710 4120 1765 4173; x_wconf 73' lang='grc' dir='ltr'><em>Κ</em></span> <span class='ocrx_word' id='word_1_274' title='bbox 1894 4122 1959 4173; x_wconf 80' lang='grc'><strong>23</strong></span> <span class='ocrx_word' id='word_1_275' title='bbox 2000 4124 2055 4173; x_wconf 75' lang='lat' dir='ltr'><strong>et</strong></span> <span class='ocrx_word' id='word_1_276' title='bbox 2093 4136 2195 4173; x_wconf 87' lang='lat' dir='ltr'><strong>om.</strong></span> <span class='ocrx_word' id='word_1_277' title='bbox 2236 4120 2357 4173; x_wconf 75' lang='lat' dir='ltr'><strong>MA</strong></span> <span class='ocrx_word' id='word_1_278' title='bbox 2468 4121 2536 4173; x_wconf 83' lang='lat'><strong>26</strong></span> <span class='ocrx_word' id='word_1_279' title='bbox 2577 4118 2809 4189; x_wconf 82' lang='lat' dir='ltr'><strong>quodam</strong></span> 
     </span>
     <span class='ocr_line' id='line_1_36' title="bbox 515 4204 2805 4277; baseline -0 -17"><span class='ocrx_word' id='word_1_280' title='bbox 515 4208 578 4261; x_wconf 79' lang='lat' dir='ltr'><strong>at</strong></span> <span class='ocrx_word' id='word_1_281' title='bbox 607 4204 672 4259; x_wconf 87' lang='lat' dir='ltr'><strong><em>K</em></strong></span> <span class='ocrx_word' id='word_1_282' title='bbox 701 4206 926 4277; x_wconf 66' lang='lat' dir='ltr'><strong>quedam</strong></span> <span class='ocrx_word' id='word_1_283' title='bbox 957 4212 1014 4261; x_wconf 79' lang='lat' dir='ltr'><strong>nt</strong></span> <span class='ocrx_word' id='word_1_284' title='bbox 1039 4208 1096 4263; x_wconf 79' lang='lat' dir='ltr'><strong><em>R</em></strong></span> <span class='ocrx_word' id='word_1_285' title='bbox 1239 4208 1411 4262; x_wconf 86' lang='lat' dir='ltr'><strong>morbi</strong></span> <span class='ocrx_word' id='word_1_286' title='bbox 1454 4209 1500 4259; x_wconf 78' lang='lat' dir='ltr'><strong><em>C</em></strong></span> <span class='ocrx_word' id='word_1_287' title='bbox 1605 4210 1672 4262; x_wconf 82' lang='lat'><strong>27</strong></span> <span class='ocrx_word' id='word_1_288' title='bbox 1712 4213 1775 4263; x_wconf 79' lang='lat' dir='ltr'><strong>ut</strong></span> <span class='ocrx_word' id='word_1_289' title='bbox 1811 4214 1957 4263; x_wconf 81' lang='lat' dir='ltr'><strong>amet</strong></span> <span class='ocrx_word' id='word_1_290' title='bbox 1994 4227 2061 4263; x_wconf 86' lang='lat' dir='ltr'><strong>m.</strong></span> <span class='ocrx_word' id='word_1_291' title='bbox 2084 4212 2123 4263; x_wconf 84' lang='lat'><em>2</em></span> <span class='ocrx_word' id='word_1_292' title='bbox 2157 4226 2332 4277; x_wconf 73' lang='lat' dir='ltr'><strong>supra</strong></span> <span class='ocrx_word' id='word_1_293' title='bbox 2368 4225 2480 4263; x_wconf 72' lang='lat' dir='ltr'><strong>ras.</strong></span> <span class='ocrx_word' id='word_1_294' title='bbox 2524 4208 2583 4262; x_wconf 91' lang='lat' dir='ltr'><strong><em>K</em></strong></span> <span class='ocrx_word' id='word_1_295' title='bbox 2692 4208 2805 4277; x_wconf 88' lang='lat' dir='ltr'><strong>qui]</strong></span> 
     </span>
     <span class='ocr_line' id='line_1_37' title="bbox 515 4294 1507 4364; baseline 0.001 -16"><span class='ocrx_word' id='word_1_296' title='bbox 515 4298 578 4349; x_wconf 81' lang='lat' dir='ltr'><strong>et</strong></span> <span class='ocrx_word' id='word_1_297' title='bbox 615 4294 712 4363; x_wconf 90' lang='lat' dir='ltr'><strong>qui</strong></span> <span class='ocrx_word' id='word_1_298' title='bbox 750 4299 829 4360; x_wconf 77' lang='lat' dir='ltr'><strong>(et</strong></span> <span class='ocrx_word' id='word_1_299' title='bbox 865 4296 990 4364; x_wconf 80' lang='lat' dir='ltr'><strong>del.)</strong></span> <span class='ocrx_word' id='word_1_300' title='bbox 1025 4296 1094 4349; x_wconf 87' lang='lat' dir='ltr'><strong><em>K</em></strong></span> <span class='ocrx_word' id='word_1_301' title='bbox 1235 4300 1420 4351; x_wconf 76' lang='lat' dir='ltr'><strong>amant</strong></span> <span class='ocrx_word' id='word_1_302' title='bbox 1455 4298 1507 4349; x_wconf 75' lang='lat' dir='ltr'><strong><em>A</em></strong></span> 
     </span>
    </p>
   </div>
  </div>
 </body>
</html>
