3184 4959
517 429 651 492 494
1231 429 1284 482 S.
1344 429 1614 482 Aureli
1667 427 2103 498 Augustini

518 623 912 706 impietatem
951 625 1539 708 promulgauerunt,
1575 642 1678 688 res
1709 623 1994 708 proprias
2022 626 2271 688 uestras
2301 622 2528 706 cupide
2555 622 2822 706 appetit,

520 731 819 815 displicet
881 731 1086 797 nobis,
1163 731 1457 815 quisquis
1523 730 1795 814 denique
1870 731 2042 814 ipsas
2113 750 2215 796 res
2289 750 2638 815 pauperum
2713 730 2825 795 uel

517 837 817 904 basilicas
858 837 1441 922 congregationum,
1482 857 1642 920 quas
1683 838 1801 903 sub
1841 837 2096 904 nomine
2135 839 2443 903 ecclesiae
2479 836 2824 914 tenebatis,

520 963 681 1028 quae
728 946 977 1010 omnino
1025 963 1149 1010 non
1188 945 1495 1010 debentur
1540 945 1666 1011 nisi
1713 945 1770 1009 ei
1817 945 2146 1022 ecclesiae,
2186 963 2346 1028 quae
2393 963 2546 1010 uera
2583 943 2824 1010 Christi

519 1053 793 1118 ecclesia
857 1055 975 1131 est,
1024 1071 1150 1117 non
1214 1072 1326 1136 per
1389 1051 1704 1119 iustitiam
1755 1051 1868 1116 sed
1912 1071 2024 1136 per
2071 1052 2404 1117 auaritiam
2453 1053 2644 1129 tenet,
2695 1048 2824 1116 dis-
2895 1073 2923 1110 5

492 1161 717 1243 -plicet
783 1161 991 1226 nobis.
1071 1160 1361 1244 quisquis
1425 1180 1536 1244 pro
1594 1160 1810 1242 aliquo
1865 1159 2106 1245 flagitio
2175 1159 2280 1224 uel
2341 1158 2616 1223 facinore
2681 1176 2823 1241 pro-

518 1268 759 1332 iectum
817 1287 853 1331 a
909 1268 1095 1334 uobis
1158 1267 1251 1332 ita
1316 1267 1607 1350 suscipit,
1659 1267 1830 1332 sicut
1875 1266 2337 1349 suscipiuntur,
2386 1265 2494 1347 qui
2560 1265 2822 1347 excepto

521 1393 747 1455 errore,
824 1393 949 1456 quo
1034 1393 1071 1438 a
1151 1373 1334 1438 nobis
1414 1373 1815 1457 separamini,
1897 1373 2032 1438 sine
2117 1371 2377 1438 crimine
2461 1372 2628 1455 apud
2703 1389 2822 1436 uos

520 1481 833 1558 unxerunt,
882 1481 1179 1565 displicet
1224 1481 1427 1546 nobis.
1478 1481 1589 1546 sed
1637 1499 1752 1544 nec
1798 1480 1984 1545 facile
2031 1479 2159 1544 ista
2211 1479 2580 1544 monstratis
2631 1483 2713 1554 et,
2765 1478 2823 1543 si

520 1588 909 1664 monstretiS,
984 1589 1323 1653 nonnullos
1388 1588 1759 1667 toleramuS,
1825 1605 1986 1671 quos
2053 1587 2363 1671 corrigere
2427 1587 2534 1651 uel
2596 1585 2822 1670 punire
2861 1607 2923 1646 10

522 1713 643 1760 non
692 1714 1065 1776 possumus3
1124 1714 1326 1778 neque
1382 1698 1640 1778 propter
1693 1695 1940 1778 paleam
1994 1692 2410 1775 relinquimus
2459 1711 2664 1756 aream
2713 1691 2824 1756 do-

522 1802 679 1866 mini
710 1787 716 1794 ⁸
743 1821 949 1884 neque
1021 1805 1279 1885 propter
1349 1801 1560 1885 pisces
1637 1801 1841 1866 malos
1915 1800 2272 1882 rumpimus
2345 1799 2508 1864 retia
2580 1798 2821 1864 domini

522 1927 725 1991 neque
782 1912 1040 1992 propter
1092 1909 1325 1974 haedos
1380 1910 1446 1973 in
1502 1907 1626 1972 fine
1682 1907 2108 1992 segregandos
2157 1905 2506 1970 deserimus
2562 1924 2822 1989 gregem

525 2015 762 2080 domini
818 2035 1022 2098 neque
1084 2020 1344 2098 propter
1396 2034 1555 2082 uasa
1618 2015 1787 2080 facta
1841 2015 1904 2079 in
1964 2015 2416 2080 contumeliam
2469 2013 2820 2098 migramus

524 2120 602 2186 de
650 2121 836 2187 domo
884 2121 1144 2186 domini.
2860 2141 2920 2180 ιε»

236 2225 395 2289 XIII
420 2228 498 2290 51
614 2229 711 2292 Tu
758 2232 991 2307 autem,
1039 2230 1251 2308 frater,
1301 2232 1606 2312 quantum
1657 2228 1812 2292 mihi
1849 2227 2124 2306 uidetur,
2173 2227 2230 2293 si
2275 2246 2503 2292 uanam
2551 2223 2820 2310 gloriam

524 2335 855 2400 hominum
892 2356 1013 2402 non
1055 2336 1359 2400 adtendas
1399 2339 1464 2400 et
1490 2337 1958 2401 insensatorum
1997 2337 2362 2400 contemnas
2391 2333 2820 2417 opprobrium,

527 2442 637 2525 qui
712 2442 945 2508 dicturi
1020 2446 1197 2508 sunt:
1284 2441 1513 2522 ‘Quare
1588 2436 1843 2508 modo:>³
1919 2443 2052 2507 sine
2128 2440 2319 2506 dubio
2393 2440 2664 2506 transies
2740 2439 2822 2504 ad

527 2548 885 2628 ecclesiam,
926 2569 1115 2632 quam
1152 2569 1369 2614 ueram
1418 2549 1652 2616 sentire
1701 2551 1764 2613 te
1809 2548 2132 2633 intellego.
2171 2567 2286 2614 nec
2332 2548 2524 2613 huius
2571 2549 2816 2612 senten-

525 2655 651 2720 tiae
698 2658 845 2720 tuae
894 2657 1263 2722 testimonia
1305 2657 1495 2741 longe
1542 2659 1712 2741 pet0.
1760 2659 1832 2720 tu
1870 2657 2009 2739 ipse
2055 2657 2119 2720 in
2169 2655 2456 2720 eiusdem
2503 2655 2820 2738 epistulae
2859 2669 2920 2712 πο

525 2764 675 2826 tuae
750 2763 1081 2846 principie,
1158 2764 1260 2829 cui
1328 2781 1494 2828 nunc
1566 2762 1938 2845 respondeO,
2012 2765 2169 2828 haec
2241 2762 2440 2827 uerba
2511 2759 2818 2845 posuisti:

527 2869 709 2936 ‘Cum
741 2870 1020 2953 optime‘,
1057 2870 1291 2953 inquis,
1332 2874 1417 2934 ‘te
1456 2870 1738 2934 nouerim
1779 2869 1968 2953 longe
1998 2870 2206 2934 adhuc
2235 2871 2278 2934 a·
2307 2867 2431 2934 fide
2461 2868 2822 2934 Christiana

528 2974 883 3057 sepositum
961 2979 1025 3039 et
1098 2975 1329 3040 studiis
1404 2976 1557 3040 olim
1637 2974 1926 3039 deditum
2007 2975 2362 3040 litterarum
2438 2974 2672 3058 quietis
2757 2978 2824 3038 et

526 3082 883 3148 honestatis
929 3081 1131 3146 fuisse
1179 3082 1488 3146 cultorem
1537 3100 1811 3163 cumque
1855 3083 2080 3164 postea
2127 3100 2472 3147 conuersus
2519 3081 2598 3145 ad
2646 3080 2823 3147 Chri-

708 3379 768 3431 11
812 3375 1007 3432 Matth.
1047 3375 1096 3439 3,
1140 3377 1205 3430 12
1319 3378 1383 3430 12
1420 3377 1618 3432 Matth.
1662 3377 1742 3440 13,
1781 3377 1998 3432 47-—48
2139 3377 2203 3431 13
2241 3377 2439 3434 Matth.
2477 3379 2568 3446 25,
2605 3377 2818 3432 32—33

532 3468 597 3520 14
632 3465 689 3520 11
725 3465 859 3521 Tim.
899 3467 949 3528 2,
990 3466 1059 3518 20

602 3626 626 3679 1
668 3627 895 3696 appetat
930 3625 986 3679 P
1090 3625 1123 3679 2
1161 3624 1411 3694 dispicet,
1449 3631 1578 3683 m.2
1616 3626 1872 3696 displicet
1897 3627 1954 3682 R
2098 3644 2182 3682 res
2219 3627 2366 3698 ipsas
2393 3629 2449 3684 B
2554 3630 2590 3682 4
2629 3628 2820 3682 christi

525 3730 655 3769 uera
689 3714 764 3769 M
920 3715 953 3768 5
991 3714 1300 3780 aecclesiae,
1338 3733 1407 3769 m.
1430 3718 1471 3770 2
1506 3715 1771 3770 aecclesia
1812 3715 1860 3769 C
2019 3715 2265 3787 dispicet‚
2302 3733 2372 3770 m.
2396 3721 2436 3771 2
2473 3716 2727 3788 displicet
2763 3717 2821 3772 R

524 3807 558 3858 6
604 3804 877 3874 proiectus
926 3820 958 3856 a
1002 3802 1159 3857 uobis
1203 3803 1286 3858 ita
1331 3805 1624 3874 suscipitur
1671 3803 1723 3857 L
1905 3805 1938 3858 9
1985 3803 2231 3874 dispioet,
2278 3822 2348 3858 m.
2379 3808 2420 3860 2
2466 3805 2719 3876 displicet
2762 3806 2820 3861 R

596 3893 705 3947 ista
742 3892 904 3946 facile
933 3892 987 3946 L
1063 3893 1130 3948 10
1158 3893 1497 3958 monstratis,
1532 3909 1672 3950 corr.
1702 3910 1771 3947 m.
1795 3898 1826 3946 1
1864 3892 2176 3947 monstretis
2202 3893 2277 3946 M
2347 3894 2410 3947 11
2441 3894 2738 3963 linquimus
2761 3895 2821 3951 R

528 3982 595 4035 13
634 3997 733 4034 nec
766 3979 821 4034 L
976 3981 1085 4036 fine
1121 3982 1174 4036 L
1311 3983 1375 4037 16
1414 3983 1692 4036 hominum
1730 3983 1958 4052 gloriam
1994 3981 2050 4036 R
2190 3983 2255 4037 18
2295 3999 2459 4053 quare
2497 3985 2614 4038 sine
2653 3983 2820 4039 dubio

524 4069 685 4124 modo
722 4069 778 4125 R
829 4086 991 4139 quare
1035 4069 1195 4123 modo
1245 4070 1483 4125 destruis
1530 4088 1667 4141 quae
1714 4073 1862 4142 prius
1909 4069 2233 4125 aedificabas
2279 4071 2397 4125 sine
2449 4070 2613 4126 dubio
2655 4073 2823 4140 lma,-

525 4159 595 4226 οἰ.
634 4158 793 4212 Hier.
838 4161 931 4222 45,
977 4161 1011 4210 4
1122 4160 1187 4212 19
1228 4161 1349 4228 nec]
1390 4158 1525 4213 haec
1560 4159 1616 4212 L
1723 4160 1792 4213 20
1827 4159 2013 4229 longe]
2052 4158 2176 4229 lege
2211 4159 2267 4213 L
2407 4160 2546 4231 ipse]
2585 4161 2676 4216 uel
2701 4163 2823 4234 ipse

526 4246 669 4300 idem
716 4245 762 4298 C
794 4246 911 4315 ipse
950 4246 1093 4300 enim
1132 4246 1187 4302 R
1226 4248 1425 4318 quippe
1464 4247 1584 4302 edd.
1718 4252 1846 4302 tuae
1886 4248 2156 4317 epistulae
2199 4247 2247 4302 C
2279 4249 2402 4305 edd.
2547 4252 2612 4305 21
2656 4251 2822 4322 nunc]

523 4351 629 4388 non
668 4334 743 4387 M
775 4339 863 4401 (m.
888 4334 969 4388 1?
1002 4351 1179 4404 sup-ra
1214 4337 1381 4406 nunc)
1418 4336 1529 4390 AR
1637 4338 1706 4392 22
1744 4337 1990 4392 nouerim
2028 4341 2084 4392 te
2122 4338 2178 4394 R
2215 4338 2338 4394 edd.
