3184 4959
419 1111 447 1152 δ

390 1643 443 1684 10

389 2173 445 2216 16

390 2711 445 2753 80

1288 464 1822 534 epistularum
1879 466 1968 523 CI.
2641 475 2766 538 541

472 658 621 722 istis
669 656 1031 723 simulacris
1076 678 1197 723 non
1248 658 1444 724 dediti
1489 662 1601 724 aut
1645 679 1768 726 non
1825 661 2013 727 nimis
2071 663 2265 729 dediti
2334 664 2774 730 coluerunt

474 771 685 832 tamen
716 769 795 830 et
822 767 1300 832 seruierunt
1337 772 1764 832 creaturae
1801 769 2085 851 potius
2117 791 2347 854 quam
2387 773 2766 839 creatori.

474 872 645 937 absit
689 873 963 950 omnino,
1012 875 1085 938 ut
1128 873 1401 937 istorum
1446 871 1764 938 uanitates
1803 876 1868 939 et
1903 875 2184 941 insaniae
2222 875 2581 954 mendaccS,
2621 898 2774 943 uen-

472 981 653 1044 tosae
684 997 890 1063 nugae
920 997 993 1044 ac
1032 979 1345 1062 superbus
1378 999 1547 1044 error
1574 984 1744 1046 recte
1771 981 2068 1046 liberales
2095 982 2344 1048 litterae
2373 985 2774 1050 nominentur

482 1085 811 1152 hominum
859 1085 1105 1152 scilicet
1148 1086 1522 1164 infelicium,
1572 1089 1681 1170 qui
1729 1087 1831 1153 dei
1878 1091 2144 1172 gratiam
2194 1109 2306 1174 per
2340 1091 2553 1156 Iesum
2596 1091 2766 1158 Chri-

477 1196 651 1258 stum
690 1192 1013 1258 dominum
1054 1196 1371 1270 nostrum,
1413 1213 1537 1276 qua
1575 1194 1712 1258 sola
1756 1195 2101 1261 liberamur
2137 1197 2213 1262 de
2253 1217 2508 1280 corpore
2545 1198 2769 1264 mortis

476 1301 690 1378 huius,
736 1320 859 1366 non
900 1304 1339 1384 cognouerunt
1383 1319 1499 1366 nec
1545 1301 1609 1365 in
1651 1301 1742 1367 eis
1789 1301 1968 1384 ipsis,
2017 1323 2178 1386 quae
2223 1323 2377 1370 uera
2423 1310 2772 1371 senserunt.

475 1406 743 1472 historia
780 1426 948 1486 sane,
998 1407 1183 1472 ouius
1222 1409 1563 1492 scriptores
1603 1408 1794 1474 fidem
1833 1428 1900 1474 se
1937 1411 2274 1493 praecipue
2311 1413 2771 1479 narrationibus

476 1515 611 1579 suis
676 1514 901 1579 debere
973 1515 1366 1598 profitentur,
1439 1517 1734 1582 fortassis
1801 1516 2032 1582 habeat
2109 1519 2350 1602 aliquid
2415 1519 2772 1604 cognitione

479 1621 742 1705 dignum
804 1621 1045 1700 liberie,
1114 1641 1260 1688 cum
1326 1622 1465 1688 siue
1520 1622 1686 1688 bona
1743 1622 1882 1690 siue
1947 1625 2114 1690 mala
2176 1625 2502 1690 hominum
2559 1629 2773 1691 tamen

474 1747 627 1794 uera
663 1731 1011 1794 narrantur.
1052 1728 1346 1810 quamuis
1383 1729 1449 1794 in
1488 1729 1579 1794 eis
1620 1729 2097 1814 cognoscendis,
2137 1733 2246 1814 qui
2283 1735 2503 1798 sancto
2542 1733 2770 1816 spiritu

475 1853 597 1899 non
654 1833 858 1901 adiuti
924 1838 1075 1900 sunt
1126 1853 1539 1919 rumoresque
1599 1836 1899 1921 colligere
1954 1837 2098 1920 ipsa
2151 1839 2459 1905 humanae
2514 1839 2775 1905 infirmi-

474 1941 627 2006 tatis
685 1941 1053 2007 condicione
1108 1942 1425 2026 compulsi
1490 1945 1662 2021 sunt,
1719 1963 1910 2026 quem
1967 1944 2048 2009 ad
2101 1946 2362 2011 modum
2419 1966 2540 2012 non
2596 1947 2770 2011 falle·

475 2053 693 2115 rentur
738 2049 801 2113 in
846 2048 1161 2130 plurimis,
1219 2049 1473 2116 omnino
1540 2069 1666 2116 non
1731 2049 1943 2116 uideo.
2001 2055 2102 2116 est
2164 2055 2374 2118 tamen
2433 2055 2644 2137 aliqua
2707 2054 2770 2118 in

480 2156 571 2222 eis
615 2155 1055 2239 propinquitas
1090 2155 1431 2236 libertatis,
1471 2155 1527 2222 si
1562 2157 1966 2222 uoluntatem
2001 2159 2344 2226 mentiendi
2380 2179 2500 2226 non
2540 2160 2774 2226 habent

478 2281 592 2326 nec
642 2262 927 2326 homines
982 2261 1234 2340 fallunt,
1280 2263 1407 2327 nisi
1464 2281 1610 2327 cum
1657 2262 1735 2327 ab
1782 2262 2148 2329 hominibus
2195 2265 2470 2330 humana
2515 2266 2771 2331 infirmi-

477 2371 609 2433 tate
656 2369 979 2434 falluntur.

567 2474 804 2540 Verum
835 2475 986 2558 quia
1020 2475 1084 2540 in
1116 2475 1408 2541 omnibus
1446 2495 1658 2541 rerum
1687 2476 1991 2553 motibus,
2033 2477 2186 2558 quid
2222 2477 2467 2542 numeri
2496 2477 2768 2558 ualeant,

478 2583 732 2649 facilius
780 2581 1215 2648 consideratur
1256 2583 1321 2647 in
1367 2583 1638 2648 uocibus
1687 2602 1884 2666 eaque
1931 2583 2350 2649 consideratio
2390 2584 2768 2667 quibusdam

480 2691 660 2775 quasi
717 2690 995 2775 gradatis
1051 2690 1387 2756 itineribus
1442 2691 1668 2756 nititur
1715 2690 1791 2756 ad
1849 2711 2124 2774 superna
2175 2691 2400 2756 intima
2455 2692 2769 2768 ueritatiS,

480 2797 557 2862 in
606 2797 838 2881 quibus
887 2796 1053 2862 uiis
1104 2798 1475 2862 ostendit
1530 2817 1614 2862 se
1671 2797 2088 2881 sapientia
2133 2797 2524 2864 hilariter
2570 2800 2645 2862 et
2691 2798 2767 2863 in

480 2904 686 2970 omni
732 2904 1261 2987 prouidentia
1318 2903 1685 2970 occurrit
1729 2904 2109 2982 amantibuS,
2157 2905 2337 2970 initio
2386 2905 2582 2970 nostri
2633 2905 2768 2982 otii,

659 3152 684 3205 1
725 3149 877 3206 Rom.
918 3151 963 3213 1,
1003 3153 1072 3205 25
1182 3151 1213 3202 5
1252 3147 1406 3203 Rom.
1447 3150 1497 3212 7,
1535 3149 1748 3203 24—25
1857 3148 1922 3202 21
1965 3147 2089 3218 Sap.
2129 3148 2179 3210 6,
2220 3149 2284 3202 17

550 3311 575 3364 1
616 3325 725 3362 non
764 3307 890 3362 dedi
928 3310 1049 3376 (om.
1091 3307 1135 3360 ti
1174 3309 1269 3360 aut
1304 3323 1412 3358 non
1450 3305 1614 3359 nimi·
1651 3305 1845 3374 dediti)
1885 3307 2170 3361 coluerunt
2196 3307 2251 3360 A
2360 3305 2534 3361 dediti
2572 3309 2668 3361 aut
2703 3323 2769 3363 ex

476 3396 683 3452 deditia
720 3399 783 3450 ut
817 3397 873 3450 P
978 3398 1009 3451 3
1046 3397 1289 3449 insaniae
1330 3398 1496 3462 (post.
1534 3395 1555 3447 i
1590 3399 1712 3449 m.1
1747 3411 1867 3464 exp.
1902 3395 2046 3464 uid.)
2081 3395 2156 3448 M
2272 3399 2532 3450 uentosae
2569 3395 2766 3466 nugae]

477 3489 535 3540 et
568 3489 829 3541 uentosae
866 3485 1026 3556 ncnie
1066 3484 1139 3538 1²²
1248 3486 1283 3538 4
1318 3483 1596 3548 liberares,
1633 3499 1770 3538 corr.
1809 3483 2062 3538 liberales
2099 3484 2174 3538 M
2287 3487 2320 3539 5
2360 3486 2452 3554 qui
2491 3485 2596 3555 dei]
2637 3485 2769 3555 quid

474 3582 495 3628 Ι
532 3575 574 3642 (i
608 3575 672 3628 in
704 3591 816 3629 ras,
854 3591 924 3629 m.
943 3578 1001 3641 2)
1030 3574 1086 3627 P
1157 3575 1187 3628 7
1228 3589 1364 3642 quae
1405 3575 1561 3626 erant
1586 3589 1718 3626 uera
1743 3573 1800 3627 R
1837 3589 1975 3642 quae
2003 3589 2134 3628 uera
2157 3575 2287 3626 sunt
2313 3573 2432 3627 cdd.
2463 3579 2690 3642 praeter
2715 3591 2768 3628 m

474 3665 509 3719 8
546 3665 733 3732 storia,
769 3669 897 3718 m.2
932 3663 1139 3734 ystoria
1173 3663 1229 3716 P
1370 3661 1477 3715 fide
1513 3663 1569 3716 Δ
1705 3662 1738 3714 9
1777 3660 2088 3730 cognitione
2126 3677 2248 3716 cum
2281 3677 2394 3717 ras.
2431 3678 2597 3730 super
2632 3679 2660 3716 e
2697 3662 2772 3716 M

478 3754 539 3808 11
580 3753 666 3806 his
705 3756 759 3807 A
970 3752 1165 3822 spiritu
1202 3754 1387 3805 sancto
1426 3749 1536 3804 FR
1572 3749 1695 3804 edd.
1894 3738 1983 3804 ἦ)
2021 3765 2136 3804 ras.
2174 3753 2226 3803 et
2271 3765 2408 3803 corr.
2445 3756 2512 3802 ut
2545 3751 2662 3808 uid.
2701 3767 2768 3805 ex

474 3831 587 3898 {effi
624 3842 680 3894 P
750 3842 815 3895 12
852 3840 1200 3910 rimoresque,
1236 3855 1305 3892 m.
1329 3843 1369 3894 2
1403 3854 1751 3908 rumoresque
1787 3837 1862 3892 Ρι
2006 3837 2350 3892 infirmitates
2387 3836 2462 3890 M
2496 3841 2586 3903 (m.
2609 3841 2649 3892 2
2683 3839 2764 3892 in-

472 3930 769 3999 firmitatis)
806 3931 867 3986 F
900 3934 989 3996 (m.
1010 3933 1041 3983 1
1060 3928 1093 3984 ?
1127 3945 1265 3984 corr.
1303 3928 1658 3994 infirmitatis)
1789 3928 1854 3982 13
1895 3927 2210 3982 condicione
2247 3942 2314 3980 ex
2351 3926 2654 3981 condicioni
2691 3927 2762 3981 ΡΙ

476 4021 543 4074 14
578 4020 635 4073 in
674 4019 753 4072 eis
791 4019 973 4088 aliqua
1008 4018 1064 4074 R
1102 4018 1222 4074 edd.
1308 4018 1374 4071 18
1410 4017 1467 4071 in
1507 4016 1774 4086 omnibus]
1813 4015 2123 4069 hominibus
2161 4015 2216 4068 A
2326 4015 2417 4083 qui
2453 4015 2526 4067 M
2532 4014 2635 4068 ΓΑ
2657 4018 2775 4084 aef

542 4107 813 4172 numerari
849 4107 1191 4161 MFARae
1228 4105 1573 4170 dinumerari,
1611 4122 1680 4159 m.
1704 4109 1744 4158 2
1779 4106 1986 4158 numeri
2024 4103 2098 4156 P¹
2245 4103 2310 4157 19
2351 4119 2556 4172 eaquae
2596 4107 2766 4172 (post.

473 4215 507 4251 a
542 4197 668 4264 del.)
703 4197 758 4250 P
864 4197 932 4250 20
968 4195 1163 4249 nititur
1196 4211 1309 4250 ras.
1349 4211 1415 4249 ex
1451 4194 1665 4248 nutitur
1687 4193 1766 4247 M
1901 4193 2127 4246 intimae
2153 4191 2206 4246 A
2315 4193 2379 4245 21
2423 4193 2550 4262 uiis]
2587 4193 2670 4246 ius
2699 4195 2768 4247 M

464 4281 475 4293 ⁸
542 4285 830 4356 sapientia,
868 4301 1006 4340 corr.
1042 4302 1112 4338 m.
1134 4287 1164 4337 1
1199 4283 1500 4354 sapientiae
1526 4281 1606 4336 M
1778 4283 1836 4336 in
1873 4281 2036 4351 omni]
2075 4281 2282 4334 homini
2309 4282 2363 4334 A
2532 4283 2600 4336 ‘22
2635 4298 2763 4351 pru-

472 4373 660 4428 dentia
696 4374 821 4430 MR
857 4375 948 4446 (m.
969 4378 1000 4426 1
1033 4390 1207 4444 supra
1241 4374 1271 4426 Ι
1304 4370 1674 4442 prouidentia)
1823 4372 1930 4434 oui,
1969 4387 2037 4423 m.
2061 4373 2100 4424 2
2136 4371 2242 4424 ocii
2281 4371 2356 4424 Ρι
