3184 4959
1110 428 1639 497 epistularum
1697 426 1937 481 CXVIII.
2543 432 2672 497 685

372 624 466 687 ita
516 624 610 701 ut,
679 621 736 687 si
781 642 907 705 qua
967 642 1133 687 nunc
1190 623 1416 688 erroris
1471 626 1649 691 secta
1705 628 1923 689 contra
1975 624 2331 705 ueritatem,
2398 624 2519 689 hoc
2577 628 2679 690 est

375 734 592 796 contra
673 729 1007 794 ecclesiam
1083 729 1320 795 Christi
1404 731 1747 808 emerserit,
1833 730 1958 795 nisi
2042 731 2295 795 nomine
2381 734 2679 813 cooperta

375 836 734 902 Christiano
793 836 872 900 ad
932 837 1346 921 pugnandum
1409 838 1701 921 prosilire
1764 856 1887 902 non
1954 838 2201 903 audeat.
2269 857 2341 902 ex
2397 857 2519 921 quo
2584 840 2679 904 in·-

373 944 702 1028 tellegitur
754 944 932 1025 ipsos
991 963 1242 1028 quoque
1287 944 1659 1011 Platonicae
1714 946 1925 1029 gentis
1982 946 2397 1029 philosophos
2451 947 2675 1029 paucis

310 1071 334 1107 ο
373 1052 660 1126 mutatiS,
709 1070 872 1132 quae
919 1050 1278 1117 Christiana
1328 1052 1623 1135 inprobat
1679 1052 2035 1136 disciplina,
2092 1054 2519 1118 inuictissimo
2566 1054 2677 1118 uni

372 1159 507 1243 regi
565 1158 816 1223 Christo
879 1158 1020 1239 pias
1077 1158 1356 1223 ceruices
1415 1163 1701 1243 oportere
1758 1160 2136 1225 submittere
2192 1162 2256 1225 et
2307 1160 2677 1244 intellegere

375 1264 640 1328 uerbum
681 1264 782 1328 dei
826 1263 1080 1328 homine
1125 1263 1442 1343 indutum,
1492 1265 1600 1347 qui
1649 1266 1843 1331 iussit
1889 1269 1953 1331 et
1990 1266 2299 1331 creditum
2338 1268 2455 1345 est,
2505 1267 2675 1349 quod

373 1371 469 1436 illi
515 1370 621 1434 uel
665 1370 942 1453 proferre
988 1370 1378 1449 metuebant.

203 1484 282 1545 22
463 1477 632 1541 Huic
685 1481 772 1555 te,
837 1477 925 1541 mi
981 1478 1307 1555 Dioscore,
1373 1480 1448 1542 ut
1499 1480 1639 1543 tota
1702 1478 1939 1563 pietate
2006 1478 2243 1544 subdas
2308 1478 2506 1544 uelim
2560 1498 2674 1544 nec

289 1604 339 1643 ιο
377 1583 564 1649 aliam
628 1583 749 1648 tibi
823 1583 901 1647 ad
967 1584 1415 1667 capessendam
1483 1589 1547 1649 et
1614 1584 2017 1650 obtinendam
2092 1586 2429 1651 ueritatem
2502 1586 2675 1650 uiam

377 1690 648 1769 munias,
696 1710 884 1774 quam
933 1710 1092 1774 quae
1139 1691 1386 1757 munita
1434 1696 1536 1757 est
1581 1691 1659 1757 ab
1704 1692 1840 1771 illo,
1890 1691 2000 1776 qui
2047 1712 2386 1777 gressuum
2432 1694 2675 1757 nostro-

376 1817 520 1862 rum
572 1800 898 1881 tamquam
956 1798 1110 1862 deus
1175 1798 1343 1863 uidit
1395 1798 1850 1866 infirmitatem.
1918 1818 1991 1864 ea
2049 1802 2150 1863 est
2205 1802 2417 1863 autem
2471 1800 2677 1882 prima

378 1904 726 1982 humilitas,
805 1906 1081 1971 secunda
1155 1905 1508 1985 humilitas,
1582 1908 1773 1971 tertia
1836 1906 2168 1971 humilitas
2234 1911 2316 1983 et,
2386 1906 2676 1987 quotiens

376 2011 815 2095 interrogares,
872 2012 992 2077 hoc
1046 2011 1342 2087 dicerem,
1408 2032 1528 2077 non
1587 2032 1711 2096 quo
1776 2012 1898 2078 alia
1952 2031 2074 2078 non
2134 2013 2263 2079 sint
2316 2016 2674 2096 praecepta,

297 2137 342 2175 ιε
381 2136 537 2200 quae
593 2118 901 2195 dicantur,
969 2118 1082 2183 sed
1146 2120 1272 2184 nisi
1335 2120 1667 2184 humilitas
1725 2119 1955 2199 omnia,
2013 2138 2449 2203 quaecumque
2513 2120 2673 2184 bene

377 2224 670 2304 facimus,
737 2228 804 2289 et
861 2225 1283 2309 praecesserit
1338 2229 1402 2291 et
1460 2227 1761 2291 comitata
1826 2234 1890 2291 et
1954 2230 2295 2291 consecuta
2355 2226 2549 2291 fuerit
2612 2228 2679 2290 et

376 2332 723 2414 proposita,
773 2351 962 2416 quam
1017 2333 1397 2413 intueamur,
1447 2336 1514 2398 et
1567 2333 1877 2416 adposita,
1928 2335 2031 2398 cui
2090 2334 2562 2409 adhaereamus,
2613 2336 2679 2397 et

376 2438 672 2521 inposita,
743 2458 866 2523 qua
929 2440 1365 2523 reprimamur,
1433 2442 1560 2505 iam
1624 2440 1809 2506 nobis
1866 2440 1943 2505 de
1998 2441 2211 2524 aliquo
2276 2439 2441 2504 bono
2503 2440 2676 2505 facto

380 2545 805 2628 gaudentibus
859 2549 1068 2611 totum
1117 2549 1448 2631 extorquet
1495 2547 1570 2611 de
1618 2566 1805 2612 manu
1868 2548 2183 2628 superbia.
2238 2546 2399 2611 uitia
2444 2547 2677 2630 quippe

285 2669 339 2709 πο
379 2655 586 2717 cetera
617 2652 682 2717 in
720 2654 1023 2734 peccatis,
1072 2654 1370 2735 superbia
1414 2672 1564 2719 uero
1606 2654 1795 2718 etiam
1842 2654 1905 2717 in
1954 2657 2124 2719 recte
2171 2654 2360 2719 factis
2395 2652 2681 2718 timenda

378 2763 497 2837 est,
545 2778 624 2824 ne
667 2760 800 2836 illa,
842 2779 1000 2841 quae
1045 2758 1454 2825 laudabiliter
1499 2761 1669 2825 facta
1717 2762 1888 2839 sunt,
1934 2759 2139 2843 ipsius
2188 2760 2396 2824 laudis
2438 2760 2681 2842 cupidi-

377 2869 510 2931 tate
575 2866 966 2932 amittantur.
1040 2867 1276 2951 itaque,
1344 2868 1514 2932 sicut
1576 2868 1793 2933 rhetor
1856 2868 1964 2932 ille
2026 2866 2465 2931 nobilissimus
2532 2885 2679 2930 cum

377 2973 805 3057 interrogatus
862 2976 1053 3050 esset,
1111 2973 1264 3056 quid
1325 2975 1385 3037 ei
1438 2975 1715 3055 primum
1782 2973 2107 3037 uideretur
2158 2974 2225 3036 in
2282 2973 2680 3055 eloquentiae

377 3080 730 3163 praeceptis
781 3079 1104 3145 obseruari
1153 3083 1458 3164 oportere,
1517 3080 2100 3163 pronuntiationem
2149 3079 2680 3161 dicitur-respon-

292 3200 345 3241 25
383 3186 573 3266 disse,
613 3205 757 3251 cum
789 3190 1211 3270 quaereretur,
1252 3186 1404 3269 quid
1443 3187 1742 3265 secunde,
1784 3186 2045 3251 eandem
2082 3184 2679 3269 pronuntiationem,

384 3292 536 3376 quid
590 3293 799 3371 tertio,
855 3293 1014 3358 nihil
1071 3292 1244 3359 aliud
1293 3312 1482 3377 quam
1537 3292 2119 3377 pronuntiationem
2167 3292 2421 3370 dixisse,
2478 3292 2537 3356 si
2589 3290 2681 3355 in-

453 3538 488 3589 2
523 3536 630 3591 nisi
665 3538 723 3591 in
759 3536 978 3591 nomine
1016 3536 1308 3591 christiano
1348 3542 1606 3608 cooperta
1640 3536 1697 3593 R
1842 3538 1873 3591 3
1911 3535 2301 3607 pungnandum
2346 3535 2401 3590 V
2552 3550 2678 3605 pro-

384 3624 558 3688 silere,
595 3642 664 3679 m.
687 3629 726 3679 2
763 3625 1010 3695 prosilire
1046 3624 1124 3679 M
1262 3625 1467 3687 audiat,
1507 3641 1645 3679 corr.
1685 3624 1887 3679 audeat
1924 3624 1977 3679 V
2076 3626 2112 3677 4
2149 3625 2296 3695 ipsos
2338 3640 2506 3694 quoq;
2546 3610 2680 3679 Alii.

381 3713 664 3785 Platonice
702 3715 884 3783 gentis
917 3714 1294 3784 philosophos.
1332 3714 1637 3785 platonicos
1676 3713 2027 3785 philosophos
2064 3714 2252 3783 paucis
2288 3712 2345 3766 R
2456 3714 2489 3767 5
2527 3729 2685 3782 quemn»

387 3808 520 3870 (raa.
557 3806 702 3859 1—2
739 3804 798 3871 l.)
836 3804 894 3857 P
997 3805 1030 3857 6
1067 3804 1409 3858 summittere
1447 3807 1697 3873 oportere
1733 3803 1790 3859 R
1896 3802 1931 3857 8
1967 3803 2059 3856 uel
2094 3819 2197 3857 om.
2236 3801 2376 3856 P¹V
2490 3802 2557 3856 10
2595 3818 2683 3855 ca-

383 3893 706 3963 pessandam
739 3893 796 3948 P
939 3892 1006 3947 12
1043 3893 1202 3957 uidit,
1239 3910 1377 3948 corr.
1419 3897 1509 3959 (m.
1531 3899 1562 3947 1
1579 3892 1629 3961 ἓ)
1669 3892 1825 3947 uidet
1858 3892 1934 3945 P¹
1969 3892 2125 3947 uidet
2159 3890 2275 3945 PV
2414 3892 2485 3951 16,
2516 3890 2685 3944 facia-

381 3999 501 4036 mus
537 3984 593 4038 A
765 3983 1039 4047 comitate,
1077 3998 1213 4038 corr.
1253 3984 1340 4054 (m.
1362 3986 1393 4036 1
1411 3982 1464 4050 ἓ)
1502 3983 1762 4037 comitata
1799 3981 1873 4034 Ρι
1925 3981 2257 4044 comittatur,
2294 3996 2363 4033 m.
2388 3982 2428 4033 2
2462 3980 2685 4034 comite·

384 4076 475 4125 tur
508 4072 565 4127 P
599 4071 892 4126 comitatur
928 4089 966 4125 a
1007 4072 1294 4127 comitetur
1330 4077 1450 4126 cett.
1490 4071 1610 4126 edd.
1761 4071 1826 4124 17
1866 4070 2112 4125 ineamur
2145 4071 2202 4124 A
2348 4068 2415 4123 18
2454 4084 2593 4139 quae
2632 4070 2685 4121 A

457 4161 616 4215 uobis
652 4160 778 4214 MA
922 4160 994 4214 20
1030 4160 1086 4214 in
1123 4161 1284 4215 rectis
1326 4162 1450 4221 (om.
1487 4160 1689 4227 factis),
1727 4176 1796 4213 m.
1819 4163 1849 4212 1
1883 4174 2058 4227 supra
2092 4158 2121 4211 ἔ
2154 4158 2210 4211 in
2250 4161 2397 4212 recte
2433 4157 2595 4211 factis
2629 4154 2688 4211 R

388 4250 443 4304 in
480 4250 643 4305 rectis
681 4250 846 4321 (corr.
882 4254 1004 4303 m.1
1039 4252 1207 4317 recte)
1246 4248 1410 4303 factis
1447 4248 1501 4302 V
1594 4248 1665 4302 24
1704 4248 1989 4301 obseruare
2028 4245 2223 4301 debere
2260 4246 2317 4302 R
2423 4247 2493 4301 25
2522 4260 2686 4315 quae·

387 4342 539 4393 retur
573 4340 629 4394 A
737 4340 806 4393 26
846 4338 1074 4393 dixisset
1109 4338 1164 4392 P
1303 4338 1372 4408 si]
1412 4337 1493 4391 ita
1531 4338 1577 4391 si
1596 4354 1652 4391 m
