3184 4959
513 444 642 508 606
1221 442 1274 496 S.
1333 442 1605 495 Aureli
1660 441 2096 512 Augustini

515 636 850 702 ecclesiam
913 637 979 702 in
1047 655 1144 715 eo,
1201 637 1372 719 quod
1439 637 1756 719 sequitur:
1823 637 1921 702 Et
1993 637 2334 703 uocauit
2404 641 2697 703 terram
2774 659 2810 704 a

513 743 718 809 solis
767 747 948 809 ortu
999 761 1260 827 usquo
1307 743 1400 808 ad
1447 761 1846 810 occasum.
1894 743 2009 809 ubi
2054 745 2435 828 agnouimus
2486 745 2809 811 Christum

509 851 584 933 in,
635 869 729 926 6ο,
800 851 970 932 quod
1027 851 1333 934 scriptum
1394 854 1521 916 est:
1579 851 1677 915 Et
1738 851 1919 935 ipse
1983 853 2391 934 tamquam
2458 871 2806 936 sponsus

508 958 958 1040 procedens
1015 958 1104 1023 de
1157 957 1518 1024 thalamo
1587 977 1731 1024 suo
1789 959 2205 1024 exultauit
2269 961 2357 1023 ut
2426 960 2659 1045 gigas
2716 959 2807 1024 ad

513 1066 976 1130 currendam
1043 1065 1274 1143 uiam,
1341 1065 1431 1130 ibi
1499 1066 1879 1151 agnouimus
1946 1067 2281 1132 eeclesiam
2344 1065 2410 1131 in
2475 1085 2571 1144 eo,
2639 1065 2809 1148 quod
2872 1087 2899 1125 ε»

509 1173 698 1256 paulo
755 1173 1052 1256 superius
1099 1172 1361 1237 dicitur:
1409 1173 1495 1238 In
1544 1193 1847 1240 omnem
1892 1177 2194 1239 terram
2242 1174 2504 1239 exiuit
2564 1192 2804 1239 sonus

511 1299 778 1346 eorum
845 1283 922 1345 ot
983 1281 1060 1344 in
1126 1281 1341 1345 finos
1409 1281 1633 1346 orbis
1696 1285 1965 1346 torrae
2039 1280 2289 1346 uerba
2354 1299 2654 1357 eorum3
2726 1279 2803 1342 in

513 1388 684 1451 sole
737 1386 1024 1471 posuit
1068 1387 1699 1452 tabernaculum
1760 1407 2026 1458 suum:
2085 1388 2225 1470 ipsa
2272 1392 2371 1453 est
2416 1385 2688 1452 ecclesia
2738 1385 2803 1449 in

509 1494 644 1560 sole
691 1494 920 1578 posita,
967 1493 1088 1558 hoo
1137 1495 1237 1558 est
1279 1494 1341 1557 in
1389 1494 1901 1560 manifestatione
1940 1495 2232 1560 omnibus
2280 1497 2430 1559 nota
2474 1512 2679 1576 usque
2728 1491 2804 1556 ad

508 1600 812 1666 terminos
849 1603 1072 1664 terrae.
1111 1600 1222 1665 ubi
1261 1601 1643 1685 agnouimus
1684 1599 2011 1666 Christum
2048 1601 2109 1664 in
2152 1619 2246 1677 oo,
2286 1599 2456 1683 quod
2493 1598 2803 1680 scriptum
2843 1621 2896 1660 ιο

511 1709 638 1772 est:
715 1707 1132 1774 Foderunt
1203 1726 1484 1772 manus
1557 1725 1775 1772 meas
1852 1711 1931 1772 et
2004 1707 2272 1790 podes,
2356 1707 2803 1770 dinumera-

510 1818 810 1879 uerunt
847 1815 1106 1880 omnia
1144 1831 1332 1878 ossa
1375 1833 1562 1890 mea,
1610 1814 1774 1897 ipsi
1820 1833 2013 1880 uero
2062 1813 2803 1878 consider-auerunt

509 1923 590 1984 et
636 1923 1131 2004 aspexerunt
1175 1939 1312 1999 me,
1361 1920 1831 1986 diuiserunt
1876 1921 2040 1986 sibi
2086 1921 2593 1985 uestimenta
2636 1935 2805 1982 mea

511 2030 589 2090 et
664 2045 908 2109 super
971 2031 1284 2092 uestem
1341 2046 1586 2093 meam
1643 2029 2053 2092 miserunt
2110 2030 2430 2101 sortem,
2476 2026 2567 2091 ibi
2615 2045 2802 2110 agno·

511 2133 724 2197 uimus
773 2137 838 2197 ot
894 2133 1228 2198 ecclesiam
1285 2135 1348 2198 in
1405 2153 1499 2212 6ο,
1561 2134 1731 2216 quod
1788 2135 1979 2217 paulo
2036 2137 2186 2218 post
2238 2135 2302 2198 in
2358 2133 2606 2217 psalmo
2663 2133 2802 2214 ipso
2844 2155 2900 2194 ιε.

511 2238 770 2305 dieitur:
832 2239 1693 2306 commemorabuntur
1748 2245 1826 2306 et
1882 2245 2481 2307 conuertentur
2536 2239 2627 2304 ad
2684 2239 2803 2302 do-

513 2345 804 2410 minum
863 2346 1239 2411 uniuersi
1293 2346 1508 2411 fines
1555 2350 1824 2413 terrae
1872 2351 1949 2411 ot
1996 2347 2457 2412 adorabunt
2508 2345 2583 2409 in
2634 2362 2802 2408 oon-

511 2455 794 2536 spootu
854 2453 1030 2518 eius
1087 2452 1526 2518 uniuersae
1590 2453 1907 2536 patriae
1967 2455 2357 2539 gentium,
2426 2451 2801 2536 quoniam

511 2559 816 2624 domini
871 2564 995 2624 est
1046 2579 1374 2643 regnum
1437 2559 1745 2642 etipse
1794 2559 2359 2625 dominabitur
2416 2557 2799 2643 gentium.

509 2666 619 2730 ubi
657 2667 1036 2749 agnouimus
1077 2665 1402 2731 Christum
1439 2666 1502 2731 in
1545 2685 1641 2744 eo,
1692 2667 1861 2750 quod
1898 2666 2206 2749 scriptum
2248 2669 2374 2731 est:
2422 2665 2801 2730 Exaltare
2838 2690 2901 2728 ιο

511 2792 754 2855 super
809 2774 1104 2841 caelos.
1171 2773 1388 2850 deus,
1453 2773 1542 2838 ibi
1613 2774 1994 2857 agnouimus
2062 2777 2127 2838 et
2180 2772 2519 2838 ecclesiam
2580 2771 2643 2834 in
2702 2787 2799 2847 6ο,

510 2879 679 2961 quod
744 2880 1060 2962 sequitur:
1108 2879 1206 2943 Et
1267 2897 1522 2961 super
1575 2897 1882 2943 omnem
1946 2882 2246 2944 terram
2310 2877 2581 2962 gloria
2644 2879 2799 2939 tua.

509 2986 618 3049 ubi
674 2985 1054 3070 agnouimus
1113 2983 1438 3050 Christum
1493 2986 1556 3050 in
1616 3005 1711 3062 oo,
1778 2987 1949 3069 quod
2014 2988 2321 3070 scriptum
2381 2991 2505 3051 ost:
2561 2983 2799 3056 Deus,

509 3091 914 3156 iudicium
988 3097 1212 3156 tuum
1287 3093 1461 3176 rogi
1540 3093 1633 3158 da
1698 3097 1775 3158 et
1836 3093 2253 3159 iustitiam
2329 3097 2545 3158 tuam
2608 3090 2797 3156 filio

509 3199 751 3282 regis,
815 3199 907 3263 ibi
971 3198 1351 3282 agnouimus
1409 3203 1474 3263 et
1527 3200 1859 3264 ecclesiam
1926 3200 1988 3265 in
2048 3219 2144 3278 oo,
2212 3201 2381 3283 quod
2435 3201 2511 3265 de
2564 3199 2678 3264 illo
2731 3198 2795 3262 in
2836 3223 2899 3262 ιε,

690 3425 714 3477 1
755 3423 845 3476 Ps.
882 3423 970 3486 49,
1014 3424 1038 3476 1
1151 3424 1184 3476 3
1221 3423 1312 3476 ΡΒ.
1354 3426 1436 3488 18,
1475 3427 1508 3480 6
1627 3427 1660 3481 6
1696 3426 1788 3480 Ps.
1831 3425 1914 3490 18,
1954 3427 2096 3481 5-6
2230 3427 2288 3481 11
2329 3427 2418 3482 Pe.
2458 3427 2545 3492 21,
2587 3427 2797 3480 17—19

511 3511 577 3564 16
613 3511 704 3566 Ps.
743 3512 829 3578 21,
868 3510 1082 3566 28-29
1189 3514 1283 3576 2ος
1325 3513 1396 3566 22
1431 3513 1521 3567 Ps.
1561 3515 1649 3577 56,
1686 3515 1720 3567 6
1830 3515 1900 3568 23
1935 3513 2026 3568 Pa.
2067 3515 2151 3577 71,
2191 3515 2224 3567 2

581 3637 606 3688 1
649 3635 917 3705 sequitur]
959 3636 1222 3704 scriptum
1261 3640 1344 3690 est
1381 3637 1454 3690 M
1596 3638 1787 3692 uocaui
1824 3637 1900 3690 M
2072 3638 2106 3691 2
2142 3640 2428 3693 hoccasum
2469 3638 2527 3708 (h
2564 3638 2705 3708 exp.)
2742 3637 2804 3690 F

505 3727 539 3777 4
577 3725 770 3793 gigans
807 3724 918 3779 FP
1023 3727 1057 3777 5
1095 3725 1223 3778 tllibi
1263 3725 1471 3792 (fuisse
1505 3725 1623 3780 uid.
1662 3726 1779 3794 ubi)
1812 3725 1875 3780 F
1904 3725 1999 3780 ubi
2036 3729 2101 3780 M
2138 3727 2297 3799 (corr.
2336 3727 2435 3794 ibi)
2462 3729 2517 3779 A
2626 3727 2797 3782 eccle-

506 3814 658 3875 siam,
697 3829 835 3868 corr.
873 3831 940 3870 m.
963 3819 994 3868 1
1032 3818 1090 3868 et
1125 3814 1406 3870 eeclesiam
1444 3815 1499 3868 P
1533 3819 1590 3869 ot
1628 3816 1909 3871 ecclesiam
1935 3817 2130 3884 firm
2310 3833 2356 3880 6,
2394 3831 2535 3871 corr.
2578 3821 2720 3878 (nal
2743 3817 2794 3886 Ρ)

507 3919 569 3956 6ο
606 3902 667 3956 F
841 3906 874 3959 6
922 3903 1190 3958 dicitunumn
1237 3903 1374 3974 (ras.
1422 3908 1568 3960 1-2
1614 3905 1673 3974 Ζ.)
1714 3907 1769 3960 Α
1984 3907 2132 3970 exiit,
2180 3921 2315 3960 corr.
2362 3922 2429 3959 m.
2452 3911 2482 3959 1
2524 3905 2693 3960 exiuit
2726 3905 2801 3959 M

505 3991 538 4045 8
577 4007 787 4045 suum„
807 3993 824 4064 Η
842 3992 962 4062 ipsa
1001 3997 1081 4060 (et
1117 3995 1280 4058 eras.)
1315 3995 1372 4046 P
1405 4011 1559 4048 suum
1602 3998 1658 4048 et
1692 3995 1813 4064 ipsa
1846 3994 1909 4048 F
2048 3998 2133 4048 est
2168 4010 2271 4048 om.
2299 3996 2354 4047 A
2462 3995 2496 4049 9
2530 3996 2715 4066 posuit
2740 3997 2795 4048 Α

576 4081 1017 4136 manifestatione
1055 4081 1234 4137 MFA
1381 4083 1443 4138 11
1483 4082 1673 4153 pedes]
1713 4082 1880 4152 pedes
1916 4099 2065 4137 meos
2102 4083 2163 4138 F
2194 4082 2314 4137 edd.
2346 4088 2573 4152 praeter
2606 4101 2659 4137 m
2692 4100 2795 4139 sec.

517 4169 672 4240 Vuly.
712 4171 996 4240 (Septuay.
1037 4185 1250 4240 quoque
1285 4172 1403 4227 cod.
1442 4173 1602 4226 Alex.
1643 4171 1807 4234 πόδας
1847 4176 1967 4241 μου)
2108 4173 2177 4226 14
2212 4188 2377 4242 super
2410 4173 2795 4227 uestimentum

505 4275 684 4312 meum
722 4258 775 4311 P
810 4260 930 4313 edd.
1010 4263 1075 4315 15
1113 4263 1171 4313 et
1206 4277 1310 4314 om.
1349 4261 1421 4314 M
1523 4261 1644 4329 ipso
1682 4275 1783 4315 om.
1820 4259 1895 4313 M
1965 4260 2032 4314 16
2072 4263 2478 4326 conuertuntur,
2514 4277 2651 4316 corn
2676 4277 2745 4315 m.
2767 4265 2797 4315 1

506 4350 886 4401 conuertentur
913 4348 981 4400 M
1075 4349 1141 4402 18
1179 4349 1412 4418 patriae]
1451 4348 1693 4402 familiae
1720 4348 1776 4402 R
1810 4365 1912 4403 sec.
1950 4349 2107 4419 Vulq.
2196 4349 2267 4403 22
2306 4349 2533 4419 gloriam
2562 4353 2709 4404 tuam
2738 4351 2797 4404 A
