3184 4959
500 434 629 498 498
1219 433 1272 490 S.
1326 435 1606 492 Aureli
1659 433 2098 505 Augustini

500 630 593 696 ita
654 635 731 698 ut
792 637 945 698 tunc
1012 633 1232 697 statim
1288 651 1435 697 eum
1500 651 1537 696 a
1600 635 1665 698 te
1720 633 1878 697 mihi
1940 633 2196 698 uenisse
2253 633 2592 714 crederem,
2661 653 2812 698 cum

500 737 776 823 primum
824 738 1121 804 uidebam
1168 741 1234 804 et
1280 757 1423 804 cum
1470 739 1631 804 mibi
1675 739 1934 824 plenum
1983 739 2304 806 odorem
2351 740 2812 805 suauitatis

499 849 653 910 tuae
706 845 769 909 in
820 844 1089 928 eloquiis
1144 846 1277 910 tuis
1325 845 1622 913 caelestis
1667 846 1979 930 unguenti
2027 846 2325 912 castitate
2381 847 2810 930 fragrantibus

503 952 823 1018 offerebat.
854 953 1057 1018 fateor
1082 955 1293 1018 tamen
1330 952 1726 1018 uenerandae
1757 951 2158 1019 unanimitati
2189 955 2340 1018 tuae
2367 973 2490 1018 non
2517 953 2814 1037 potuisse

500 1079 602 1124 me
674 1057 979 1125 uolumen
1051 1059 1263 1143 ipsum
1344 1058 1587 1135 statim,
1662 1060 1740 1124 ut
1803 1077 2187 1140 acceperam,
2260 1057 2500 1126 Romae
2560 1059 2802 1143 legere;
2877 1085 2905 1124 ⁵

499 1170 715 1234 tantae
746 1158 933 1232 'enim
985 1166 1119 1233 illic
1177 1165 1399 1232 turbae
1456 1169 1653 1243 erant,
1722 1169 1796 1230 ut
1859 1185 1982 1231 non
2028 1185 2287 1249 possem
2332 1185 2567 1232 munus
2621 1169 2810 1232 tuum

502 1273 843 1358 diligenter
904 1273 1217 1357 inspicere
1274 1276 1339 1338 et
1403 1292 1498 1348 eo,
1564 1276 1642 1338 ut
1705 1273 2061 1356 cupiebam,
2115 1273 2377 1356 perfrui,
2435 1273 2682 1341 scilicet
2733 1276 2812 1338 ut

498 1383 890 1466 perlegerem
934 1380 1191 1464 iugiter,
1240 1381 1297 1446 si
1342 1381 1569 1466 legere·
1601 1381 1978 1463 coepissem.
2025 1380 2262 1463 itaque,
2309 1383 2386 1445 ut
2439 1380 2574 1444 fieri
2621 1380 2808 1458 solet,

500 1507 726 1554 secura
789 1487 1221 1572 expectatione
1288 1486 1569 1554 conuiuii
1631 1487 1986 1572 praeparati
2053 1487 2278 1552 auidae
2349 1487 2504 1554 licet
2573 1487 2808 1552 mentis

502 1595 777 1660 esuriem
833 1594 1149 1660 refrenaui
1199 1597 1265 1660 et
1318 1615 1431 1678 spe
1480 1598 1654 1661 certa
1707 1593 2051 1677 capiendae
2106 1594 2482 1669 saturitatis,
2541 1613 2688 1660 cum
2741 1595 2806 1659 in
2851 1620 2906 1660 ιο

500 1721 693 1767 manu
755 1706 1036 1767 tenerem
1098 1721 1291 1784 panes
1360 1701 1660 1766 desiderii
1719 1700 1848 1766 mei
1911 1700 1974 1764 in
2039 1699 2366 1766 uolumine
2424 1699 2806 1776 deuorando,

502 1808 671 1890 quod
717 1810 945 1891 postea
988 1807 1237 1872 uoranti
1284 1806 1444 1871 mihi
1489 1814 1555 1871 et
1600 1806 1664 1870 in
1714 1825 1818 1872 ore
1867 1809 1932 1871 et
1975 1805 2040 1870 in
2087 1808 2308 1870 uentre
2356 1805 2808 1872 dulcissimum

500 1914 647 1990 fuit,
694 1913 1043 1979 inhiantem
1088 1913 1153 1978 in
1197 1915 1383 1979 fauos
1437 1913 1794 1979 litterarum
1849 1917 2107 1978 tuarum
2163 1914 2383 1996 gulam
2435 1912 2624 1980 facile
2669 1931 2806 1978 sus-

501 2020 715 2105 pendi,
775 2021 969 2085 donec
1026 2020 1183 2085 urbe
1236 2019 1672 2105 proficiscerer
1727 2024 1792 2086 et
1844 2019 2375 2102 interponendum
2430 2019 2508 2084 ad
2562 2019 2806 2084 itineris

502 2127 742 2192 statiua
806 2126 993 2206 diem,
1070 2145 1258 2210 quem
1329 2128 1395 2191 in
1462 2127 1692 2210 oppido
1757 2126 2091 2192 Formiano
2167 2125 2531 2204 habuimus,
2595 2129 2806 2194 totum
2851 2155 2904 2195 ιε

501 2232 655 2297 huic
711 2233 881 2316 open'
946 2234 1393 2316 manciparem,
1458 2238 1534 2300 ut
1597 2233 1661 2298 in
1727 2232 1976 2300 deliciis
2033 2233 2347 2316 epistulae
2413 2235 2559 2297 tuae
2626 2232 2808 2314 spin'·

498 2340 737 2406 talibus
785 2341 861 2406 ab
911 2341 1079 2407 omni
1126 2341 1301 2406 faece
1349 2359 1642 2406 curarum
1691 2343 1756 2404 et
1802 2339 2218 2406 suffocatione
2263 2339 2594 2405 turbarum
2644 2339 2809 2404 liber

503 2447 810 2530 epularer.

415 2547 455 2612 2
594 2551 763 2632 Quid
810 2573 957 2638 ergo
1006 2553 1271 2620 humilis
1320 2557 1385 2618 et
1428 2557 1718 2620 terrenus
1763 2552 2176 2637 respondeam
2225 2552 2304 2617 ad
2351 2551 2514 2617 hanc
2561 2551 2804 2636 sapien-

502 2661 679 2740 tiam,
731 2680 893 2743 quae
944 2661 1089 2726 data
1130 2665 1229 2726 est
1262 2661 1385 2726 tibi
1422 2660 1714 2742 desuper,
1765 2679 1956 2743 quam
2001 2659 2278 2728 mundus
2323 2659 2427 2723 hic
2473 2678 2598 2724 non
2637 2659 2808 2742 capit
2843 2679 2902 2718 20

504 2770 569 2833 et
616 2786 805 2850 quam
862 2787 1047 2834 nemo
1107 2769 1275 2850 sapit
1328 2767 1450 2833 nisi
1506 2767 1818 2850 sapientia
1865 2766 1967 2831 dei
2024 2766 2274 2850 sapiens
2332 2769 2397 2830 et
2451 2764 2643 2832 uerbo
2701 2765 2806 2830 dei

505 2875 857 2956 eloquens?
922 2876 1137 2958 itaque
1198 2875 1347 2957 quia
1402 2875 2042 2957 experimentum
2095 2873 2296 2937 habeo
2355 2871 2669 2938 Christi
2724 2873 2804 2936 in

502 2982 580 3044 te
634 2979 1091 3063 loquentis,
1140 2981 1217 3045 in
1274 2982 1415 3046 deo
1472 2979 1824 3045 laudabo
1883 2997 2292 3044 sermones
2349 2984 2498 3044 tuos
2547 2981 2611 3042 et
2655 2997 2802 3042 non

503 3086 802 3151 timebo
864 3105 899 3150 a
947 3086 1231 3151 timore
1288 3091 1710 3160 nocturno,
1771 3087 1919 3170 quia
1965 3085 2239 3152 docuisti
2296 3105 2396 3151 me
2453 3085 2518 3149 in
2577 3083 2804 3167 spiritu

501 3192 793 3257 ueritatis
878 3193 1129 3258 salubre
1204 3192 1569 3258 moderandi
1649 3193 1714 3257 in
1789 3193 2070 3258 occiduis
2154 3191 2530 3257 mortalibus
2613 3190 2804 3256 animi
2845 3213 2904 3254 25

681 3417 715 3470 2
756 3415 888 3470 Gen.
928 3416 979 3480 8,
1018 3417 1083 3472 21
1224 3416 1257 3470 3
1299 3415 1452 3471 Cant.
1496 3417 1543 3480 1,
1583 3417 1617 3471 2
1748 3417 1814 3471 13
1855 3416 2010 3472 Cant.
2049 3419 2100 3480 4,
2144 3418 2205 3473 11
2337 3417 2406 3473 20
2445 3417 2564 3475 Ioh.
2607 3418 2692 3485 14,
2735 3417 2798 3470 17

501 3507 571 3560 22
608 3504 665 3558 II
706 3503 825 3564 Cor.
867 3505 952 3573 13,
990 3506 1021 3560 3
1168 3505 1237 3561 23
1275 3505 1365 3560 Ps.
1405 3507 1491 3570 55,
1531 3509 1586 3572 5;
1637 3506 1727 3570 113
1770 3506 1859 3570 90,
1898 3509 1930 3562 5

578 3630 603 3684 1
646 3627 939 3700 crederem]
982 3629 1069 3683 uix
1106 3629 1379 3684 crederem
1424 3627 1535 3682 VU
1566 3629 1688 3684 edd.
1869 3631 1902 3684 2
1939 3631 2112 3701 primo
2161 3629 2216 3686 U
2418 3629 2658 3684 dolorem
2692 3629 2807 3684 PE

502 3719 535 3771 3
573 3717 931 3788 flagrantibus
970 3718 1123 3772 codd.
1216 3719 1252 3772 4
1290 3719 1652 3773 unanimitate
1680 3719 1735 3772 P
1823 3722 1856 3774 6
1893 3724 2021 3774 tuus
2049 3721 2111 3775 E
2197 3719 2229 3772 9
2269 3719 2478 3774 scilicet
2505 3718 2804 3774 P1VUzsr

504 3807 571 3861 12
610 3811 667 3861 et
704 3823 795 3860 ore
835 3810 890 3861 et
924 3809 981 3862 in
1020 3810 1214 3862 uentre
1252 3809 1313 3862 E
1454 3807 1801 3862 dulcissimus
1838 3809 2030 3863 PP¹E
2135 3811 2200 3864 13
2239 3810 2446 3864 iniaute
2483 3809 2556 3864 .Ρ1
2720 3808 2802 3862 fa·

501 3895 619 3962 bos,
654 3913 723 3950 m.
745 3899 785 3950 2
820 3896 975 3950 fanos
1012 3897 1086 3950 Pl
1234 3897 1473 3966 guardam
1512 3900 1732 3966 (parua
1767 3903 1903 3966 ras.)
1935 3899 2010 3953 P1
2049 3899 2229 3970 gylam
2261 3899 2375 3953 PE
2483 3900 2549 3954 14
2589 3895 2660 3952 ad
2697 3913 2800 3952 om.

501 3984 690 4038 PP¹E
796 3986 860 4039 15
898 3985 1123 4050 statiba,
1162 4003 1231 4040 m.
1254 3989 1294 4039 2
1328 3986 1393 4039 in
1430 4003 1602 4056 marg.
1645 3988 1956 4042 statuebam
1996 3988 2070 4042 Pl
2200 3989 2264 4042 17
2304 3988 2609 4057 turbarum]
2650 4003 2802 4039 cura-

500 4089 634 4136 rum,
686 4089 824 4128 corr.
874 4091 945 4128 m.
998 4080 1063 4128 ut
1110 4075 1229 4128 uid.
1282 4080 1313 4129 1
1362 4076 1645 4130 turbarum
1697 4077 1767 4130 Ρι
1964 4078 2032 4132 20
2083 4077 2170 4131 hic
2220 4077 2452 4131 mundus
2517 4073 2632 4130 VU
2679 4073 2800 4129 edd.

499 4162 565 4216 21
610 4163 793 4232 quam]
835 4179 942 4233 qua
976 4162 1173 4218 121VU
1208 4165 1320 4217 lsr
1367 4159 1373 4164 ’
1473 4164 1547 4218 da
1586 4165 1751 4219 uerbo
1791 4166 1984 4235 (fuisse
2017 4166 2136 4220 uid.
2176 4183 2233 4230 0;
2271 4169 2400 4220 m.2
2425 4166 2490 4219 in
2517 4179 2691 4233 ’nav-9.
2724 4161 2802 4218 ‹11›

500 4250 575 4303 Ρι
615 4249 713 4304 deo
754 4251 918 4306 uerbo
968 4251 1021 4304 V
1056 4256 1143 4314 (m.
1168 4256 1206 4306 2
1240 4270 1415 4322 supra
1454 4253 1512 4306 ar
1550 4253 1660 4318 dei)
1703 4253 1756 4308 U
1791 4254 1880 4308 dei
1917 4255 2081 4308 uerbo
2121 4255 2243 4311 edd.
2345 4255 2413 4308 22
2451 4253 2559 4323 Χ.ᾓί
2593 4269 2709 4306 ras.
2737 4269 2806 4306 ecc

500 4339 642 4408 Xpm
678 4339 739 4391 E
834 4341 903 4393 23
942 4343 1067 4394 tuos
1106 4357 1206 4395 om.
1247 4342 1301 4396 U
1396 4343 1463 4396 25
1504 4342 1739 4413 salubre]
1781 4344 1991 4397 saluare
2022 4343 2218 4399 P¹VU
2239 4345 2350 4398 lsr
2459 4341 2697 4397 acciduis
2725 4341 2802 4396 Ρι
