3184 4959
1070 445 1603 516 epistularum
1658 445 1775 502 CII.
1833 446 1977 503 cm.
2535 453 2663 518 579

365 638 732 722 philosophi
787 658 1010 704 uocem
1066 659 1190 703 non
1245 639 1446 718 1111113,
1513 659 1701 722 (1110111
1758 640 1821 704 111
1869 639 2249 706 Academiae
2294 643 2487 726 Lycio
2534 663 2666 709 me-

367 749 618 810 morant
685 745 1040 810 tenebrosis
1114 744 1309 810 humo
1387 746 1637 829 angulis
1720 746 2123 825 residentem,
2210 767 2283 812 ex
2356 749 2667 833 profunda

370 852 640 934 quadam
716 852 1099 936 cogitatione
1175 852 1556 930 demersum,
1630 851 1911 918 reductis
1980 852 2059 917 ad
2131 855 2425 942 frontem·
2475 859 2667 940 caput

366 959 750 1042 implicitum
819 959 1112 1042 genibuS,
1176 963 1252 1022 ut
1316 957 1581 1024 aliorum
1647 961 1966 1041 praeclara
2026 961 2289 1025 inuenta
2342 961 2665 1028 doctrinae

303 1085 333 1124 ⁶
370 1084 608 1150 egenus
673 1066 932 1149 quidam
997 1066 1418 1131 calumniator
1481 1073 1807 1148 oppugnet
1878 1066 2257 1151 adsertaque
2325 1069 2664 1151 praeclare,

369 1191 514 1236 cum
563 1191 751 1238 suum
789 1173 949 1237 nihil
986 1171 1304 1250 defendat,
1344 1177 1623 1250 accuset,
1666 1173 1777 1238 sed
1813 1174 1997 1257 plane
2036 1175 2344 1239 excitatus
2386 1177 2665 1242 oratione

365 1282 479 1344 tua
534 1283 680 1344 ante
729 1279 948 1345 oculos
1015 1279 1199 1344 stetit
1253 1279 1342 1344 M.
1399 1279 1651 1345 Tullius
1709 1280 2084 1356 consularis,
2152 1281 2262 1363 qui
2316 1281 2663 1349 innumeris

369 1386 610 1450 ciuium
677 1386 994 1467 capitibus
1061 1386 1454 1452 conseruatis
1518 1386 1789 1452 forensis
1857 1387 2063 1470 campi
2129 1387 2313 1471 signa
2376 1389 2667 1455 uictricia

369 1491 778 1574 stupentibus
819 1491 1118 1558 Graeciae
1167 1492 1405 1558 scholis
1450 1495 1772 1559 laureatus
1809 1493 2071 1558 inferret
2104 1494 2454 1578 tubamque
2486 1495 2661 1561 illam

280 1623 331 1662 ιο
371 1617 632 1664 03110130
686 1600 867 1666 110013
917 1603 981 1664 et
1031 1600 1312 1683 linguae,
1372 1619 1560 1681 quam
1618 1600 1681 1664 in
1733 1599 2064 1665 criminum
2112 1619 2253 1665 reos
2304 1606 2370 1665 et
2412 1601 2504 1666 rei
2550 1621 2665 1685 pu-

369 1705 572 1770 blicae
626 1705 968 1788 parricidas
1025 1706 1254 1790 spiritu
1309 1707 1520 1771 iustae
1565 1705 2020 1790 indignationis
2067 1707 2331 1772 flauerat
2376 1708 2665 1789 anhelae,

367 1812 712 1878 inuerteret
745 1815 1088 1898 togamque
1125 1813 1332 1896 ipsam
1367 1833 1671 1898 rugarum
1706 1813 1955 1899 paginis
1992 1814 2290 1879 resolutis
2326 1815 2665 1898 palliorum

369 1919 658 1984 imitatus
706 1920 984 2003 speciem
1030 1923 1440 2002 retorqueret.

235 2025 277 2086 2
457 2025 624 2109 Ergo
673 2044 817 2091 011111
857 2046 970 2092 1103
1009 2025 1088 2092 3ᾱ
1125 2026 1710 2110 exsuperantissimi
1748 2027 1849 2092 dei
1881 2028 2128 2092 cultum
2164 2028 2666 2112 religionemque

281 2157 333 2196 15
369 2131 803 2214 compelleres,
857 2133 1130 2198 libenter
1174 2133 1419 2210 audiui3
1478 2152 1670 2216 quam
1717 2133 2055 2198 caelestem
2101 2135 2369 2217 patriam
2416 2135 2665 2200 intuen—

370 2239 514 2303 dam
571 2257 713 2328 esse
778 2239 1099 2318 suaderes,
1168 2244 1487 2326 gratanter
1549 2240 1785 2324 accepi.
1852 2259 1975 2305 non
2032 2241 2195 2305 enim
2262 2241 2441 2306 illam
2506 2242 2665 2307 mihi

369 2347 700 2412 ciuitatem
729 2347 934 2413 dicere
973 2346 1292 2425 uidebare,
1334 2366 1526 2430 quam
1552 2347 1817 2412 muralis
1850 2347 2079 2430 aliquis
2121 2367 2315 2432 gyrus
2351 2349 2665 2426 cohercet,

367 2473 481 2518 nec
517 2453 717 2531 illam,
757 2473 946 2536 quam
982 2453 1506 2537 philosophorum
1545 2457 1857 2520 tractatus
1887 2454 2269 2520 mundanam
2306 2473 2663 2520 memorans

369 2579 767 2625 communem
834 2561 1126 2625 omnibus
1191 2561 1541 2642 profitetur,
1610 2561 1722 2626 sed
1788 2581 1976 2644 quam
2040 2581 2311 2645 magnus
2380 2561 2535 2626 deus
2602 2564 2667 2625 et

274 2693 332 2733 20
366 2685 516 2730 uere
579 2667 839 2732 meritae
912 2668 975 2731 in
1041 2687 1116 2732 ea
1179 2667 1420 2730 animae
1494 2666 1785 2732 habitant
1848 2671 2037 2751 atque
2098 2669 2407 2746 incolunt,
2474 2687 2665 2750 quam

368 2792 586 2838 omnes
666 2775 841 2860 leges
917 2773 1189 2840 diuersis
1266 2775 1393 2839 uiis
1472 2777 1537 2839 et
1609 2775 1973 2840 tramitibus
2058 2777 2386 2860 appetunt,
2473 2793 2664 2856 quam

367 2878 678 2963 loquendo
728 2881 1070 2963 exprimere
1115 2899 1239 2945 non
1283 2898 1651 2964 possumne,
1700 2880 2038 2965 cogitando
2076 2881 2342 2945 forsitan
2380 2879 2663 2946 inuenire

364 2987 712 3070 possimus.
778 2987 933 3052 haec
991 3006 1138 3071 ergo
1194 2987 1348 3052 licet
1399 2987 1835 3072 principaliter
1890 2987 2241 3070 appetenda
2287 2992 2477 3070 atque
2527 2987 2665 3052 dili-

365 3093 569 3176 genda
623 3095 728 3173 sit,
785 3097 996 3159 tamen
1043 3095 1221 3160 illam
1268 3113 1390 3160 non
1439 3095 1709 3160 arbitror
1756 3094 2187 3174 deserendam,
2245 3095 2309 3159 in
2360 3113 2483 3177 qua
2530 3094 2664 3158 nati

271 3228 330 3268 25
368 3203 429 3263 et
477 3200 674 3282 geniti
723 3221 967 3278 sumus,
1026 3220 1188 3284 quae
1234 3201 1438 3284 prima
1483 3202 1666 3266 nobis
1712 3221 1901 3266 usum
1949 3201 2113 3267 lucis
2161 3201 2355 3266 huius
2404 3199 2661 3278 infudit,

368 3325 527 3387 (11130
591 3307 774 3384 aluit,
841 3326 1001 3389 quae
1058 3308 1360 3374 educauit
1415 3311 1500 3387 et,
1567 3311 1660 3386 ut,
1729 3307 1899 3391 quod
1956 3308 2033 3372 ad
2090 3326 2347 3372 causam
2413 3305 2661 3390 proprie

363 3413 659 3494 pertinet,
711 3414 936 3491 dicam,
987 3414 1064 3480 de
1103 3435 1227 3498 qua
1270 3415 1430 3480 bene
1477 3415 1721 3480 meritis
1768 3415 1927 3479 uiris
1966 3414 2326 3480 doctissimi
2372 3413 2663 3479 homines

363 3521 572 3586 ferunt
634 3524 783 3603 post
838 3521 1083 3586 obitum
1143 3523 1422 3606 corporis
1478 3523 1542 3586 in
1602 3521 1772 3587 caelo
1832 3521 2227 3586 domicilium
2282 3520 2659 3604 praeparari,

363 3631 438 3692 ut
490 3628 804 3712 promotio
853 3629 1160 3712 quaedam
1212 3628 1289 3693 ad
1337 3648 1673 3711 supernam
1718 3631 2081 3712 praestetur
2124 3628 2224 3692 his
2273 3626 2661 3704 hominibus,

271 3754 325 3796 ao
364 3735 472 3816 qui
517 3734 675 3799 bene
725 3734 800 3799 de
847 3735 1232 3820 genitalibus
1281 3735 1544 3800 urbibus
1593 3737 1981 3814 meruerunt,
2040 3738 2104 3798 et
2148 3733 2217 3797 hi
2262 3732 2467 3817 magis
2516 3751 2661 3797 cum

543 3961 754 4015 14—16
793 3959 859 4015 cf.
899 3962 1020 4026 589,
1059 3961 1199 4016 6—‘7
1239 3963 1294 4014 et
1336 3961 1540 4015 10—11
1728 3959 1939 4015 20—21
1982 3983 2050 4006 =
2086 3977 2139 4030 p.
2181 3960 2303 4022 590,
2342 3959 2552 4014 20-21

437 4088 463 4141 1
503 4087 714 4156 Lycaeo
753 4103 804 4140 m
911 4086 948 4139 4
986 4085 1317 4155 implicuisse
1357 4085 1524 4150 (uisse
1562 4085 1629 4139 in
1662 4089 1798 4152 ras.)
1840 4083 1895 4137 U
1924 4083 2257 4153 implicuisse
2294 4099 2349 4136 m
2460 4082 2522 4137 11
2564 4081 2659 4136 fla-

361 4179 535 4240 uerat,
572 4193 643 4229 m.
665 4179 705 4229 2
740 4176 1028 4232 inflauerat
1073 4173 1126 4229 U
1158 4173 1448 4228 inflauerat
1483 4189 1537 4226 m
1693 4175 1759 4226 15
1799 4173 1983 4242 quam]
2026 4188 2147 4226 cum
2182 4189 2237 4225 m
2392 4171 2465 4226 20
2502 4173 2655 4241 uere]

358 4265 499 4318 bene
535 4281 589 4318 m
734 4265 790 4317 in
829 4265 914 4334 ea]
952 4263 1018 4316 de
1059 4279 1120 4317 eo
1167 4261 1226 4318 U
1251 4279 1305 4316 m
1415 4264 1484 4317 23
1522 4263 1793 4332 possimus
1834 4263 1875 4328 (i
1912 4262 1977 4314 in
2013 4265 2151 4328 ras.)
2198 4259 2253 4316 U
2286 4275 2564 4330 possemus
2604 4263 2657 4325 (0

357 4354 422 4407 in
457 4369 568 4410 ναε.
607 4370 674 4406 m.
697 4356 756 4420 2)
807 4352 854 4406 V
889 4369 1170 4423 possemus
1209 4351 1329 4408 edd.
1439 4352 1508 4405 29
1547 4367 1779 4421 superna
1825 4349 1879 4405 U

2484 4451 2587 4507 37*
