3184 4959
1110 442 1640 510 epistularum
1697 440 1960 496 Lxxxn.
2542 447 2661 510 361

378 635 611 711 niam,
674 655 873 718 quae
939 637 1027 702 de
1092 641 1167 702 te
1232 637 1691 714 audierunt,
1761 637 1974 702 falsa
2037 641 2244 716 sunt,
2300 640 2670 720 praesertim

380 744 529 824 quia
575 744 633 806 in
686 744 845 826 ipsis
892 745 1356 828 Hierosolymis
1406 745 1681 828 apostoli
1729 745 1854 809 iam
1903 744 2328 822 docrellerant,
2377 765 2454 810 ne
2503 747 2674 828 quis-

380 867 565 930 quam
634 855 859 935 gentes
926 861 1182 934 cogeret
1244 851 1580 925 iudaizare,
1649 869 1770 915 non
1839 855 2046 916 autem
2109 852 2536 918 decreuerant.
2593 873 2672 916 ne

380 957 713 1040 quisquam
777 962 931 1022 tunc
986 959 1255 1024 ludaeos
1323 957 1640 1022 iudaizare
1699 957 2079 1041 prohiberet,
2137 959 2432 1041 quamuis
2480 960 2668 1024 etiam

325 1063 550 1146 sipsos
615 1049 741 1128 iam
806 1065 1091 1129 doctrina
1148 1063 1505 1130 Christiana
1568 1083 1688 1130 non
1757 1069 2029 1150 cogeret.
2095 1065 2353 1148 proinde
2415 1068 2468 1130 si
2525 1071 2672 1150 post-

374 1171 493 1235 hoc
560 1172 993 1254 apostolorum
1060 1172 1385 1238 decretum
1442 1173 1673 1238 Petrus
1729 1173 1954 1237 habuit
1998 1173 2176 1237 illam
2223 1173 2286 1236 in
2333 1173 2669 1240 Antiochia

376 1278 865 1344 simulationem.
944 1298 1067 1362 qua
1143 1283 1365 1364 gentes
1442 1283 1696 1363 cogeret
1770 1278 2107 1356 iudaizare,
2183 1281 2477 1362 quoniam
2555 1301 2670 1345 nec

376 1385 511 1465 ipse
560 1387 921 1469 cogebatur,
970 1386 1265 1468 quamuis
1311 1389 1567 1470 propter
1604 1386 2100 1451 commendanda
2145 1387 2474 1470 eloquia
2521 1388 2666 1457 dei,

376 1510 533 1572 quae
580 1491 909 1557 Iudaeis
960 1497 1151 1558 sunt
1197 1495 1534 1572 credita,
1576 1513 1697 1558 non
1735 1493 2209 1576 prohibebatur,
2249 1493 2401 1576 quid
2437 1494 2664 1558 mirum

286 1617 337 1656 ιο
377 1597 432 1661 si
506 1599 978 1682 constringebat
1052 1621 1195 1664 eum
1270 1601 1511 1665 Paulus
1593 1599 1792 1665 libere
1875 1601 2184 1682 adserere,
2269 1601 2440 1683 quod
2521 1621 2666 1665 cum

376 1705 600 1768 ceteris
648 1707 953 1786 apostolis
1004 1725 1070 1770 se
1116 1706 1581 1791 Hierosolymis
1631 1706 1988 1772 decreuisse
2037 1707 2449 1772 meminerat?

197 1799 275 1861 11
464 1810 529 1874 Si
576 1815 790 1875 autem
838 1813 978 1888 hoc,
1027 1812 1196 1894 quod
1242 1813 1451 1896 magis
1499 1811 1785 1890 arbitror,
1835 1817 1978 1876 ante
2013 1812 2173 1876 illud
2215 1813 2667 1896 Hierosolymi-

370 1921 589 1981 tanum
636 1919 976 1982 concilium
1023 1917 1250 1983 Petrus
1298 1919 1469 1996 fecit,
1518 1937 1636 1984 nec
1681 1920 1776 1984 sic
1831 1920 2062 1983 mirum
2120 1923 2237 1996 est,
2295 1919 2461 2002 quod
2519 1939 2664 1984 eum

372 2025 629 2088 uolebat
690 2025 929 2091 Paulus
994 2045 1117 2090 non
1181 2027 1405 2091 timide
1472 2027 1787 2112 obtegere,
1856 2027 1965 2090 sed
2029 2027 2296 2092 fidenter
2358 2028 2663 2092 adserere.

285 2155 335 2194 15
372 2131 541 2214 quod
604 2151 749 2197 eum
814 2133 1045 2214 pariter
1110 2134 1343 2198 sentire
1408 2134 1535 2198 iam
1601 2139 1883 2212 nouerat,
1953 2135 2090 2199 siue
2157 2133 2324 2216 quod
2389 2153 2531 2199 cum
2591 2155 2662 2198 eo

373 2238 725 2302 contulerat
774 2239 1173 2322 euangelium
1224 2241 1363 2305 siue
1411 2241 1580 2324 quod
1627 2240 1688 2304 in
1730 2241 2003 2308 Cornelii
2054 2242 2438 2306 centurionis
2478 2261 2664 2307 uoca-

370 2345 539 2408 tione
606 2346 796 2410 etiam
866 2346 1173 2410 diuinitus
1240 2367 1382 2412 cum
1452 2347 1529 2411 de
1592 2349 1712 2412 hac
1767 2367 1830 2412 re
1891 2347 2282 2412 admonitum
2339 2353 2664 2432 acceperat¹

372 2452 507 2516 siue
575 2453 741 2535 quod
809 2458 972 2532 ante,
1040 2473 1226 2536 quam
1296 2455 1412 2520 illi.
1472 2473 1631 2536 quos
1687 2455 2007 2532 timuerat,
2066 2456 2394 2520 uenissent
2447 2455 2663 2519 Antio-

302 2533 327 2558 ⁶
371 2559 596 2624 chiam.
664 2561 1191 2645 cum-gentibus
1268 2581 1411 2626 eum
1489 2563 1781 2627 conuesci
1857 2561 2122 2626 uiderat.
2207 2581 2410 2644 neque
2495 2560 2658 2626 enim

280 2689 334 2728 20
370 2685 675 2750 negamus
749 2668 811 2731 in
886 2668 1005 2733 hac
1080 2670 1391 2733 sententia
1462 2669 1664 2733 fuisse
1740 2670 1864 2733 iam
1927 2669 2210 2739 Petrum,
2279 2669 2340 2731 in
2409 2688 2533 2750 qua
2599 2673 2662 2732 et

368 2771 605 2837 Paulus
672 2773 814 2837 fuit.
888 2792 1007 2838 non
1086 2775 1301 2856 itaque
1366 2778 1516 2838 tunc
1584 2795 1759 2848 eum,
1826 2773 1978 2857 quid
2041 2775 2104 2838 in
2171 2794 2238 2838 ea
2307 2792 2370 2838 re
2435 2793 2654 2838 uerum

368 2883 557 2956 esset,
628 2881 912 2949 docebat,
979 2881 1089 2945 sed
1148 2881 1285 2946 eius
1344 2881 1837 2961 simulationem,
1897 2901 2020 2962 qua
2076 2883 2296 2965 gentes
2341 2880 2657 2946 iudaizare

544 3089 575 3140 2
612 3087 731 3140 Act.
774 3091 857 3151 15,
894 3089 963 3140 28
1073 3089 1104 3142 8
1144 3089 1293 3143 Rom.
1332 3091 1383 3152 3,
1422 3091 1454 3143 2
1569 3092 1634 3144 15
1674 3089 1792 3144 Gal.
1831 3089 1880 3152 2,
1921 3091 1953 3141 2
2081 3091 2144 3144 16
2183 3091 2304 3144 Aet.
2353 3092 2434 3151 10,
2473 3093 2650 3144 9--16

372 3177 435 3228 18
475 3174 591 3230 Gal.
631 3179 681 3237 2,
724 3177 791 3230 12

440 3299 463 3350 1
508 3297 793 3352 audierant
836 3299 941 3368 QE
974 3301 1243 3354 audierint
1282 3303 1333 3354 A
1408 3303 1440 3355 2
1479 3301 1832 3356 decreberant
1868 3303 1910 3355 I
1978 3305 2010 3356 3
2051 3303 2288 3372 cogeret]
2322 3301 2564 3356 crederet
2593 3305 2656 3356 H

438 3385 787 3441 decreberant
822 3389 864 3441 Ι
965 3393 999 3444 4
1038 3389 1285 3461 Iudaeos]
1325 3395 1514 3459 gentes
1552 3391 1742 3445 iudeos
1775 3395 1992 3461 cogeret
2021 3391 2090 3445 M
2198 3393 2230 3445 5
2262 3393 2338 3446 ia·
2371 3393 2467 3458 (ω
2497 3409 2566 3446 m.
2589 3397 2654 3458 2;

365 3475 425 3526 in
465 3493 573 3530 ras.
612 3493 728 3532 ‘non
761 3481 875 3546 fuit
912 3484 987 3538 m)
1026 3480 1097 3532 P¹
1245 3481 1289 3532 si
1328 3497 1432 3534 om.
1476 3479 1583 3549 ΟΕ
1687 3483 1720 3534 6
1757 3481 1862 3534 hoc
1900 3497 2075 3536 emm
2222 3481 2496 3536 anthiocia
2534 3499 2652 3535 cum

362 3579 475 3617 raa.
511 3581 674 3634 supe-r
700 3573 872 3634 postr.
915 3569 949 3622 l.
989 3567 1063 3620 M
1096 3569 1381 3622 antiociam
1428 3569 1527 3622 HI
1619 3571 1648 3622 7
1690 3585 1824 3638 quac
1855 3569 1909 3623 R
2055 3571 2330 3640 quoniam]
2372 3569 2648 3638 quodiam

363 3651 419 3705 R
439 3669 489 3705 m
510 3671 613 3722 quo
635 3655 738 3708 iam
755 3657 859 3708 11Μ
882 3663 996 3710 cett.
1020 3659 1135 3710 edd.
1161 3657 1330 3710 coiam
1354 3657 1415 3710 H
1518 3675 1618 3710 nec
1639 3659 1806 3713 om.A
1881 3660 1912 3710 9
1943 3675 2080 3727 quae
2102 3674 2202 3712 om.
2216 3659 2324 3730 QE
2341 3659 2494 3722 (add.
2517 3659 2650 3723 2112)

436 3743 580 3810 quod
620 3743 659 3796 I
766 3745 829 3798 10
865 3745 1057 3815 libere]
1096 3746 1265 3798 libere
1304 3746 1499 3799 debere
1536 3746 1578 3798 Ι
1726 3747 1890 3799 asseri
1938 3751 1982 3814 φ
2105 3749 2164 3800 ll
2210 3765 2265 3800 se
2305 3765 2404 3801 om.
2446 3749 2484 3800 I
2518 3749 2562 3800 si
2601 3749 2656 3799 P

368 3829 431 3882 12
476 3831 1023 3887 hierosolimitantum
1072 3835 1126 3888 P
1166 3835 1680 3888 hierosolimitarum
1733 3833 1838 3904 QE
1891 3846 2047 3889 (cor-r.
2105 3836 2648 3890 hierosolimitanum

366 3919 431 3972 13
470 3919 755 3974 concilium
794 3938 897 3978 om.
926 3921 993 3974 H
1084 3923 1147 3976 14
1187 3924 1316 3992 non]
1358 3939 1455 3976 nec
1500 3925 1530 3975 Ῑ,
1623 3925 1688 3976 15
1727 3924 1951 3992 pariter]
1989 3928 2144 3994 pater
2171 3926 2221 3976 A
2333 3925 2558 3978 noberat
2589 3927 2653 3978 H

366 4009 431 4060 16
470 4009 762 4078 eugelium,
800 4027 867 4064 m.
892 4015 929 4064 2
966 4012 1309 4080 euangelium
1348 4012 1421 4063 P¹
1534 4013 1597 4064 17
1639 4013 1908 4081 acciperat
1945 4013 1990 4082 Q
2100 4011 2166 4066 18
2205 4013 2482 4082 antiquam
2523 4015 2562 4076 (i
2591 4015 2648 4066 in

360 4111 475 4151 ναε.
512 4115 579 4151 m.
618 4105 680 4151 ut
716 4099 831 4152 m'd.
873 4104 921 4160 1)
964 4101 1010 4170 Q
1052 4104 1339 4168 antequam
1378 4101 1593 4170 (equam
1635 4117 1700 4154 ex
1735 4117 1846 4156 raa.
1888 4107 1938 4155 et
1975 4119 2110 4156 corr.
2144 4119 2207 4154 m.
2233 4105 2292 4166 2)
2323 4103 2381 4156 Ε
2485 4104 2646 4155 timu-

364 4201 477 4240 eras
516 4187 579 4240 Η
692 4189 755 4240 19
797 4190 939 4258 cum]
982 4206 1101 4242 cum
1144 4188 1190 4258 Q
1334 4190 1479 4243 uesci
1510 4190 1552 4242 Ι
1655 4189 1724 4242 20
1763 4195 1974 4259 petrum
2015 4191 2206 4260 (etrum
2250 4192 2307 4244 in
2349 4208 2458 4247 ras.
2495 4209 2564 4244 m.
2589 4196 2647 4246 2»

360 4273 421 4328 E
452 4291 639 4345 purum
678 4279 723 4346 Q
906 4279 968 4331 21
1014 4279 1201 4346 utique
1242 4279 1301 4330 Ε
1442 4277 1585 4348 quod
1630 4277 1722 4330 113
1859 4297 1914 4332 re
1953 4295 2054 4334 om.
2097 4280 2192 4332 III
2349 4281 2418 4332 22
2458 4297 2561 4349 quc
2604 4281 2654 4332 1³

434 4365 723 4434 iudaizare]
764 4365 1034 4419 iudaizare
1075 4365 1293 4420 dicebat
1329 4367 1390 4420 E
