<?xml version="1.0" encoding="UTF-8"?>
<!DOCTYPE html PUBLIC "-//W3C//DTD XHTML 1.0 Transitional//EN"
    "http://www.w3.org/TR/xhtml1/DTD/xhtml1-transitional.dtd">
<html xmlns="http://www.w3.org/1999/xhtml" xml:lang="en" lang="en">
 <head>
  <title>
</title>
<meta http-equiv="Content-Type" content="text/html;charset=utf-8" />
  <meta name='ocr-system' content='tesseract 3.04.00' />
  <meta name='ocr-capabilities' content='ocr_page ocr_carea ocr_par ocr_line ocrx_word'/>
</head>
<body>
  <div class='ocr_page' id='page_1' title='image "./corpusscriptoru26wiengoog_0386.png"; bbox 0 0 3184 4959; ppageno 0'>
   <div class='ocr_carea' id='block_1_1' title="bbox 542 463 2170 535">
    <p class='ocr_par' dir='ltr' id='par_1_1' title="bbox 542 463 2170 535">
     <span class='ocr_line' id='line_1_1' title="bbox 542 463 2170 535; baseline -0.006 -6"><span class='ocrx_word' id='word_1_1' title='bbox 542 467 670 530; x_wconf 87' lang='lat'><strong>370</strong></span> <span class='ocrx_word' id='word_1_2' title='bbox 1306 464 1358 517; x_wconf 83' lang='lat' dir='ltr'><strong>S.</strong></span> <span class='ocrx_word' id='word_1_3' title='bbox 1415 463 1687 518; x_wconf 84' lang='lat' dir='ltr'><strong>Aureli</strong></span> <span class='ocrx_word' id='word_1_4' title='bbox 1747 464 2170 535; x_wconf 80' lang='lat' dir='ltr'>Augustini</span> 
     </span>
    </p>
   </div>
   <div class='ocr_carea' id='block_1_2' title="bbox 436 657 2932 3192">
    <p class='ocr_par' dir='ltr' id='par_1_2' title="bbox 536 657 2932 1895">
     <span class='ocr_line' id='line_1_2' title="bbox 545 657 2846 743; baseline 0.004 -24"><span class='ocrx_word' id='word_1_5' title='bbox 545 657 729 720; x_wconf 84' lang='lat' dir='ltr'><strong>data</strong></span> <span class='ocrx_word' id='word_1_6' title='bbox 776 658 912 735; x_wconf 89' lang='lat' dir='ltr'><strong>est,</strong></span> <span class='ocrx_word' id='word_1_7' title='bbox 963 657 1209 740; x_wconf 87' lang='lat' dir='ltr'><strong>gratia</strong></span> <span class='ocrx_word' id='word_1_8' title='bbox 1258 661 1501 722; x_wconf 89' lang='lat' dir='ltr'><strong>autem</strong></span> <span class='ocrx_word' id='word_1_9' title='bbox 1552 663 1628 723; x_wconf 88' lang='lat' dir='ltr'><strong>et</strong></span> <span class='ocrx_word' id='word_1_10' title='bbox 1673 659 1964 724; x_wconf 84' lang='lat' dir='ltr'><strong>ueritas</strong></span> <span class='ocrx_word' id='word_1_11' title='bbox 2003 679 2132 743; x_wconf 88' lang='lat' dir='ltr'><strong>per</strong></span> <span class='ocrx_word' id='word_1_12' title='bbox 2167 663 2416 728; x_wconf 90' lang='lat' dir='ltr'><strong>Iesum</strong></span> <span class='ocrx_word' id='word_1_13' title='bbox 2461 663 2846 730; x_wconf 83' lang='lat' dir='ltr'><strong>Christum</strong></span> 
     </span>
     <span class='ocr_line' id='line_1_3' title="bbox 542 763 2842 849; baseline 0.003 -22"><span class='ocrx_word' id='word_1_14' title='bbox 542 763 743 828; x_wconf 88' lang='lat' dir='ltr'><strong>facta</strong></span> <span class='ocrx_word' id='word_1_15' title='bbox 808 767 926 828; x_wconf 88' lang='lat' dir='ltr'><strong>est</strong></span> <span class='ocrx_word' id='word_1_16' title='bbox 991 767 1057 827; x_wconf 90' lang='lat' dir='ltr'><strong>et</strong></span> <span class='ocrx_word' id='word_1_17' title='bbox 1110 783 1221 848; x_wconf 87' lang='lat' dir='ltr'><strong>per</strong></span> <span class='ocrx_word' id='word_1_18' title='bbox 1266 766 1656 830; x_wconf 84' lang='lat' dir='ltr'><strong>Hieremiam</strong></span> <span class='ocrx_word' id='word_1_19' title='bbox 1711 768 2100 849; x_wconf 90' lang='lat' dir='ltr'><strong>promissum</strong></span> <span class='ocrx_word' id='word_1_20' title='bbox 2158 773 2256 834; x_wconf 90' lang='lat' dir='ltr'><strong>est</strong></span> <span class='ocrx_word' id='word_1_21' title='bbox 2313 769 2605 836; x_wconf 89' lang='lat' dir='ltr'><strong>daturum</strong></span> <span class='ocrx_word' id='word_1_22' title='bbox 2657 770 2842 835; x_wconf 85' lang='lat' dir='ltr'><strong>deum</strong></span> 
     </span>
     <span class='ocr_line' id='line_1_4' title="bbox 539 872 2844 952; baseline 0.003 -19"><span class='ocrx_word' id='word_1_23' title='bbox 539 873 994 935; x_wconf 89' lang='lat' dir='ltr'><strong>testamentum</strong></span> <span class='ocrx_word' id='word_1_24' title='bbox 1044 891 1280 937; x_wconf 90' lang='lat' dir='ltr'><strong>nouum</strong></span> <span class='ocrx_word' id='word_1_25' title='bbox 1333 872 1544 936; x_wconf 89' lang='lat' dir='ltr'><strong>domui</strong></span> <span class='ocrx_word' id='word_1_26' title='bbox 1592 873 1753 938; x_wconf 90' lang='lat' dir='ltr'><strong>Iuda</strong></span> <span class='ocrx_word' id='word_1_27' title='bbox 1799 894 1917 939; x_wconf 89' lang='lat' dir='ltr'><strong>non</strong></span> <span class='ocrx_word' id='word_1_28' title='bbox 1969 876 2319 940; x_wconf 91' lang='lat' dir='ltr'><strong>secundum</strong></span> <span class='ocrx_word' id='word_1_29' title='bbox 2367 880 2844 952; x_wconf 86' lang='lat' dir='ltr'><strong>testamentum,</strong></span> 
     </span>
     <span class='ocr_line' id='line_1_5' title="bbox 542 976 2844 1066; baseline 0.003 -26"><span class='ocrx_word' id='word_1_30' title='bbox 542 976 710 1058; x_wconf 89' lang='lat' dir='ltr'><strong>quod</strong></span> <span class='ocrx_word' id='word_1_31' title='bbox 782 977 1104 1061; x_wconf 77' lang='lat' dir='ltr'><strong>disposuit</strong></span> <span class='ocrx_word' id='word_1_32' title='bbox 1175 979 1461 1060; x_wconf 84' lang='lat' dir='ltr'><strong>patribus</strong></span> <span class='ocrx_word' id='word_1_33' title='bbox 1530 999 1768 1056; x_wconf 81' lang='lat' dir='ltr'><strong>comm,</strong></span> <span class='ocrx_word' id='word_1_34' title='bbox 1835 1001 1954 1045; x_wconf 92' lang='lat' dir='ltr'><strong>non</strong></span> <span class='ocrx_word' id='word_1_35' title='bbox 2019 985 2231 1048; x_wconf 83' lang='lat' dir='ltr'><strong>tamen</strong></span> <span class='ocrx_word' id='word_1_36' title='bbox 2300 983 2569 1048; x_wconf 88' lang='lat' dir='ltr'><strong>arbitror</strong></span> <span class='ocrx_word' id='word_1_37' title='bbox 2631 984 2844 1066; x_wconf 89' lang='lat' dir='ltr'><strong>ipsum</strong></span> 
     </span>
     <span class='ocr_line' id='line_1_6' title="bbox 541 1082 2932 1168; baseline 0.003 -22"><span class='ocrx_word' id='word_1_38' title='bbox 541 1082 867 1147; x_wconf 89' lang='lat' dir='ltr'><strong>dominum</strong></span> <span class='ocrx_word' id='word_1_39' title='bbox 942 1084 1257 1149; x_wconf 79' lang='lat' dir='ltr'><strong>fallaciter</strong></span> <span class='ocrx_word' id='word_1_40' title='bbox 1330 1103 1366 1148; x_wconf 89' lang='lat' dir='ltr'><strong>a</strong></span> <span class='ocrx_word' id='word_1_41' title='bbox 1440 1087 1806 1168; x_wconf 86' lang='lat' dir='ltr'><strong>parentibus</strong></span> <span class='ocrx_word' id='word_1_42' title='bbox 1885 1087 2331 1152; x_wconf 86' lang='lat' dir='ltr'><strong>circumcisum</strong></span> <span class='ocrx_word' id='word_1_43' title='bbox 2405 1093 2536 1166; x_wconf 81' lang='lat' dir='ltr'><strong>aut,</strong></span> <span class='ocrx_word' id='word_1_44' title='bbox 2605 1090 2658 1154; x_wconf 89' lang='lat' dir='ltr'><strong>si</strong></span> <span class='ocrx_word' id='word_1_45' title='bbox 2723 1089 2844 1154; x_wconf 85' lang='lat' dir='ltr'><strong>hoc</strong></span> <span class='ocrx_word' id='word_1_46' title='bbox 2906 1115 2932 1153; x_wconf 77' lang='lat'><strong>⁵</strong></span> 
     </span>
     <span class='ocr_line' id='line_1_7' title="bbox 538 1191 2840 1276; baseline 0.002 -22"><span class='ocrx_word' id='word_1_47' title='bbox 538 1193 795 1274; x_wconf 87' lang='lat' dir='ltr'><strong>propter</strong></span> <span class='ocrx_word' id='word_1_48' title='bbox 842 1194 1111 1254; x_wconf 84' lang='lat' dir='ltr'><strong>aetatem</strong></span> <span class='ocrx_word' id='word_1_49' title='bbox 1182 1191 1441 1256; x_wconf 90' lang='lat' dir='ltr'><strong>minime</strong></span> <span class='ocrx_word' id='word_1_50' title='bbox 1509 1192 1903 1276; x_wconf 85' lang='lat' dir='ltr'><strong>prohibebat,</strong></span> <span class='ocrx_word' id='word_1_51' title='bbox 1953 1213 2068 1259; x_wconf 88' lang='lat' dir='ltr'><strong>nec</strong></span> <span class='ocrx_word' id='word_1_52' title='bbox 2133 1195 2296 1260; x_wconf 89' lang='lat' dir='ltr'><strong>illud</strong></span> <span class='ocrx_word' id='word_1_53' title='bbox 2363 1196 2632 1261; x_wconf 80' lang='lat' dir='ltr'><strong>arbitror</strong></span> <span class='ocrx_word' id='word_1_54' title='bbox 2697 1215 2840 1260; x_wconf 89' lang='lat' dir='ltr'><strong>eum</strong></span> 
     </span>
     <span class='ocr_line' id='line_1_8' title="bbox 541 1297 2838 1384; baseline 0.002 -25"><span class='ocrx_word' id='word_1_55' title='bbox 541 1297 773 1361; x_wconf 82' lang='lat' dir='ltr'><strong>dixisse</strong></span> <span class='ocrx_word' id='word_1_56' title='bbox 829 1297 1139 1362; x_wconf 74' lang='lat' dir='ltr'><strong>fallaciter</strong></span> <span class='ocrx_word' id='word_1_57' title='bbox 1200 1299 1477 1379; x_wconf 79' lang='lat' dir='ltr'><strong>leprose,</strong></span> <span class='ocrx_word' id='word_1_58' title='bbox 1544 1319 1735 1382; x_wconf 89' lang='lat' dir='ltr'><strong>quem</strong></span> <span class='ocrx_word' id='word_1_59' title='bbox 1802 1302 1968 1364; x_wconf 88' lang='lat' dir='ltr'><strong>certe</strong></span> <span class='ocrx_word' id='word_1_60' title='bbox 2037 1319 2158 1364; x_wconf 90' lang='lat' dir='ltr'><strong>non</strong></span> <span class='ocrx_word' id='word_1_61' title='bbox 2230 1302 2340 1366; x_wconf 89' lang='lat' dir='ltr'><strong>illa</strong></span> <span class='ocrx_word' id='word_1_62' title='bbox 2404 1322 2516 1384; x_wconf 90' lang='lat' dir='ltr'><strong>per</strong></span> <span class='ocrx_word' id='word_1_63' title='bbox 2578 1303 2838 1384; x_wconf 83' lang='lat' dir='ltr'><strong>Moysen</strong></span> 
     </span>
     <span class='ocr_line' id='line_1_9' title="bbox 537 1405 2844 1488; baseline 0.002 -22"><span class='ocrx_word' id='word_1_64' title='bbox 537 1407 873 1486; x_wconf 87' lang='lat' dir='ltr'><strong>praecepta</strong></span> <span class='ocrx_word' id='word_1_65' title='bbox 938 1405 1299 1469; x_wconf 81' lang='lat' dir='ltr'><strong>obseruatio</strong></span> <span class='ocrx_word' id='word_1_66' title='bbox 1360 1405 1472 1469; x_wconf 90' lang='lat' dir='ltr'><strong>sed</strong></span> <span class='ocrx_word' id='word_1_67' title='bbox 1526 1405 1666 1488; x_wconf 91' lang='lat' dir='ltr'><strong>ipse</strong></span> <span class='ocrx_word' id='word_1_68' title='bbox 1721 1407 2173 1472; x_wconf 88' lang='lat' dir='ltr'><strong>mundauerat:</strong></span> <span class='ocrx_word' id='word_1_69' title='bbox 2240 1407 2442 1472; x_wconf 88' lang='lat' dir='ltr'><strong>Vade</strong></span> <span class='ocrx_word' id='word_1_70' title='bbox 2513 1412 2587 1473; x_wconf 90' lang='lat' dir='ltr'><strong>et</strong></span> <span class='ocrx_word' id='word_1_71' title='bbox 2651 1407 2844 1472; x_wconf 83' lang='lat' dir='ltr'><strong>offer</strong></span> 
     </span>
     <span class='ocr_line' id='line_1_10' title="bbox 538 1511 2840 1598; baseline 0.002 -24"><span class='ocrx_word' id='word_1_72' title='bbox 538 1530 665 1594; x_wconf 92' lang='lat' dir='ltr'><strong>pro</strong></span> <span class='ocrx_word' id='word_1_73' title='bbox 733 1515 806 1574; x_wconf 89' lang='lat' dir='ltr'><strong>te</strong></span> <span class='ocrx_word' id='word_1_74' title='bbox 874 1511 1367 1588; x_wconf 80' lang='lat' dir='ltr'><strong>sacrificium,</strong></span> <span class='ocrx_word' id='word_1_75' title='bbox 1437 1513 1634 1594; x_wconf 89' lang='lat' dir='ltr'><strong>quod</strong></span> <span class='ocrx_word' id='word_1_76' title='bbox 1689 1514 2086 1596; x_wconf 88' lang='lat' dir='ltr'><strong>praecepit</strong></span> <span class='ocrx_word' id='word_1_77' title='bbox 2139 1515 2437 1598; x_wconf 84' lang='lat' dir='ltr'><strong>Moyses</strong></span> <span class='ocrx_word' id='word_1_78' title='bbox 2493 1515 2568 1579; x_wconf 89' lang='lat' dir='ltr'><strong>in</strong></span> <span class='ocrx_word' id='word_1_79' title='bbox 2625 1515 2840 1578; x_wconf 88' lang='lat' dir='ltr'><strong>testi—</strong></span> 
     </span>
     <span class='ocr_line' id='line_1_11' title="bbox 536 1617 2928 1702; baseline 0.003 -22"><span class='ocrx_word' id='word_1_80' title='bbox 536 1617 861 1680; x_wconf 89' lang='lat' dir='ltr'><strong>monium</strong></span> <span class='ocrx_word' id='word_1_81' title='bbox 910 1617 1105 1692; x_wconf 86' lang='lat' dir='ltr'><strong>illis;</strong></span> <span class='ocrx_word' id='word_1_82' title='bbox 1154 1635 1267 1681; x_wconf 88' lang='lat' dir='ltr'><strong>nec</strong></span> <span class='ocrx_word' id='word_1_83' title='bbox 1316 1617 1626 1682; x_wconf 85' lang='lat' dir='ltr'><strong>fallaciter</strong></span> <span class='ocrx_word' id='word_1_84' title='bbox 1672 1617 1962 1684; x_wconf 83' lang='lat' dir='ltr'><strong>ascendit</strong></span> <span class='ocrx_word' id='word_1_85' title='bbox 2009 1619 2085 1682; x_wconf 89' lang='lat' dir='ltr'><strong>ad</strong></span> <span class='ocrx_word' id='word_1_86' title='bbox 2135 1619 2303 1684; x_wconf 88' lang='lat' dir='ltr'><strong>diem</strong></span> <span class='ocrx_word' id='word_1_87' title='bbox 2351 1621 2587 1684; x_wconf 87' lang='lat' dir='ltr'><strong>festum</strong></span> <span class='ocrx_word' id='word_1_88' title='bbox 2635 1639 2840 1702; x_wconf 87' lang='lat' dir='ltr'><strong>usque</strong></span> <span class='ocrx_word' id='word_1_89' title='bbox 2877 1653 2928 1690; x_wconf 87' lang='grc' dir='ltr'><strong>ιο</strong></span> 
     </span>
     <span class='ocr_line' id='line_1_12' title="bbox 537 1721 2842 1800; baseline 0.002 -15"><span class='ocrx_word' id='word_1_90' title='bbox 537 1721 691 1786; x_wconf 87' lang='lat' dir='ltr'><strong>adeo</strong></span> <span class='ocrx_word' id='word_1_91' title='bbox 756 1741 878 1786; x_wconf 91' lang='lat' dir='ltr'><strong>non</strong></span> <span class='ocrx_word' id='word_1_92' title='bbox 946 1743 1138 1788; x_wconf 88' lang='lat' dir='ltr'><strong>causa</strong></span> <span class='ocrx_word' id='word_1_93' title='bbox 1194 1725 1636 1788; x_wconf 84' lang='lat' dir='ltr'><strong>ostentationis</strong></span> <span class='ocrx_word' id='word_1_94' title='bbox 1695 1743 1906 1789; x_wconf 89' lang='lat' dir='ltr'><strong>coram</strong></span> <span class='ocrx_word' id='word_1_95' title='bbox 1963 1725 2350 1800; x_wconf 78' lang='lat' dir='ltr'><strong>hominibuS,</strong></span> <span class='ocrx_word' id='word_1_96' title='bbox 2411 1729 2486 1791; x_wconf 89' lang='lat' dir='ltr'><strong>ut</strong></span> <span class='ocrx_word' id='word_1_97' title='bbox 2541 1746 2663 1791; x_wconf 91' lang='lat' dir='ltr'><strong>non</strong></span> <span class='ocrx_word' id='word_1_98' title='bbox 2712 1727 2842 1790; x_wconf 84' lang='lat' dir='ltr'><strong>eui-</strong></span> 
     </span>
     <span class='ocr_line' id='line_1_13' title="bbox 540 1829 1648 1895; baseline 0.002 -2"><span class='ocrx_word' id='word_1_99' title='bbox 540 1829 757 1894; x_wconf 84' lang='lat' dir='ltr'><strong>denter</strong></span> <span class='ocrx_word' id='word_1_100' title='bbox 802 1829 1157 1894; x_wconf 87' lang='lat' dir='ltr'><strong>ascenderit</strong></span> <span class='ocrx_word' id='word_1_101' title='bbox 1203 1829 1313 1894; x_wconf 87' lang='lat' dir='ltr'><strong>sed</strong></span> <span class='ocrx_word' id='word_1_102' title='bbox 1359 1831 1648 1895; x_wconf 86' lang='lat' dir='ltr'><strong>latenter.</strong></span> 
     </span>
    </p>

    <p class='ocr_par' dir='ltr' id='par_1_3' title="bbox 436 1927 2921 3192">
     <span class='ocr_line' id='line_1_14' title="bbox 436 1927 2834 2023; baseline 0 -23"><span class='ocrx_word' id='word_1_103' title='bbox 436 1927 516 1989; x_wconf 88' lang='lat'><strong>19</strong></span> <span class='ocrx_word' id='word_1_104' title='bbox 625 1937 712 2000; x_wconf 91' lang='lat' dir='ltr'><strong>At</strong></span> <span class='ocrx_word' id='word_1_105' title='bbox 777 1935 941 2000; x_wconf 88' lang='lat' dir='ltr'><strong>enim</strong></span> <span class='ocrx_word' id='word_1_106' title='bbox 999 1936 1156 2001; x_wconf 86' lang='lat' dir='ltr'><strong>dixit</strong></span> <span class='ocrx_word' id='word_1_107' title='bbox 1207 1936 1375 2000; x_wconf 87' lang='lat' dir='ltr'><strong>idem</strong></span> <span class='ocrx_word' id='word_1_108' title='bbox 1434 1938 1796 2021; x_wconf 84' lang='lat' dir='ltr'><strong>apostolus:</strong></span> <span class='ocrx_word' id='word_1_109' title='bbox 1861 1939 2051 2002; x_wconf 85' lang='lat' dir='ltr'><strong>Ecce</strong></span> <span class='ocrx_word' id='word_1_110' title='bbox 2118 1957 2252 2023; x_wconf 87' lang='lat' dir='ltr'><strong>ego</strong></span> <span class='ocrx_word' id='word_1_111' title='bbox 2317 1938 2602 2003; x_wconf 90' lang='lat' dir='ltr'><strong>Paulus</strong></span> <span class='ocrx_word' id='word_1_112' title='bbox 2670 1938 2834 2002; x_wconf 91' lang='lat' dir='ltr'><strong>dico</strong></span> 
     </span>
     <span class='ocr_line' id='line_1_15' title="bbox 536 2043 2834 2124; baseline -0.001 -16"><span class='ocrx_word' id='word_1_113' title='bbox 536 2043 784 2120; x_wconf 72' lang='lat' dir='ltr'><strong>uobiS‚</strong></span> <span class='ocrx_word' id='word_1_114' title='bbox 834 2043 1028 2124; x_wconf 75' lang='lat' dir='ltr'><strong>quia,</strong></span> <span class='ocrx_word' id='word_1_115' title='bbox 1081 2044 1144 2109; x_wconf 88' lang='lat' dir='ltr'><strong>si</strong></span> <span class='ocrx_word' id='word_1_116' title='bbox 1204 2043 1878 2121; x_wconf 82' lang='lat' dir='ltr'><strong>circumcidamini,</strong></span> <span class='ocrx_word' id='word_1_117' title='bbox 1939 2044 2290 2110; x_wconf 87' lang='lat' dir='ltr'><strong>Christus</strong></span> <span class='ocrx_word' id='word_1_118' title='bbox 2357 2045 2581 2110; x_wconf 90' lang='lat' dir='ltr'><strong>uobis</strong></span> <span class='ocrx_word' id='word_1_119' title='bbox 2647 2044 2834 2108; x_wconf 89' lang='lat' dir='ltr'><strong>nihil</strong></span> 
     </span>
     <span class='ocr_line' id='line_1_16' title="bbox 534 2150 2921 2234; baseline 0.002 -22"><span class='ocrx_word' id='word_1_120' title='bbox 534 2150 888 2232; x_wconf 87' lang='lat' dir='ltr'><strong>proderit.</strong></span> <span class='ocrx_word' id='word_1_121' title='bbox 939 2151 1189 2234; x_wconf 86' lang='lat' dir='ltr'><strong>decepit</strong></span> <span class='ocrx_word' id='word_1_122' title='bbox 1236 2169 1381 2234; x_wconf 86' lang='lat' dir='ltr'><strong>ergo</strong></span> <span class='ocrx_word' id='word_1_123' title='bbox 1421 2151 1828 2216; x_wconf 84' lang='lat' dir='ltr'><strong>Timotheum</strong></span> <span class='ocrx_word' id='word_1_124' title='bbox 1879 2156 1942 2215; x_wconf 88' lang='lat' dir='ltr'><strong>et</strong></span> <span class='ocrx_word' id='word_1_125' title='bbox 1995 2151 2150 2216; x_wconf 91' lang='lat' dir='ltr'><strong>fecit</strong></span> <span class='ocrx_word' id='word_1_126' title='bbox 2206 2152 2264 2216; x_wconf 88' lang='lat' dir='ltr'><strong>ei</strong></span> <span class='ocrx_word' id='word_1_127' title='bbox 2319 2151 2480 2215; x_wconf 92' lang='lat' dir='ltr'><strong>nihil</strong></span> <span class='ocrx_word' id='word_1_128' title='bbox 2533 2150 2832 2233; x_wconf 87' lang='lat' dir='ltr'><strong>prodesse</strong></span> <span class='ocrx_word' id='word_1_129' title='bbox 2868 2179 2921 2218; x_wconf 81' lang='lat'><strong>15</strong></span> 
     </span>
     <span class='ocr_line' id='line_1_17' title="bbox 538 2257 2832 2338; baseline -0.001 -16"><span class='ocrx_word' id='word_1_130' title='bbox 538 2257 885 2322; x_wconf 84' lang='lat' dir='ltr'><strong>Christum.</strong></span> <span class='ocrx_word' id='word_1_131' title='bbox 952 2275 1026 2320; x_wconf 88' lang='lat' dir='ltr'><strong>an</strong></span> <span class='ocrx_word' id='word_1_132' title='bbox 1077 2258 1225 2338; x_wconf 86' lang='lat' dir='ltr'><strong>quia</strong></span> <span class='ocrx_word' id='word_1_133' title='bbox 1270 2257 1389 2321; x_wconf 90' lang='lat' dir='ltr'><strong>hoc</strong></span> <span class='ocrx_word' id='word_1_134' title='bbox 1436 2259 1752 2324; x_wconf 88' lang='lat' dir='ltr'><strong>fallaciter</strong></span> <span class='ocrx_word' id='word_1_135' title='bbox 1796 2259 2034 2323; x_wconf 89' lang='lat' dir='ltr'><strong>factum</strong></span> <span class='ocrx_word' id='word_1_136' title='bbox 2083 2262 2200 2336; x_wconf 88' lang='lat' dir='ltr'><strong>est,</strong></span> <span class='ocrx_word' id='word_1_137' title='bbox 2249 2259 2390 2323; x_wconf 89' lang='lat' dir='ltr'><strong>ideo</strong></span> <span class='ocrx_word' id='word_1_138' title='bbox 2439 2277 2562 2322; x_wconf 91' lang='lat' dir='ltr'><strong>non</strong></span> <span class='ocrx_word' id='word_1_139' title='bbox 2613 2257 2832 2322; x_wconf 78' lang='lat' dir='ltr'><strong>offuit?</strong></span> 
     </span>
     <span class='ocr_line' id='line_1_18' title="bbox 534 2363 2834 2447; baseline -0.001 -19"><span class='ocrx_word' id='word_1_140' title='bbox 534 2369 601 2428; x_wconf 93' lang='lat' dir='ltr'><strong>at</strong></span> <span class='ocrx_word' id='word_1_141' title='bbox 643 2365 782 2446; x_wconf 90' lang='lat' dir='ltr'><strong>ipse</strong></span> <span class='ocrx_word' id='word_1_142' title='bbox 848 2364 967 2428; x_wconf 90' lang='lat' dir='ltr'><strong>hoc</strong></span> <span class='ocrx_word' id='word_1_143' title='bbox 1022 2383 1145 2428; x_wconf 91' lang='lat' dir='ltr'><strong>non</strong></span> <span class='ocrx_word' id='word_1_144' title='bbox 1198 2364 1419 2447; x_wconf 90' lang='lat' dir='ltr'><strong>posuit</strong></span> <span class='ocrx_word' id='word_1_145' title='bbox 1474 2383 1589 2428; x_wconf 89' lang='lat' dir='ltr'><strong>nec</strong></span> <span class='ocrx_word' id='word_1_146' title='bbox 1647 2366 1736 2428; x_wconf 87' lang='lat' dir='ltr'><strong>ait</strong></span> <span class='ocrx_word' id='word_1_147' title='bbox 1791 2365 1868 2428; x_wconf 89' lang='lat' dir='ltr'><strong>‘si</strong></span> <span class='ocrx_word' id='word_1_148' title='bbox 1915 2363 2458 2430; x_wconf 87' lang='lat' dir='ltr'><strong>circumcidamini</strong></span> <span class='ocrx_word' id='word_1_149' title='bbox 2503 2365 2834 2429; x_wconf 83' lang='lat' dir='ltr'><strong>ueraciter&#39;</strong></span> 
     </span>
     <span class='ocr_line' id='line_1_19' title="bbox 534 2469 2829 2555; baseline 0 -21"><span class='ocrx_word' id='word_1_150' title='bbox 534 2471 705 2534; x_wconf 87' lang='lat' dir='ltr'><strong>sicut</strong></span> <span class='ocrx_word' id='word_1_151' title='bbox 741 2489 854 2534; x_wconf 90' lang='lat' dir='ltr'><strong>nec</strong></span> <span class='ocrx_word' id='word_1_152' title='bbox 883 2469 1255 2547; x_wconf 83' lang='lat' dir='ltr'><strong>‘fallacite1·‘‚</strong></span> <span class='ocrx_word' id='word_1_153' title='bbox 1286 2470 1397 2534; x_wconf 88' lang='lat' dir='ltr'><strong>sed</strong></span> <span class='ocrx_word' id='word_1_154' title='bbox 1437 2471 1571 2535; x_wconf 89' lang='lat' dir='ltr'><strong>sine</strong></span> <span class='ocrx_word' id='word_1_155' title='bbox 1612 2471 1744 2535; x_wconf 85' lang='lat' dir='ltr'><strong>ulla</strong></span> <span class='ocrx_word' id='word_1_156' title='bbox 1785 2471 2150 2555; x_wconf 78' lang='lat' dir='ltr'><strong>exceptione</strong></span> <span class='ocrx_word' id='word_1_157' title='bbox 2181 2471 2366 2536; x_wconf 84' lang='lat' dir='ltr'><strong>dixit:</strong></span> <span class='ocrx_word' id='word_1_158' title='bbox 2409 2470 2486 2537; x_wconf 88' lang='lat' dir='ltr'><strong>Si</strong></span> <span class='ocrx_word' id='word_1_159' title='bbox 2525 2471 2727 2535; x_wconf 86' lang='lat' dir='ltr'><strong>circu</strong></span> <span class='ocrx_word' id='word_1_160' title='bbox 2743 2491 2829 2534; x_wconf 89' lang='lat' dir='ltr'><strong>m-</strong></span> 
     </span>
     <span class='ocr_line' id='line_1_20' title="bbox 533 2576 2826 2661; baseline -0 -20"><span class='ocrx_word' id='word_1_161' title='bbox 533 2576 913 2654; x_wconf 82' lang='lat' dir='ltr'><strong>cidamini,</strong></span> <span class='ocrx_word' id='word_1_162' title='bbox 976 2576 1329 2642; x_wconf 88' lang='lat' dir='ltr'><strong>Christus</strong></span> <span class='ocrx_word' id='word_1_163' title='bbox 1386 2577 1608 2642; x_wconf 87' lang='lat' dir='ltr'><strong>uobis</strong></span> <span class='ocrx_word' id='word_1_164' title='bbox 1665 2577 1854 2641; x_wconf 89' lang='lat' dir='ltr'><strong>nihil</strong></span> <span class='ocrx_word' id='word_1_165' title='bbox 1911 2579 2268 2660; x_wconf 87' lang='lat' dir='ltr'><strong>proderit.</strong></span> <span class='ocrx_word' id='word_1_166' title='bbox 2337 2578 2508 2642; x_wconf 90' lang='lat' dir='ltr'><strong>sicut</strong></span> <span class='ocrx_word' id='word_1_167' title='bbox 2563 2595 2710 2661; x_wconf 87' lang='lat' dir='ltr'><strong>ergo</strong></span> <span class='ocrx_word' id='word_1_168' title='bbox 2757 2579 2826 2640; x_wconf 90' lang='lat' dir='ltr'><strong>tu</strong></span> 
     </span>
     <span class='ocr_line' id='line_1_21' title="bbox 532 2683 2918 2765; baseline 0.001 -16"><span class='ocrx_word' id='word_1_169' title='bbox 532 2685 633 2751; x_wconf 91' lang='lat' dir='ltr'><strong>uis</strong></span> <span class='ocrx_word' id='word_1_170' title='bbox 710 2685 813 2749; x_wconf 91' lang='lat' dir='ltr'><strong>hic</strong></span> <span class='ocrx_word' id='word_1_171' title='bbox 886 2685 1099 2750; x_wconf 89' lang='lat' dir='ltr'><strong>locum</strong></span> <span class='ocrx_word' id='word_1_172' title='bbox 1178 2685 1323 2748; x_wconf 84' lang='lat' dir='ltr'><strong>dare</strong></span> <span class='ocrx_word' id='word_1_173' title='bbox 1400 2683 1751 2748; x_wconf 83' lang='lat' dir='ltr'><strong>sententiae</strong></span> <span class='ocrx_word' id='word_1_174' title='bbox 1817 2688 1987 2762; x_wconf 86' lang='lat' dir='ltr'><strong>tuae,</strong></span> <span class='ocrx_word' id='word_1_175' title='bbox 2053 2691 2124 2749; x_wconf 86' lang='lat' dir='ltr'><strong>ut</strong></span> <span class='ocrx_word' id='word_1_176' title='bbox 2190 2685 2352 2750; x_wconf 90' lang='lat' dir='ltr'><strong>uelis</strong></span> <span class='ocrx_word' id='word_1_177' title='bbox 2419 2683 2828 2765; x_wconf 84' lang='lat' dir='ltr'><strong>subintellegi</strong></span> <span class='ocrx_word' id='word_1_178' title='bbox 2862 2713 2918 2753; x_wconf 79' lang='grc' dir='ltr'><strong>εο</strong></span> 
     </span>
     <span class='ocr_line' id='line_1_22' title="bbox 530 2788 2826 2873; baseline -0.003 -17"><span class='ocrx_word' id='word_1_179' title='bbox 530 2791 675 2856; x_wconf 88' lang='lat' dir='ltr'><strong>‘nisi</strong></span> <span class='ocrx_word' id='word_1_180' title='bbox 727 2792 1079 2868; x_wconf 86' lang='lat' dir='ltr'><strong>fallaciter’‚</strong></span> <span class='ocrx_word' id='word_1_181' title='bbox 1136 2792 1227 2856; x_wconf 85' lang='lat' dir='ltr'><strong>ita</strong></span> <span class='ocrx_word' id='word_1_182' title='bbox 1280 2811 1401 2854; x_wconf 92' lang='lat' dir='ltr'><strong>non</strong></span> <span class='ocrx_word' id='word_1_183' title='bbox 1458 2790 1837 2872; x_wconf 87' lang='lat' dir='ltr'><strong>inpudenter</strong></span> <span class='ocrx_word' id='word_1_184' title='bbox 1888 2789 2129 2873; x_wconf 86' lang='lat' dir='ltr'><strong>flagito,</strong></span> <span class='ocrx_word' id='word_1_185' title='bbox 2175 2792 2252 2854; x_wconf 88' lang='lat' dir='ltr'><strong>ut</strong></span> <span class='ocrx_word' id='word_1_186' title='bbox 2295 2789 2487 2853; x_wconf 88' lang='lat' dir='ltr'><strong>etiam</strong></span> <span class='ocrx_word' id='word_1_187' title='bbox 2535 2807 2651 2854; x_wconf 87' lang='lat' dir='ltr'><strong>nos</strong></span> <span class='ocrx_word' id='word_1_188' title='bbox 2694 2788 2826 2852; x_wconf 86' lang='lat' dir='ltr'><strong>illic</strong></span> 
     </span>
     <span class='ocr_line' id='line_1_23' title="bbox 531 2881 2824 2983; baseline -0.002 -20"><span class='ocrx_word' id='word_1_189' title='bbox 531 2899 900 2983; x_wconf 86' lang='lat' dir='ltr'><strong>intellegere</strong></span> <span class='ocrx_word' id='word_1_190' title='bbox 949 2898 1117 2962; x_wconf 86' lang='lat' dir='ltr'><strong>sinas</strong></span> <span class='ocrx_word' id='word_1_191' title='bbox 1176 2898 1267 2962; x_wconf 89' lang='lat' dir='ltr'><strong>eis</strong></span> <span class='ocrx_word' id='word_1_192' title='bbox 1328 2897 1571 2960; x_wconf 87' lang='lat' dir='ltr'><strong>dictum</strong></span> <span class='ocrx_word' id='word_1_193' title='bbox 1617 2897 1699 2960; x_wconf 81' lang='lat' dir='ltr'><strong>‘si</strong></span> <span class='ocrx_word' id='word_1_194' title='bbox 1753 2881 2444 2974; x_wconf 82' lang='lat' dir='ltr'><strong>circumcidamini‘,</strong></span> <span class='ocrx_word' id='word_1_195' title='bbox 2492 2894 2601 2976; x_wconf 90' lang='lat' dir='ltr'><strong>qui</strong></span> <span class='ocrx_word' id='word_1_196' title='bbox 2646 2913 2824 2976; x_wconf 88' lang='lat' dir='ltr'><strong>prop-</strong></span> 
     </span>
     <span class='ocr_line' id='line_1_24' title="bbox 532 2993 2824 3084; baseline -0.002 -15"><span class='ocrx_word' id='word_1_197' title='bbox 532 3010 706 3070; x_wconf 88' lang='lat' dir='ltr'><strong>terea</strong></span> <span class='ocrx_word' id='word_1_198' title='bbox 759 2993 1061 3069; x_wconf 78' lang='lat' dir='ltr'><strong>uolebant</strong></span> <span class='ocrx_word' id='word_1_199' title='bbox 1106 3001 1495 3078; x_wconf 71' lang='lat' dir='ltr'><strong>circumcidi,</strong></span> <span class='ocrx_word' id='word_1_200' title='bbox 1547 3003 1715 3083; x_wconf 92' lang='lat' dir='ltr'><strong>quod</strong></span> <span class='ocrx_word' id='word_1_201' title='bbox 1764 3002 1947 3066; x_wconf 86' lang='lat' dir='ltr'><strong>aliter</strong></span> <span class='ocrx_word' id='word_1_202' title='bbox 1995 3022 2060 3066; x_wconf 90' lang='lat' dir='ltr'><strong>se</strong></span> <span class='ocrx_word' id='word_1_203' title='bbox 2116 3001 2426 3084; x_wconf 87' lang='lat' dir='ltr'><strong>putabant</strong></span> <span class='ocrx_word' id='word_1_204' title='bbox 2469 3000 2533 3064; x_wconf 91' lang='lat' dir='ltr'><strong>in</strong></span> <span class='ocrx_word' id='word_1_205' title='bbox 2575 2999 2824 3066; x_wconf 86' lang='lat' dir='ltr'><strong>Christo</strong></span> 
     </span>
     <span class='ocr_line' id='line_1_25' title="bbox 532 3107 2822 3192; baseline -0.003 -18"><span class='ocrx_word' id='word_1_206' title='bbox 532 3110 744 3174; x_wconf 88' lang='lat' dir='ltr'><strong>saluos</strong></span> <span class='ocrx_word' id='word_1_207' title='bbox 812 3129 953 3174; x_wconf 88' lang='lat' dir='ltr'><strong>esse</strong></span> <span class='ocrx_word' id='word_1_208' title='bbox 1009 3129 1129 3174; x_wconf 90' lang='lat' dir='ltr'><strong>non</strong></span> <span class='ocrx_word' id='word_1_209' title='bbox 1186 3129 1396 3192; x_wconf 88' lang='lat' dir='ltr'><strong>posse.</strong></span> <span class='ocrx_word' id='word_1_210' title='bbox 1464 3109 1583 3172; x_wconf 91' lang='lat' dir='ltr'><strong>hoc</strong></span> <span class='ocrx_word' id='word_1_211' title='bbox 1643 3129 1789 3192; x_wconf 86' lang='lat' dir='ltr'><strong>ergo</strong></span> <span class='ocrx_word' id='word_1_212' title='bbox 1849 3110 2076 3184; x_wconf 86' lang='lat' dir='ltr'><strong>anim0‚</strong></span> <span class='ocrx_word' id='word_1_213' title='bbox 2137 3108 2254 3172; x_wconf 89' lang='lat' dir='ltr'><strong>hac</strong></span> <span class='ocrx_word' id='word_1_214' title='bbox 2303 3107 2655 3179; x_wconf 80' lang='lat' dir='ltr'><strong>uoluntate,</strong></span> <span class='ocrx_word' id='word_1_215' title='bbox 2701 3107 2822 3170; x_wconf 87' lang='lat' dir='ltr'><strong>ista</strong></span> 
     </span>
    </p>
   </div>
   <div class='ocr_carea' id='block_1_3' title="bbox 710 3295 2819 3364">
    <p class='ocr_par' dir='ltr' id='par_1_4' title="bbox 710 3295 2819 3364">
     <span class='ocr_line' id='line_1_26' title="bbox 710 3295 2819 3364; baseline -0.002 -10"><span class='ocrx_word' id='word_1_216' title='bbox 710 3303 738 3354; x_wconf 88' lang='grc'>7</span> <span class='ocrx_word' id='word_1_217' title='bbox 779 3301 941 3354; x_wconf 84' lang='lat' dir='ltr'><strong>Marc.</strong></span> <span class='ocrx_word' id='word_1_218' title='bbox 982 3301 1031 3358; x_wconf 87' lang='lat'><strong>1.</strong></span> <span class='ocrx_word' id='word_1_219' title='bbox 1069 3301 1307 3364; x_wconf 72' lang='lat'>40-443</span> <span class='ocrx_word' id='word_1_220' title='bbox 1348 3299 1523 3354; x_wconf 82' lang='lat' dir='ltr'><strong>Leuit.</strong></span> <span class='ocrx_word' id='word_1_221' title='bbox 1569 3302 1650 3362; x_wconf 87' lang='lat'><strong>14,</strong></span> <span class='ocrx_word' id='word_1_222' title='bbox 1683 3301 1860 3354; x_wconf 76' lang='lat'>2—3‘2</span> <span class='ocrx_word' id='word_1_223' title='bbox 1968 3298 2031 3354; x_wconf 90' lang='grc'><strong>10</strong></span> <span class='ocrx_word' id='word_1_224' title='bbox 2061 3300 2177 3354; x_wconf 84' lang='grc'>1011.</span> <span class='ocrx_word' id='word_1_225' title='bbox 2210 3301 2258 3362; x_wconf 81' lang='grc'><strong>7,</strong></span> <span class='ocrx_word' id='word_1_226' title='bbox 2293 3299 2359 3352; x_wconf 94' lang='grc'><strong>10</strong></span> <span class='ocrx_word' id='word_1_227' title='bbox 2464 3297 2529 3351; x_wconf 87' lang='grc'><strong>13</strong></span> <span class='ocrx_word' id='word_1_228' title='bbox 2559 3295 2678 3351; x_wconf 82' lang='lat' dir='ltr'><strong>Gal.</strong></span> <span class='ocrx_word' id='word_1_229' title='bbox 2709 3299 2758 3357; x_wconf 84' lang='lat'><strong>5,</strong></span> <span class='ocrx_word' id='word_1_230' title='bbox 2787 3297 2819 3348; x_wconf 85' lang='lat'><strong>‘2</strong></span> 
     </span>
    </p>
   </div>
   <div class='ocr_carea' id='block_1_4' title="bbox 524 3399 2822 4452">
    <p class='ocr_par' dir='ltr' id='par_1_5' title="bbox 524 3399 2822 4364">
     <span class='ocr_line' id='line_1_27' title="bbox 608 3399 2822 3474; baseline -0.002 -15"><span class='ocrx_word' id='word_1_231' title='bbox 608 3407 631 3459; x_wconf 88' lang='lat'>1</span> <span class='ocrx_word' id='word_1_232' title='bbox 676 3409 855 3460; x_wconf 82' lang='lat' dir='ltr'><strong>autem</strong></span> <span class='ocrx_word' id='word_1_233' title='bbox 894 3423 995 3462; x_wconf 86' lang='lat' dir='ltr'><strong>om.</strong></span> <span class='ocrx_word' id='word_1_234' title='bbox 1034 3407 1109 3458; x_wconf 87' lang='lat' dir='ltr'><strong><em>M</em></strong></span> <span class='ocrx_word' id='word_1_235' title='bbox 1110 3426 1129 3474; x_wconf 89' lang='lat'><em>;</em></span> <span class='ocrx_word' id='word_1_236' title='bbox 1168 3407 1239 3474; x_wconf 85' lang='lat' dir='ltr'><strong>cf.</strong></span> <span class='ocrx_word' id='word_1_237' title='bbox 1276 3423 1331 3474; x_wconf 84' lang='lat' dir='ltr'><strong>p.</strong></span> <span class='ocrx_word' id='word_1_238' title='bbox 1376 3409 1511 3470; x_wconf 82' lang='lat'><strong><em>306,</em></strong></span> <span class='ocrx_word' id='word_1_239' title='bbox 1558 3411 1591 3459; x_wconf 76' lang='grc' dir='ltr'><strong>’ἴ</strong></span> <span class='ocrx_word' id='word_1_240' title='bbox 1809 3405 1842 3455; x_wconf 86' lang='grc'>2</span> <span class='ocrx_word' id='word_1_241' title='bbox 1881 3404 2038 3458; x_wconf 90' lang='lat' dir='ltr'><strong>deum</strong></span> <span class='ocrx_word' id='word_1_242' title='bbox 2090 3408 2144 3457; x_wconf 85' lang='lat' dir='ltr'><strong>et</strong></span> <span class='ocrx_word' id='word_1_243' title='bbox 2193 3421 2288 3473; x_wconf 88' lang='lat' dir='ltr'><strong>per</strong></span> <span class='ocrx_word' id='word_1_244' title='bbox 2333 3405 2722 3456; x_wconf 82' lang='lat' dir='ltr'><strong>testamentum</strong></span> <span class='ocrx_word' id='word_1_245' title='bbox 2760 3399 2822 3453; x_wconf 81' lang='lat' dir='ltr'><em>H</em></span> 
     </span>
     <span class='ocr_line' id='line_1_28' title="bbox 528 3491 2816 3559; baseline -0.004 -7"><span class='ocrx_word' id='word_1_246' title='bbox 528 3498 562 3552; x_wconf 88' lang='grc'>3</span> <span class='ocrx_word' id='word_1_247' title='bbox 604 3495 821 3549; x_wconf 84' lang='lat' dir='ltr'><strong>domum</strong></span> <span class='ocrx_word' id='word_1_248' title='bbox 857 3495 924 3549; x_wconf 90' lang='lat' dir='ltr'><em>H</em></span> <span class='ocrx_word' id='word_1_249' title='bbox 958 3495 1147 3549; x_wconf 88' lang='lat' dir='ltr'><strong>domus</strong></span> <span class='ocrx_word' id='word_1_250' title='bbox 1186 3496 1241 3548; x_wconf 87' lang='lat' dir='ltr'><em>P</em></span> <span class='ocrx_word' id='word_1_251' title='bbox 1276 3495 1418 3559; x_wconf 85' lang='lat' dir='ltr'><strong>dom,</strong></span> <span class='ocrx_word' id='word_1_252' title='bbox 1457 3511 1523 3548; x_wconf 83' lang='lat' dir='ltr'><strong>m.</strong></span> <span class='ocrx_word' id='word_1_253' title='bbox 1546 3501 1585 3548; x_wconf 78' lang='lat'><strong><em>2</em></strong></span> <span class='ocrx_word' id='word_1_254' title='bbox 1625 3495 1806 3548; x_wconf 85' lang='lat' dir='ltr'><strong>domui</strong></span> <span class='ocrx_word' id='word_1_255' title='bbox 1837 3493 1908 3546; x_wconf 77' lang='grc' dir='ltr'><strong>Ρ1</strong></span> <span class='ocrx_word' id='word_1_256' title='bbox 2056 3493 2182 3546; x_wconf 86' lang='lat' dir='ltr'><strong>iude</strong></span> <span class='ocrx_word' id='word_1_257' title='bbox 2207 3493 2274 3546; x_wconf 88' lang='lat' dir='ltr'><em>H</em></span> <span class='ocrx_word' id='word_1_258' title='bbox 2304 3492 2465 3546; x_wconf 86' lang='lat' dir='ltr'><strong>iudae</strong></span> <span class='ocrx_word' id='word_1_259' title='bbox 2494 3492 2568 3545; x_wconf 78' lang='grc' dir='ltr'><strong>Ρ1</strong></span> <span class='ocrx_word' id='word_1_260' title='bbox 2651 3493 2685 3545; x_wconf 88' lang='lat'>4</span> <span class='ocrx_word' id='word_1_261' title='bbox 2712 3491 2816 3543; x_wconf 85' lang='lat' dir='ltr'><strong>dis-</strong></span> 
     </span>
     <span class='ocr_line' id='line_1_29' title="bbox 528 3579 2814 3654; baseline -0.004 -17"><span class='ocrx_word' id='word_1_262' title='bbox 528 3585 714 3654; x_wconf 83' lang='lat' dir='ltr'><strong>posuit</strong></span> <span class='ocrx_word' id='word_1_263' title='bbox 749 3588 879 3638; x_wconf 84' lang='lat' dir='ltr'><strong>m..2</strong></span> <span class='ocrx_word' id='word_1_264' title='bbox 914 3585 975 3636; x_wconf 83' lang='lat' dir='ltr'><strong>in</strong></span> <span class='ocrx_word' id='word_1_265' title='bbox 1010 3601 1121 3638; x_wconf 76' lang='lat' dir='ltr'><strong>ras.</strong></span> <span class='ocrx_word' id='word_1_266' title='bbox 1160 3585 1220 3638; x_wconf 87' lang='lat' dir='ltr'><em>E</em></span> <span class='ocrx_word' id='word_1_267' title='bbox 1324 3587 1355 3638; x_wconf 81' lang='lat'>5</span> <span class='ocrx_word' id='word_1_268' title='bbox 1398 3584 1484 3636; x_wconf 79' lang='lat' dir='ltr'><strong>dm</strong></span> <span class='ocrx_word' id='word_1_269' title='bbox 1526 3583 1892 3652; x_wconf 68' lang='lat' dir='ltr'><strong><em>1-’QMAP2E</em></strong></span> <span class='ocrx_word' id='word_1_270' title='bbox 2033 3581 2343 3636; x_wconf 89' lang='lat' dir='ltr'><strong>circumcidi</strong></span> <span class='ocrx_word' id='word_1_271' title='bbox 2382 3581 2446 3634; x_wconf 89' lang='lat' dir='ltr'><em>H</em></span> <span class='ocrx_word' id='word_1_272' title='bbox 2573 3581 2604 3634; x_wconf 84' lang='lat'><strong>7</strong></span> <span class='ocrx_word' id='word_1_273' title='bbox 2643 3579 2814 3649; x_wconf 79' lang='lat' dir='ltr'><strong>lepro-</strong></span> 
     </span>
     <span class='ocr_line' id='line_1_30' title="bbox 528 3667 2820 3743; baseline -0.003 -17"><span class='ocrx_word' id='word_1_274' title='bbox 528 3691 645 3727; x_wconf 87' lang='lat' dir='ltr'><strong>sum</strong></span> <span class='ocrx_word' id='word_1_275' title='bbox 682 3673 749 3726; x_wconf 92' lang='lat' dir='ltr'><em>H</em></span> <span class='ocrx_word' id='word_1_276' title='bbox 886 3672 979 3743; x_wconf 64' lang='lat' dir='ltr'><strong>ille</strong></span> <span class='ocrx_word' id='word_1_277' title='bbox 1009 3672 1075 3725; x_wconf 89' lang='lat' dir='ltr'><em>H</em></span> <span class='ocrx_word' id='word_1_278' title='bbox 1179 3673 1211 3726; x_wconf 83' lang='lat'><em>8</em></span> <span class='ocrx_word' id='word_1_279' title='bbox 1249 3677 1447 3742; x_wconf 80' lang='lat' dir='ltr'><strong>pcepta</strong></span> <span class='ocrx_word' id='word_1_280' title='bbox 1476 3673 1548 3725; x_wconf 88' lang='lat' dir='ltr'><strong><em>M</em></strong></span> <span class='ocrx_word' id='word_1_281' title='bbox 1687 3671 2044 3724; x_wconf 85' lang='lat' dir='ltr'><strong>mandauerat</strong></span> <span class='ocrx_word' id='word_1_282' title='bbox 2081 3669 2344 3740; x_wconf 76' lang='lat' dir='ltr'><strong>PQJEm.</strong></span> <span class='ocrx_word' id='word_1_283' title='bbox 2381 3668 2733 3723; x_wconf 79' lang='lat' dir='ltr'><strong>mandaberat</strong></span> <span class='ocrx_word' id='word_1_284' title='bbox 2761 3667 2820 3720; x_wconf 86' lang='lat' dir='ltr'><em>H</em></span> 
     </span>
     <span class='ocr_line' id='line_1_31' title="bbox 527 3757 2815 3831; baseline -0.002 -17"><span class='ocrx_word' id='word_1_285' title='bbox 527 3763 559 3815; x_wconf 89' lang='lat'>9</span> <span class='ocrx_word' id='word_1_286' title='bbox 598 3761 717 3831; x_wconf 70' lang='lat' dir='ltr'><strong>pro]</strong></span> <span class='ocrx_word' id='word_1_287' title='bbox 756 3767 976 3831; x_wconf 88' lang='lat' dir='ltr'><strong>propter</strong></span> <span class='ocrx_word' id='word_1_288' title='bbox 1012 3762 1078 3813; x_wconf 89' lang='grc' dir='ltr'>Η</span> <span class='ocrx_word' id='word_1_289' title='bbox 1191 3761 1406 3830; x_wconf 85' lang='lat' dir='ltr'><strong>precepi</strong></span> <span class='ocrx_word' id='word_1_290' title='bbox 1441 3761 1505 3814; x_wconf 90' lang='lat' dir='ltr'><em>H</em></span> <span class='ocrx_word' id='word_1_291' title='bbox 1620 3761 1790 3828; x_wconf 64' lang='lat' dir='ltr'><strong>moysi</strong></span> <span class='ocrx_word' id='word_1_292' title='bbox 1835 3759 1880 3828; x_wconf 79' lang='lat' dir='ltr'><strong><em>Q</em></strong></span> <span class='ocrx_word' id='word_1_293' title='bbox 1993 3762 2052 3813; x_wconf 99' lang='lat'><strong>11</strong></span> <span class='ocrx_word' id='word_1_294' title='bbox 2097 3758 2425 3812; x_wconf 82' lang='lat' dir='ltr'><strong>ostensionis</strong></span> <span class='ocrx_word' id='word_1_295' title='bbox 2469 3757 2574 3827; x_wconf 77' lang='lat' dir='ltr'><strong>QE</strong></span> <span class='ocrx_word' id='word_1_296' title='bbox 2689 3773 2815 3826; x_wconf 87' lang='lat' dir='ltr'><strong>quo-</strong></span> 
     </span>
     <span class='ocr_line' id='line_1_32' title="bbox 526 3847 2815 3918; baseline -0.003 -13"><span class='ocrx_word' id='word_1_297' title='bbox 526 3867 641 3906; x_wconf 89' lang='lat' dir='ltr'><strong>ram</strong></span> <span class='ocrx_word' id='word_1_298' title='bbox 676 3851 743 3904; x_wconf 88' lang='lat' dir='ltr'><em>H</em></span> <span class='ocrx_word' id='word_1_299' title='bbox 885 3851 1130 3903; x_wconf 89' lang='lat' dir='ltr'><strong>omnibus</strong></span> <span class='ocrx_word' id='word_1_300' title='bbox 1176 3849 1280 3918; x_wconf 74' lang='lat' dir='ltr'><strong>QE</strong></span> <span class='ocrx_word' id='word_1_301' title='bbox 1418 3865 1523 3903; x_wconf 88' lang='lat' dir='ltr'><strong>non</strong></span> <span class='ocrx_word' id='word_1_302' title='bbox 1564 3867 1668 3904; x_wconf 88' lang='lat' dir='ltr'><strong>om.</strong></span> <span class='ocrx_word' id='word_1_303' title='bbox 1709 3851 1744 3902; x_wconf 95' lang='grc' dir='ltr'><em>Ι</em></span> <span class='ocrx_word' id='word_1_304' title='bbox 1854 3851 1916 3901; x_wconf 78' lang='grc'><strong>12</strong></span> <span class='ocrx_word' id='word_1_305' title='bbox 1956 3847 2272 3902; x_wconf 88' lang='lat' dir='ltr'><strong>ascenderet</strong></span> <span class='ocrx_word' id='word_1_306' title='bbox 2315 3847 2510 3916; x_wconf 74' lang='lat' dir='ltr'><strong>QJAE</strong></span> <span class='ocrx_word' id='word_1_307' title='bbox 2639 3847 2703 3900; x_wconf 88' lang='lat'><strong>13</strong></span> <span class='ocrx_word' id='word_1_308' title='bbox 2741 3847 2815 3913; x_wconf 77' lang='lat' dir='ltr'><strong>at]</strong></span> 
     </span>
     <span class='ocr_line' id='line_1_33' title="bbox 528 3925 2813 4006; baseline -0.003 -13"><span class='ocrx_word' id='word_1_309' title='bbox 528 3941 597 3994; x_wconf 89' lang='lat' dir='ltr'><strong>ad</strong></span> <span class='ocrx_word' id='word_1_310' title='bbox 633 3939 699 3992; x_wconf 88' lang='lat' dir='ltr'><em>H</em></span> <span class='ocrx_word' id='word_1_311' title='bbox 734 3945 826 3992; x_wconf 88' lang='lat' dir='ltr'><strong>aut</strong></span> <span class='ocrx_word' id='word_1_312' title='bbox 864 3939 903 3992; x_wconf 88' lang='grc' dir='ltr'><em>Ι</em></span> <span class='ocrx_word' id='word_1_313' title='bbox 1042 3938 1161 3992; x_wconf 75' lang='lat' dir='ltr'><strong>(lico</strong></span> <span class='ocrx_word' id='word_1_314' title='bbox 1203 3938 1357 3991; x_wconf 87' lang='lat' dir='ltr'><strong>uobis</strong></span> <span class='ocrx_word' id='word_1_315' title='bbox 1397 3955 1499 3991; x_wconf 85' lang='lat' dir='ltr'><strong>om.</strong></span> <span class='ocrx_word' id='word_1_316' title='bbox 1545 3939 1651 4006; x_wconf 69' lang='grc' dir='ltr'><strong>ΟΕ</strong></span> <span class='ocrx_word' id='word_1_317' title='bbox 1759 3939 1825 3990; x_wconf 85' lang='grc'><strong>14</strong></span> <span class='ocrx_word' id='word_1_318' title='bbox 1865 3937 1984 4006; x_wconf 56' lang='grc'>(11111</span> <span class='ocrx_word' id='word_1_319' title='bbox 2029 3937 2081 3989; x_wconf 87' lang='grc' dir='ltr'><em>Ρ</em></span> <span class='ocrx_word' id='word_1_320' title='bbox 2223 3936 2270 3988; x_wconf 88' lang='lat' dir='ltr'><strong>si</strong></span> <span class='ocrx_word' id='word_1_321' title='bbox 2311 3951 2411 3988; x_wconf 85' lang='lat' dir='ltr'><strong>om.</strong></span> <span class='ocrx_word' id='word_1_322' title='bbox 2456 3935 2493 3987; x_wconf 83' lang='grc' dir='ltr'><em>Ι</em></span> <span class='ocrx_word' id='word_1_323' title='bbox 2585 3925 2813 3988; x_wconf 56' lang='grc'>’011011111-</span> 
     </span>
     <span class='ocr_line' id='line_1_34' title="bbox 528 4021 2815 4097; baseline -0.003 -15"><span class='ocrx_word' id='word_1_324' title='bbox 528 4027 771 4082; x_wconf 87' lang='lat' dir='ltr'><strong>cidimini</strong></span> <span class='ocrx_word' id='word_1_325' title='bbox 810 4028 876 4081; x_wconf 89' lang='lat' dir='ltr'><em>H</em></span> <span class='ocrx_word' id='word_1_326' title='bbox 1002 4029 1064 4081; x_wconf 85' lang='lat'><strong>15</strong></span> <span class='ocrx_word' id='word_1_327' title='bbox 1102 4028 1376 4097; x_wconf 85' lang='lat' dir='ltr'><strong>prodeerit</strong></span> <span class='ocrx_word' id='word_1_328' title='bbox 1414 4027 1479 4080; x_wconf 90' lang='lat' dir='ltr'><em>H</em></span> <span class='ocrx_word' id='word_1_329' title='bbox 1623 4025 1824 4096; x_wconf 82' lang='lat' dir='ltr'><strong>decipit</strong></span> <span class='ocrx_word' id='word_1_330' title='bbox 1867 4025 1912 4094; x_wconf 75' lang='lat' dir='ltr'><em>Q</em></span> <span class='ocrx_word' id='word_1_331' title='bbox 2049 4026 2114 4078; x_wconf 89' lang='lat'><strong>16</strong></span> <span class='ocrx_word' id='word_1_332' title='bbox 2151 4024 2260 4078; x_wconf 86' lang='lat' dir='ltr'><strong>han</strong></span> <span class='ocrx_word' id='word_1_333' title='bbox 2298 4026 2336 4077; x_wconf 94' lang='lat' dir='ltr'><strong><em>I</em></strong></span> <span class='ocrx_word' id='word_1_334' title='bbox 2475 4023 2578 4078; x_wconf 89' lang='lat' dir='ltr'><strong>hoc</strong></span> <span class='ocrx_word' id='word_1_335' title='bbox 2615 4041 2716 4077; x_wconf 71' lang='lat' dir='ltr'><strong>one..</strong></span> <span class='ocrx_word' id='word_1_336' title='bbox 2756 4021 2815 4076; x_wconf 88' lang='lat' dir='ltr'><em>H</em></span> 
     </span>
     <span class='ocr_line' id='line_1_35' title="bbox 530 4111 2809 4178; baseline -0.004 -6"><span class='ocrx_word' id='word_1_337' title='bbox 530 4121 593 4172; x_wconf 78' lang='lat'><strong>17</strong></span> <span class='ocrx_word' id='word_1_338' title='bbox 634 4118 702 4171; x_wconf 87' lang='lat' dir='ltr'><strong>ad</strong></span> <span class='ocrx_word' id='word_1_339' title='bbox 740 4117 840 4172; x_wconf 87' lang='lat' dir='ltr'><em>HI</em></span> <span class='ocrx_word' id='word_1_340' title='bbox 979 4117 1079 4170; x_wconf 83' lang='lat' dir='ltr'><strong>hoc</strong></span> <span class='ocrx_word' id='word_1_341' title='bbox 1118 4132 1220 4170; x_wconf 87' lang='lat' dir='ltr'><strong>om.</strong></span> <span class='ocrx_word' id='word_1_342' title='bbox 1258 4115 1327 4169; x_wconf 90' lang='lat' dir='ltr'><em>H</em></span> <span class='ocrx_word' id='word_1_343' title='bbox 1484 4117 1529 4170; x_wconf 88' lang='lat' dir='ltr'><strong>si</strong></span> <span class='ocrx_word' id='word_1_344' title='bbox 1570 4132 1672 4169; x_wconf 84' lang='lat' dir='ltr'><strong>om.</strong></span> <span class='ocrx_word' id='word_1_345' title='bbox 1715 4113 1815 4167; x_wconf 83' lang='lat' dir='ltr'><em>HI</em></span> <span class='ocrx_word' id='word_1_346' title='bbox 1992 4115 2056 4166; x_wconf 86' lang='lat'><strong>19</strong></span> <span class='ocrx_word' id='word_1_347' title='bbox 2094 4112 2251 4166; x_wconf 88' lang='lat' dir='ltr'><strong>uobis</strong></span> <span class='ocrx_word' id='word_1_348' title='bbox 2291 4113 2376 4167; x_wconf 78' lang='lat' dir='ltr'><strong>bis</strong></span> <span class='ocrx_word' id='word_1_349' title='bbox 2412 4111 2464 4164; x_wconf 81' lang='lat' dir='ltr'><strong><em>A</em></strong></span> <span class='ocrx_word' id='word_1_350' title='bbox 2611 4115 2671 4164; x_wconf 88' lang='lat' dir='ltr'><strong>tu</strong></span> <span class='ocrx_word' id='word_1_351' title='bbox 2709 4111 2809 4178; x_wconf 76' lang='lat' dir='ltr'><strong>uis]</strong></span> 
     </span>
     <span class='ocr_line' id='line_1_36' title="bbox 524 4197 2816 4276; baseline -0.005 -16"><span class='ocrx_word' id='word_1_352' title='bbox 524 4212 613 4260; x_wconf 87' lang='lat' dir='ltr'><strong>tus</strong></span> <span class='ocrx_word' id='word_1_353' title='bbox 653 4206 817 4276; x_wconf 59' lang='grc' dir='ltr'>(εἰσί)</span> <span class='ocrx_word' id='word_1_354' title='bbox 856 4207 923 4259; x_wconf 90' lang='grc' dir='ltr'><em>Η</em></span> <span class='ocrx_word' id='word_1_355' title='bbox 1028 4207 1096 4260; x_wconf 84' lang='grc'><strong>20</strong></span> <span class='ocrx_word' id='word_1_356' title='bbox 1132 4206 1235 4258; x_wconf 85' lang='lat' dir='ltr'><strong>hoc</strong></span> <span class='ocrx_word' id='word_1_357' title='bbox 1274 4205 1327 4257; x_wconf 92' lang='lat' dir='ltr'><strong>I’</strong></span> <span class='ocrx_word' id='word_1_358' title='bbox 1362 4205 1503 4258; x_wconf 90' lang='lat' dir='ltr'><strong>hunc</strong></span> <span class='ocrx_word' id='word_1_359' title='bbox 1544 4205 1601 4258; x_wconf 87' lang='grc' dir='ltr'><em>Ε</em></span> <span class='ocrx_word' id='word_1_360' title='bbox 1715 4209 1841 4256; x_wconf 85' lang='lat' dir='ltr'><strong>tuae</strong></span> <span class='ocrx_word' id='word_1_361' title='bbox 1881 4219 1984 4256; x_wconf 87' lang='lat' dir='ltr'><strong>om.</strong></span> <span class='ocrx_word' id='word_1_362' title='bbox 2022 4202 2141 4255; x_wconf 89' lang='grc' dir='ltr'><strong>ΗΡ</strong></span> <span class='ocrx_word' id='word_1_363' title='bbox 2254 4201 2413 4254; x_wconf 87' lang='lat' dir='ltr'><strong>uellis</strong></span> <span class='ocrx_word' id='word_1_364' title='bbox 2460 4200 2506 4270; x_wconf 78' lang='lat' dir='ltr'><em>Q</em></span> <span class='ocrx_word' id='word_1_365' title='bbox 2541 4200 2712 4253; x_wconf 86' lang='lat' dir='ltr'><strong>uelles</strong></span> <span class='ocrx_word' id='word_1_366' title='bbox 2748 4197 2816 4251; x_wconf 84' lang='lat' dir='ltr'><strong><em>M</em></strong></span> 
     </span>
     <span class='ocr_line' id='line_1_37' title="bbox 525 4287 2816 4364; baseline -0.003 -14"><span class='ocrx_word' id='word_1_367' title='bbox 525 4299 586 4350; x_wconf 84' lang='lat'><strong>21</strong></span> <span class='ocrx_word' id='word_1_368' title='bbox 630 4313 737 4350; x_wconf 90' lang='lat' dir='ltr'><strong>non</strong></span> <span class='ocrx_word' id='word_1_369' title='bbox 776 4297 857 4349; x_wconf 86' lang='lat' dir='ltr'><strong>ita</strong></span> <span class='ocrx_word' id='word_1_370' title='bbox 894 4297 947 4350; x_wconf 87' lang='lat' dir='ltr'><strong><em>A</em></strong></span> <span class='ocrx_word' id='word_1_371' title='bbox 1090 4295 1445 4364; x_wconf 86' lang='lat' dir='ltr'><strong>inprudenter</strong></span> <span class='ocrx_word' id='word_1_372' title='bbox 1481 4293 1545 4347; x_wconf 87' lang='lat' dir='ltr'><em>H</em></span> <span class='ocrx_word' id='word_1_373' title='bbox 1689 4296 1750 4346; x_wconf 90' lang='lat' dir='ltr'><strong>ut</strong></span> <span class='ocrx_word' id='word_1_374' title='bbox 1788 4309 1889 4346; x_wconf 84' lang='lat' dir='ltr'><strong>om.</strong></span> <span class='ocrx_word' id='word_1_375' title='bbox 1934 4291 2040 4362; x_wconf 73' lang='lat' dir='ltr'><strong>QE</strong></span> <span class='ocrx_word' id='word_1_376' title='bbox 2188 4292 2256 4345; x_wconf 83' lang='lat'><strong>23</strong></span> <span class='ocrx_word' id='word_1_377' title='bbox 2295 4307 2351 4344; x_wconf 86' lang='lat' dir='ltr'><strong>se</strong></span> <span class='ocrx_word' id='word_1_378' title='bbox 2391 4307 2493 4344; x_wconf 87' lang='lat' dir='ltr'><strong>om.</strong></span> <span class='ocrx_word' id='word_1_379' title='bbox 2532 4287 2816 4358; x_wconf 78' lang='lat' dir='ltr'><em>PQMAE</em></span> 
     </span>
    </p>

    <p class='ocr_par' dir='ltr' id='par_1_6' title="bbox 596 4375 2817 4452">
     <span class='ocr_line' id='line_1_38' title="bbox 596 4375 2817 4452; baseline -0.005 -13"><span class='ocrx_word' id='word_1_380' title='bbox 596 4386 827 4439; x_wconf 61' lang='lat' dir='ltr'><strong>christo*</strong></span> <span class='ocrx_word' id='word_1_381' title='bbox 858 4389 904 4452; x_wconf 91' lang='lat' dir='ltr'><strong>(s</strong></span> <span class='ocrx_word' id='word_1_382' title='bbox 935 4391 1096 4438; x_wconf 50' lang='lat' dir='ltr'><strong>erasi)</strong></span> <span class='ocrx_word' id='word_1_383' title='bbox 1124 4383 1201 4437; x_wconf 87' lang='lat' dir='ltr'><strong>P¹</strong></span> <span class='ocrx_word' id='word_1_384' title='bbox 1276 4383 1344 4436; x_wconf 83' lang='lat'><strong>24</strong></span> <span class='ocrx_word' id='word_1_385' title='bbox 1375 4383 1554 4436; x_wconf 86' lang='lat' dir='ltr'><strong>salbos</strong></span> <span class='ocrx_word' id='word_1_386' title='bbox 1578 4382 1642 4433; x_wconf 87' lang='lat' dir='ltr'><em>H</em></span> <span class='ocrx_word' id='word_1_387' title='bbox 1745 4399 1880 4446; x_wconf 79' lang='lat' dir='ltr'><strong>esse,</strong></span> <span class='ocrx_word' id='word_1_388' title='bbox 1909 4398 1975 4434; x_wconf 81' lang='lat' dir='ltr'><strong>m.</strong></span> <span class='ocrx_word' id='word_1_389' title='bbox 2002 4385 2040 4434; x_wconf 74' lang='lat'><strong><em>2</em></strong></span> <span class='ocrx_word' id='word_1_390' title='bbox 2068 4397 2123 4433; x_wconf 84' lang='lat' dir='ltr'><strong>se</strong></span> <span class='ocrx_word' id='word_1_391' title='bbox 2155 4397 2272 4434; x_wconf 83' lang='lat' dir='ltr'><strong>esse</strong></span> <span class='ocrx_word' id='word_1_392' title='bbox 2303 4380 2362 4432; x_wconf 79' lang='lat' dir='ltr'><em>E</em></span> <span class='ocrx_word' id='word_1_393' title='bbox 2462 4379 2588 4447; x_wconf 88' lang='lat' dir='ltr'><strong>hac]</strong></span> <span class='ocrx_word' id='word_1_394' title='bbox 2621 4395 2682 4431; x_wconf 80' lang='lat' dir='ltr'><strong>ac</strong></span> <span class='ocrx_word' id='word_1_395' title='bbox 2714 4375 2817 4444; x_wconf 67' lang='grc' dir='ltr'><strong>ΟΕ</strong></span> 
     </span>
    </p>
   </div>
   <div class='ocr_carea' id='block_1_5' title="bbox 3144 1005 3174 4748">
    <p class='ocr_par' dir='ltr' id='par_1_7' title="bbox 3144 1005 3174 4748">
     <span class='ocr_line' id='line_1_39' title="bbox 3144 1005 3174 4748; baseline 0 0"><span class='ocrx_word' id='word_1_396' title='bbox 3144 1005 3174 4748; x_wconf 95' lang='lat' dir='ltr'><strong> </strong></span> 
     </span>
    </p>
   </div>
  </div>
 </body>
</html>
