3184 4959
1128 406 1666 477 epistularum
1723 406 1879 462 CXX.
2528 411 2652 475 717

357 608 540 683 teret,
609 604 778 687 quod
843 604 920 668 de
995 604 1106 669 illo
1181 603 1490 687 seriptum
1556 606 1674 681 est,
1743 603 1891 686 quia
1956 604 2264 668 caelum
2329 623 2653 670 mensus

361 716 486 776 est
527 712 792 794 palmo
833 713 910 775 et
953 713 1250 775 terram
1294 710 1636 793 pugillo,
1688 710 1831 792 quis
1870 710 2037 775 enim
2078 710 2299 775 sedeat
2343 711 2407 775 in
2444 711 2653 795 spatio

359 817 554 902 palmi
592 818 692 883 sui
731 822 842 882 aut
877 818 940 881 in
979 820 1153 881 tanto
1189 817 1331 882 looo
1370 816 1564 900 pedes
1610 820 1825 899 ponat,
1868 820 2175 900 quantum
2214 818 2351 883 eius
2398 836 2653 902 pugnus

359 922 810 1007 adprehendit?
856 923 981 988 nisi
1025 924 1188 989 forte
1231 924 1294 987 in
1333 926 1586 988 tantum
1624 942 1768 990 earo
1807 942 1973 988 uana
2016 923 2437 1008 progreditur,
2483 926 2558 989 ut
2596 925 2653 989 ei

356 1032 592 1114 parum'
629 1031 716 1095 sit
760 1032 1032 1095 humana
1077 1030 1360 1096 membra
1406 1031 1805 1097 substantiae
1843 1030 1943 1096 dei
1980 1030 2278 1109 tribuere,
2329 1030 2384 1096 si
2422 1049 2495 1095 ea
2530 1048 2652 1096 non

357 1139 547 1204 etiam
605 1140 1009 1203 monstruosa
1065 1136 1399 1223 confingat,
1465 1138 1578 1202 ubi
1641 1138 1897 1219 palmus
1950 1136 2189 1201 lumbis
2245 1139 2311 1202 et
2364 1136 2652 1221 pugillus

239 1252 242 1255 ’
355 1244 588 1329 plantis
645 1242 952 1309 ambabus
1001 1242 1486 1327 coniunctisque
1543 1244 1631 1309 sit
1683 1244 1892 1308 latior.
1950 1242 2063 1309 sed
2116 1244 2271 1307 haec
2336 1242 2652 1321 dicuntum

169 1562 247 1623 15
272 1586 318 1625 ιο

269 2120 320 2159 15

356 1356 447 1428 ut,
487 1371 634 1417 oum
673 1350 797 1415 sibi
832 1368 953 1414 non
993 1350 1400 1427 conueniunt,
1439 1370 1601 1433 quae
1638 1351 1971 1415 carnaliter
2006 1349 2323 1427 audimm,
2364 1350 2457 1415 eis
2493 1350 2652 1432 ipsis

355 1458 661 1523 admoniti
705 1455 1112 1522 ineffabiliter
1157 1456 1467 1538 spiritalia
1512 1458 1893 1541 cogitemus.

446 1564 627 1630 Unde
675 1564 868 1629 etiam
926 1564 980 1627 si
1029 1581 1257 1647 eorpus
1306 1563 1564 1642 domini,
1615 1564 1787 1646 quod
1834 1563 1912 1628 de
1968 1564 2259 1646 sepulcro
2308 1563 2649 1627 excitatum

355 1670 602 1735 leuauit
661 1672 724 1733 in
784 1669 1050 1747 caelum,
1117 1688 1238 1735 non
1303 1670 1426 1735 nisi
1480 1670 1544 1735 in
1614 1671 1827 1754 specie
1890 1670 2169 1735 humana
2223 1668 2651 1751 membrisque

359 1778 738 1861 cogitamuS‚
793 1796 916 1843 non
963 1782 1174 1842 tamen
1229 1776 1322 1842 ita
1373 1777 1729 1859 putandum
1777 1780 1877 1842 est
1932 1776 2152 1842 sedere
2208 1775 2286 1841 ad
2333 1776 2648 1841 dexteram

356 1882 574 1967 patris,
621 1886 698 1949 ut
733 1883 792 1947 ei
836 1887 1015 1966 pater
1051 1882 1131 1948 ad
1179 1883 1501 1948 sinistram
1549 1882 1767 1947 sedere
1804 1883 2119 1948 uideatur.
2166 1881 2231 1945 in
2266 1881 2380 1946 illa
2416 1882 2649 1965 quippe

355 1990 765 2067 beatitudine,
815 2010 976 2073 quae
1023 2009 1270 2056 omnem
1327 1993 1587 2073 superat
1644 1990 1989 2055 humanum
2035 1988 2456 2067 intellectum,
2514 1987 2653 2053 sola

357 2097 608 2161 dextera
645 2100 745 2161 est
791 2100 856 2161 et
901 2095 1118 2161 eadem
1165 2095 1418 2161 dextera
1465 2095 1753 2161 eiusdem
1798 2094 2211 2161 beatitudinis
2258 2113 2485 2159 nomen
2531 2097 2650 2159 est.

353 2204 613 2287 proinde
651 2222 766 2269 neo
810 2202 994 2281 illud,
1033 2203 1204 2285 quod
1239 2205 1388 2285 post
1424 2202 1949 2267 resurrectionem
1990 2220 2171 2266 suam
2200 2200 2357 2264 dixit
2382 2200 2651 2266 Mariae:

355 2310 542 2376 Noli
589 2330 704 2377 me
750 2313 1107 2394 tangere,
1155 2308 1494 2374 nondum
1543 2308 1750 2373 enim
1797 2306 2131 2373 ascendi
2178 2307 2267 2371 ad
2316 2310 2647 2389 patrem,

353 2428 486 2483 tam
533 2415 802 2482 absurde
841 2414 1278 2499 accipiendum
1317 2418 1436 2491 est,
1485 2418 1559 2478 ut
1598 2413 2007 2479 aestimemus
2046 2430 2213 2491 eum,
2254 2432 2399 2479 eum
2438 2432 2652 2479 aseen-

356 2524 574 2602 disset‚
622 2522 906 2588 uoluisse
955 2542 990 2586 a
1033 2520 1287 2585 feminis
1333 2521 1530 2605 tangi,
1577 2520 1689 2604 qui
1736 2539 1803 2585 se
1852 2519 2235 2603 tangendum
2283 2520 2439 2585 uiris
2486 2524 2648 2597 ante,

356 2648 544 2713 quam
591 2628 978 2707 ascenderet,
1025 2627 1337 2711 praebuit.
1387 2626 1498 2691 sed
1535 2627 1775 2691 Mariae
1818 2626 2125 2709 profecto,
2172 2628 2238 2691 in
2276 2646 2403 2709 qua
2447 2626 2651 2711 figura

356 2737 623 2801 eeclesia
677 2740 795 2813 est,
852 2735 1102 2818 quando
1157 2734 1319 2800 illud
1375 2733 1552 2812 dixit,
1618 2734 1907 2819 intellegi
1963 2734 2172 2799 uoluit
2224 2736 2379 2799 tunc
2434 2753 2651 2799 aseen-

355 2844 526 2909 disse
583 2842 662 2909 ad
715 2846 978 2925 patrem,
1027 2860 1172 2907 eum
1225 2842 1412 2907 illum
1459 2841 1624 2924 patri
1680 2841 1983 2926 cognouit
2036 2840 2361 2923 aequalem
2420 2845 2483 2907 et
2534 2842 2651 2906 tali

353 2950 476 3015 fide
545 2949 732 3015 illum
807 2950 1145 3015 salubriter
1205 2948 1441 3033 tetigit,
1515 2966 1614 3027 ne,
1692 2948 1749 3012 si
1822 2948 1943 3012 hoe
2017 2946 2225 3013 solum
2294 2966 2439 3012 eum
2508 2966 2647 3013 esse

355 3058 653 3135 erederet,
722 3056 892 3139 quod
945 3057 1008 3121 in
1067 3075 1249 3121 earne
1316 3059 1711 3140 apparuerat,
1778 3075 1899 3120 non
1967 3056 2125 3119 bene
2180 3057 2487 3139 tangeret.
2555 3054 2649 3118 sio

289 3190 316 3229 5
352 3184 498 3231 eum
542 3165 854 3230 Photinus
910 3164 1264 3229 haereticus
1320 3162 1557 3247 tetigit,
1615 3162 1724 3244 qui
1781 3162 2099 3227 hominem
2155 3163 2403 3225 tantum
2460 3160 2647 3226 modo

354 3273 676 3338 Christum
726 3271 1013 3336 eredidit.

533 3521 556 3574 1
599 3520 686 3573 Es.
727 3519 814 3579 40,
856 3518 922 3571 12
1037 3516 1102 3569 12
1139 3516 1302 3571 Marc.
1345 3514 1429 3581 16,
1472 3514 1536 3569 19
1655 3480 1718 3567 1‘7
1758 3512 1875 3566 Ioh.
1914 3512 1999 3575 20,
2044 3512 2105 3564 17

425 3697 450 3749 1
492 3696 596 3764 est]
640 3698 724 3747 est
762 3696 944 3762 potest
987 3692 1094 3745 OT
1125 3690 1243 3747 edd.
1369 3691 1456 3759 qui
1498 3690 1552 3742 P
1587 3688 1707 3744 edd.
1788 3689 1822 3741 2
1868 3692 1953 3741 est
1989 3702 2093 3741 om.
2139 3685 2190 3740 Τ
2258 3686 2292 3740 3
2329 3684 2479 3739 loco·
2514 3684 2649 3753 (fuit

348 3790 404 3855 p)
442 3784 499 3838 Β
640 3787 674 3835 4
714 3798 854 3835 nana
891 3798 1014 3835 earo
1059 3778 1105 3833 Ο
1247 3780 1281 3833 5
1317 3796 1542 3848 paruum
1589 3778 1659 3831 Τι
1814 3778 1845 3829 7
1882 3775 2077 3845 palmis
2116 3773 2376 3827 ambabus
2419 3770 2649 3826 ΟΡΤΤι

349 3872 606 3926 ambabus
643 3870 838 3940 palmis
876 3870 996 3924 edd.
1180 3886 1282 3938 que
1318 3884 1422 3923 om.
1462 3866 1582 3922 edd.
1768 3867 1833 3921 fit
1874 3865 1920 3921 O
2062 3863 2095 3917 8
2134 3862 2471 3917 audin.,=·1.nmus
2511 3863 2646 3929 (rae.

347 3964 490 4015 1-—2
527 3962 584 4022 l.)
623 3961 680 4014 B
764 3961 824 4014 11
865 3961 970 4013 nisi
1008 3960 1086 4027 in]
1125 3958 1232 4011 nisi
1267 3957 1498 4013 ΟΡΤΤι
1535 3956 1657 4011 edd.
1786 3954 2021 4008 humana
2059 3952 2239 4021 specie
2283 3950 2333 4003 T
2416 3949 2481 4003 12
2520 3948 2645 4003 dex-

345 4055 486 4105 tram
531 4050 580 4103 T
689 4050 754 4104 13
793 4048 980 4102 sedere
1019 4046 1168 4115 (sede
1204 4048 1270 4100 in
1301 4062 1432 4109 ras..
1471 4062 1527 4099 re
1563 4062 1607 4099 ε.
1645 4049 1725 4111 u.)
1765 4044 1820 4097 P
1959 4042 2079 4111 illa]
2118 4041 2217 4094 hae
2264 4038 2333 4092 Τι
2446 4039 2509 4093 15
2546 4054 2645 4091 no-

345 4141 528 4193 minum
570 4143 704 4204 (ras.
741 4142 886 4191 1-2
923 4136 999 4207 1.),
1035 4140 1164 4193 m.2
1199 4152 1394 4190 nomen
1432 4134 1486 4188 B
1653 4135 1718 4187 17
1758 4136 1965 4203 patrem
2001 4146 2181 4185 meum
2218 4128 2347 4183 ΡΤι
2384 4126 2505 4181 edd.
2543 4142 2642 4180 sec.

355 4228 510 4299 γαῖα.
687 4226 752 4281 18
793 4226 1159 4281 existimemus
1197 4224 1316 4279 edd.
1499 4224 1572 4278 20
1607 4223 1847 4291 figurata
1887 4218 2119 4276 ΟΡΤΤ1
2160 4218 2281 4274 edd.
2454 4216 2521 4269 21
2562 4218 2647 4269 est

347 4317 574 4371 ecelesia
618 4316 668 4369 T
773 4316 842 4369 26
883 4314 1158 4370 Christum
1196 4329 1298 4367 om.
1345 4310 1498 4365 OPT
1535 4312 1659 4365 edd.
