3184 4959
1192 449 1723 519 epistularum
1778 447 1885 503 CV.
2580 454 2711 518 609

412 646 623 708 tamen
672 663 890 710 eorum
947 664 1069 709 non
1127 644 1695 722 communicemus,
1754 645 1923 727 quod
1974 665 2097 710 non
2154 645 2229 710 fit
2282 647 2405 711 nisi
2454 666 2711 712 consen-

413 751 624 816 tiendo
691 756 754 817 et
820 751 1136 818 fanendo?
1213 752 1306 817 sic
1373 752 1540 817 enim
1606 771 1715 818 eos
1788 753 1851 816 in
1918 753 2043 819 isto
2120 753 2378 833 mundo,
2452 755 2517 819 in
2586 774 2709 838 quo

413 858 684 924 ecclesia
729 859 1046 924 catholica
1090 878 1203 941 per
1249 877 1468 924 omnes
1526 862 1749 943 gentes
1798 858 2191 937 diffunditur,
2250 880 2437 943 quem
2486 881 2707 946 agrum

414 982 600 1029 suum
659 964 953 1029 dominus
1011 964 1188 1042 dicit,
1251 967 1580 1046 tamquam
1640 963 1879 1028 zizania
1930 964 2093 1029 inter
2144 966 2429 1032 triticum
2483 968 2591 1032 uel
2644 968 2709 1032 in

349 1094 376 1133 ⁵
414 1071 530 1136 hac
585 1071 848 1136 unitatis
907 1090 1048 1135 area
1101 1074 1431 1152 tamquam
1493 1071 1743 1154 paleam
1808 1070 2122 1136 frumento
2177 1073 2551 1154 permixtam
2604 1077 2711 1140 uel

408 1176 578 1242 intra
630 1179 792 1242 retia
845 1178 1028 1243 uerbi
1085 1181 1150 1242 et
1213 1177 1592 1244 sacramenti
1649 1180 1973 1259 tamquam
2029 1178 2231 1243 malos
2296 1180 2505 1262 pisces
2563 1199 2709 1246 cum

411 1284 594 1349 bonis
650 1285 932 1350 inclusos
981 1303 1184 1367 usque
1235 1284 1313 1349 ad
1359 1287 1617 1366 tempus
1664 1285 1892 1348 messis
1950 1287 2063 1349 aut
2116 1285 2551 1353 uentilationis
2598 1291 2711 1352 aut

409 1391 618 1455 litoris
662 1390 1032 1470 toleramus,
1086 1410 1164 1456 ne
1220 1393 1477 1474 propter
1517 1390 1667 1454 illos
1718 1391 2107 1456 eradicemus
2156 1397 2221 1457 et
2265 1392 2551 1458 triticum
2599 1397 2711 1458 aut

413 1514 606 1580 grana
668 1497 838 1562 nuda
902 1501 1046 1562 ante
1101 1500 1356 1582 tempus
1413 1497 1491 1561 de
1557 1515 1699 1562 area
1763 1501 2048 1579 separata
2110 1517 2237 1563 non
2298 1498 2363 1563 in
2417 1499 2709 1564 horreum

321 1629 374 1667 ιο
409 1603 722 1668 mittenda
765 1622 1132 1689 purgemus,
1182 1603 1294 1668 sed
1343 1603 1715 1667 uolatilibus
1766 1603 2123 1688 colligenda
2168 1604 2551 1687 proiciamus
2599 1610 2711 1672 aut

414 1708 716 1791 disruptis
792 1729 903 1794 per
976 1711 1324 1774 schismata
1393 1709 1661 1786 retibuS,
1736 1709 1887 1774 dum
1964 1711 2145 1792 quasi
2220 1712 2423 1776 malos
2498 1712 2707 1794 pisces

411 1833 734 1895 cauemuS,
782 1817 846 1880 in
893 1837 1065 1882 mare
1112 1817 1500 1898 perniciosae
1547 1816 1865 1882 libertatis
1914 1835 2228 1882 exeamus.
2286 1821 2543 1900 propter
2587 1819 2709 1885 hoc

411 1922 576 1986 enim
618 1922 717 1987 his
755 1926 946 2005 atque
985 1923 1128 1988 aliis
1167 1923 1697 1988 similitudinibus
1736 1923 2029 1989 dominus
2068 1943 2399 1990 seruorum
2446 1944 2708 1990 suorum

410 2027 810 2094 tolerantiam
867 2029 1286 2106 confirmauit,
1350 2049 1449 2107 ne,
1516 2030 1671 2095 dum
1744 2049 1813 2094 se
1886 2030 2037 2095 boni
2100 2033 2333 2112 putant
2393 2032 2706 2097 malorum

321 2159 372 2201 ιε,
409 2136 822 2217 permixtione
879 2137 1140 2221 culpari,
1205 2157 1318 2220 per
1372 2137 1682 2201 humanas
1739 2141 1803 2200 et
1855 2137 2221 2202 temerarias
2280 2138 2708 2204 dissensiones

411 2245 524 2306 aut
576 2244 878 2323 paruulos
934 2244 1201 2326 perdant
1256 2247 1369 2308 aut
1419 2243 1675 2326 paruuli
1727 2247 2005 2324 pereant.
2065 2242 2233 2325 quod
2290 2263 2493 2326 usque
2550 2245 2705 2310 adeo

411 2349 702 2414 caelestis
765 2352 1074 2435 magister
1128 2351 1481 2416 cauendum
1536 2349 1956 2433 praemonuit,
2024 2352 2099 2413 ut
2152 2351 2341 2414 etiam
2402 2350 2477 2415 de
2532 2371 2708 2434 prae-

407 2455 635 2536 positis
670 2458 854 2522 malis
892 2458 1143 2539 plebem
1183 2477 1470 2523 securam
1508 2458 1767 2534 faceret,
1805 2476 1882 2521 ne
1919 2459 2178 2538 propter
2210 2456 2358 2522 illos
2390 2456 2707 2523 doctrinae

411 2561 708 2625 salutaris
765 2563 1064 2628 cathedra
1129 2563 1538 2641 desereretur,
1604 2564 1666 2626 in
1734 2581 1859 2644 qua
1923 2565 2235 2645 coguntur
2301 2562 2489 2626 etiam
2556 2564 2709 2628 mali

319 2686 376 2725 20
415 2666 576 2732 bona
631 2668 858 2734 dicere.
919 2689 1122 2753 neque
1171 2671 1336 2734 enim
1386 2689 1503 2734 sua
1548 2672 1721 2747 sunt,
1771 2687 1930 2750 quae
1978 2667 2217 2736 dicunt,
2269 2666 2380 2732 sed
2428 2668 2549 2747 dei,
2599 2671 2706 2750 qui

409 2771 474 2836 in
531 2775 829 2840 cathedra
883 2776 1148 2842 unitatis
1207 2775 1556 2841 doctrinam
1619 2775 1840 2858 posuit
1902 2773 2213 2838 ueritatis.
2280 2773 2541 2855 proinde
2594 2775 2705 2840 ille

410 2899 594 2946 uerax
653 2886 716 2946 et
770 2883 910 2966 ipsa
965 2883 1202 2947 ueritas
1253 2883 1328 2946 de
1383 2881 1765 2965 praepositis
1822 2899 1939 2944 sua
1996 2879 2159 2944 mala
2214 2879 2593 2945 facientibus
2644 2886 2707 2946 et

411 2985 513 3050 dei
587 2989 753 3054 bona
827 2989 1183 3054 dicentibus
1260 2988 1378 3054 ait:
1458 2985 1673 3066 Quae
1750 2988 2055 3066 dicunt,
2140 2988 2425 3062 facite;
2504 3007 2703 3070 quae

410 3098 678 3159 autem
738 3096 1082 3172 faciunt,
1138 3095 1410 3160 facere
1467 3094 1757 3170 nolite;
1818 3093 2102 3158 dicunt
2156 3094 2361 3158 enim
2423 3097 2501 3157 et
2555 3112 2703 3158 non

317 3219 370 3259 85
409 3201 748 3268 faciunt.
789 3223 909 3267 non
939 3203 1164 3285 utique
1195 3202 1460 3266 diceret:
1494 3199 1709 3280 Quae
1748 3201 2086 3276 faciunt,
2116 3199 2383 3264 facere
2422 3199 2702 3277 nolite,

407 3308 529 3372 nisi
576 3309 912 3374 manifesta
960 3311 1174 3374 essent
1220 3310 1406 3387 mala,
1459 3328 1619 3391 quae
1665 3308 1925 3373 faciunt.

583 3572 618 3624 3
665 3571 860 3624 Matth.
912 3571 995 3634 13,
1046 3570 1114 3625 38
1349 3571 1384 3624 4
1429 3569 1627 3624 Matth.
1680 3569 1763 3630 13.
1812 3567 2050 3633 24—303
2099 3569 2150 3634 3,
2204 3567 2295 3632 123
2350 3568 2431 3634 13,
2488 3565 2701 3620 47-48

406 3661 474 3714 23
510 3659 709 3714 Matth.
750 3659 834 3724 23,
875 3660 908 3713 3

479 3820 502 3871 1
545 3817 630 3887 fit]
673 3818 746 3871 sit
775 3819 828 3872 A
910 3819 943 3870 ὃ
981 3817 1141 3887 palea
1175 3817 1443 3870 frumento
1481 3816 1800 3887 permixtam
1839 3814 1893 3867 A
1932 3813 2088 3883 palea
2124 3813 2394 3866 frumento
2435 3812 2702 3882 permixta

403 3906 513 3962 FR
549 3907 760 3976 paleam
801 3907 1116 3976 permixtam
1159 3905 1428 3960 frumento
1469 3904 1588 3960 edd.
1727 3905 1759 3958 8
1792 3906 2099 3978 *teneamua
2139 3917 2278 3954 corr.
2316 3918 2385 3954 m.
2408 3906 2439 3952 1
2478 3899 2699 3953 tollera-

401 4013 520 4050 mus
557 3996 632 4049 M
843 3995 1230 4057 heredicemus,
1277 4011 1346 4047 m.
1376 3997 1412 4047 2
1459 3993 1791 4048 eradicemus
1838 3991 1899 4045 F
2111 3992 2167 4044 et
2212 3989 2457 4043 triticum
2494 4004 2595 4042 om.
2641 3989 2707 4040 M

403 4086 434 4138 9
472 4085 620 4139 nuda
658 4088 750 4150 (tv
789 4084 954 4153 eras.)
989 4082 1044 4137 R
1190 4085 1407 4152 separat
1444 4098 1625 4136 annon
1662 4082 1717 4134 A
1841 4081 1907 4134 16
1946 4097 2070 4150 quo,
2110 4095 2248 4133 corr.
2287 4095 2355 4130 m.
2379 4082 2410 4130 1
2451 4075 2594 4147 quod
2632 4076 2705 4129 M

401 4174 470 4226 20
508 4175 623 4243 qui]
665 4189 800 4242 quos
829 4175 884 4226 A
993 4173 1058 4226 21
1100 4173 1187 4224 in*
1216 4172 1502 4226 cathedra·
1533 4175 1579 4224 (s
1618 4187 1758 4226 eras,
1782 4168 1831 4236 ἓ)
1863 4170 1920 4223 Ρ
2025 4168 2273 4222 doctrina
2309 4167 2365 4221 A
2473 4165 2543 4219 22
2580 4165 2701 4234 ipsa

403 4266 458 4326 (a
493 4279 560 4316 ex
593 4277 726 4326 ras„
761 4263 935 4330 fuisse
969 4262 1085 4315 uid.
1126 4267 1208 4328 ae)
1249 4261 1304 4314 P
1338 4262 1452 4331 ipse
1489 4261 1601 4314 FA
1642 4275 1726 4313 ac
1823 4260 1891 4314 26
1929 4256 2360 4320 manifestasent,
2400 4270 2539 4310 corr.
2578 4269 2647 4307 m.
2672 4257 2701 4304 1

399 4349 844 4404 manifestassent
879 4349 939 4403 F
969 4350 1257 4404 manifesta
1295 4351 1406 4404 sint
1445 4351 1496 4402 A

453 4477 686 4524 xxxnn.
709 4477 826 4527 Aug.
847 4481 954 4518 nect.
985 4477 1032 4517 11
1061 4486 1166 4525 pars
1185 4477 1227 4516 8.
2558 4448 2629 4502 39
