3184 4959
508 441 637 510 552
1213 445 1599 500 S.·Aureli
1655 446 2097 516 Augustini

503 640 604 704 lex
666 640 1045 706 Iudaeorum
1110 642 1404 724 apparuit
1468 663 1539 708 ae
1612 641 1828 727 uiguit
1897 645 2170 728 angusta
2234 641 2450 726 Syriae
2520 641 2800 727 regione,

503 749 727 829 postea
772 767 921 813 uero
970 749 1287 832 prorepsit
1330 749 1523 816 etiam
1568 750 1636 815 in
1681 749 1840 817 fines
1878 750 2076 815 Italos
2125 749 2238 817 sed
2281 753 2432 834 post
2467 747 2801 815 Caesarem

508 851 743 918 Gaium
832 857 945 918 aut
1018 857 1187 920 certe
1265 856 1407 939 ipso
1491 857 1862 939 imperante.
1946 857 2100 938 quid
2167 855 2368 941 igitur
2437 858 2651 921 aetum
2721 853 2800 922 (le

504 959 807 1026 Romanis
856 961 1084 1026 animis
1138 963 1247 1027 uel
1288 963 1554 1042 Latmia,
1611 983 1773 1046 quae
1828 965 2034 1048 gratia
2078 963 2359 1029 nondum
2406 962 2802 1028 aduenientis

507 1065 743 1130 Christi
790 1066 1087 1134 uiduatae
1134 1071 1287 1133 sunt
1332 1088 1533 1151 usque
1578 1069 1644 1133 in
1695 1067 2033 1134 Caesarum
2081 1071 2401 1154 tempus‘?’
2865 1091 2893 1129 ⁵

444 1170 483 1233 9
593 1173 762 1237 Huic
807 1175 1225 1256 propositioni
1270 1175 1710 1259 respondetur,
1765 1179 1842 1240 ut
1885 1175 2087 1259 primo
2139 1177 2263 1259 ipsi
2309 1177 2539 1256 dicant,
2585 1181 2801 1242 utrum

502 1279 854 1362 profuerint
924 1281 1287 1347 hominibus
1362 1283 1625 1348 deorum
1693 1301 1952 1348 suorum
2031 1301 2228 1362 sacra,
2314 1303 2476 1366 quae
2553 1287 2806 1350 constat

506 1387 699 1452 certis
751 1387 1147 1471 temporibus
1201 1388 1519 1456 instituta.
1578 1408 1741 1472 quae
1797 1389 1862 1453 si.
1908 1393 2143 1474 negant
2189 1389 2426 1473 aliquid
2485 1391 2802 1474 profuisse

506 1493 585 1558 ad
638 1494 991 1558 animarum
1046 1497 1342 1573 salutem,
1399 1495 1730 1561 nobiseum
1782 1515 1856 1560 ea
1901 1496 2241 1560 destruunt
2288 1500 2352 1561 et
2397 1516 2538 1562 esse
2591 1496 2803 1562 inania

501 1601 907 1668 confitentur.
972 1621 1087 1667 nos
1156 1604 1411 1685 quidem
1480 1603 1672 1668 etiam
1737 1603 2091 1686 perniciosa
2153 1606 2612 1681 monstramus3
2690 1603 2804 1669 sed
2845 1622 2898 1660 ιο

500 1727 727 1792 parum
793 1727 915 1773 non
982 1713 1101 1788 est,
1176 1712 1253 1774 ut
1322 1710 1447 1792 ipsi
1510 1709 1764 1775 interim
1827 1710 2002 1793 prius
2066 1710 2277 1775 inania
2339 1709 2678 1776 fateantur.
2747 1715 2804 1779 si

503 1835 657 1881 uero
716 1835 791 1880 ea
836 1814 1185 1881 defendunt
1231 1821 1296 1881 et
1352 1817 1667 1901 sapienter
1721 1801 1913 1901 atque
1970 1816 2218 1882 utiliter
2271 1817 2573 1882 adserunt
2623 1816 2804 1884 insti-

503 1925 667 2000 tuta,
735 1941 987 2006 quaero,
1053 1923 1208 2006 quid
1264 1927 1478 1990 actum
1543 1924 1631 1989 sit
1687 1924 1763 1988 de
1829 1924 1952 2000 his,
2020 1923 2130 2007 qui
2195 1925 2358 2002 ante,
2409 1944 2600 2006 quam
2645 1925 2804 1990 haee

500 2029 799 2093 instituta
872 2033 1104 2108 essent,
1178 2033 1383 2095 morte
1458 2030 1777 2106 obierunt;
1863 2030 1981 2095 hae
2056 2031 2224 2094 enim
2297 2031 2522 2114 utique
2597 2033 2804 2096 salute

506 2136 697 2216 atque
744 2134 1025 2200 utilitate
1081 2135 1359 2200 fraudati
1414 2138 1586 2200 sunt.
1645 2137 1702 2200 si
1757 2140 1972 2201 autem
2027 2139 2373 2219 potuerunt
2431 2137 2556 2202 alio
2611 2137 2802 2202 modo
2837 2155 2892 2194 ιε

506 2241 783 2325 purgari,
840 2259 953 2306 cur
995 2263 1118 2308 non
1165 2243 1335 2307 idem
1380 2243 1612 2308 modus
1659 2242 2098 2326 perseuerauit
2141 2245 2206 2308 in
2261 2247 2592 2327 posteros?
2649 2243 2804 2327 quid

507 2367 669 2431 opus
726 2351 861 2412 erat
913 2349 1247 2415 instituere
1312 2350 1588 2415 nouitias
1649 2351 2174 2430 consecrationeS,
2232 2369 2390 2433 quae
2447 2351 2801 2434 antiquitus

508 2474 631 2519 non
678 2454 977 2520 fuerunt?

404 2567 487 2630 10
596 2560 719 2626 Hic
796 2563 850 2627 si
917 2561 1137 2628 dieunt
1202 2563 1353 2629 deos
1420 2565 1678 2646 quidem
1751 2564 1928 2646 ipsos
2002 2583 2250 2645 semper
2319 2563 2524 2628 fuisse
2587 2565 2650 2628 et
2723 2561 2802 2626 ad

508 2666 865 2734 liberandos
931 2671 1209 2736 cultores
1289 2690 1441 2736 suos
1513 2671 1748 2752 pariter
1821 2671 2058 2754 ubique
2123 2671 2428 2751 ualuisse,
2503 2671 2612 2736 sed
2687 2688 2801 2753 pro
2843 2689 2902 2730 20

506 2773 814 2838 uarietate
888 2795 1099 2841 rerum
1170 2777 1620 2860 temporalium
1695 2797 1766 2842 ac
1840 2780 2244 2854 terrenarum,
2331 2797 2490 2860 quae
2571 2777 2807 2842 seirent

510 2881 699 2945 certis
773 2884 1168 2965 temporibus
1250 2884 1538 2967 locisque
1613 2903 1978 2968 congruere,
2061 2884 2124 2948 in
2207 2883 2308 2948 his
2382 2885 2538 2949 alias
2611 2885 2802 2966 atque

510 2987 667 3052 alias
716 2988 868 3053 alibi
916 2992 1105 3073 atque
1153 2991 1304 3055 alibi
1354 2991 1538 3054 aliter
1584 2996 1774 3073 atque
1823 2991 2006 3055 aliter
2053 2991 2176 3055 sibi
2221 2990 2508 3056 uoluisse
2559 2989 2803 3068 seruiri,

512 3113 623 3159 our
683 3095 845 3160 hanc
901 3097 1337 3179 quaestionem
1400 3098 1701 3182 ingerunt
1753 3097 2046 3181 religioni
2105 3096 2518 3176 Christianae,
2567 3098 2631 3160 in
2680 3115 2804 3179 qua

584 3287 607 3340 1
653 3287 722 3341 ad
756 3287 952 3357 inguit,
990 3305 1057 3345 m.
1082 3291 1121 3343 2
1156 3292 1213 3342 et
1248 3289 1429 3358 uiguit
1460 3288 1511 3344 G
1658 3289 1691 3342 2
1730 3289 1896 3342 etiam
1933 3304 2035 3342 om.
2079 3287 2128 3342 0
2283 3288 2390 3343 fine
2427 3289 2635 3356 sitalos,
2671 3291 2803 3341 m.2

508 3377 643 3430 fines
679 3378 843 3431 italos
880 3378 991 3433 PG
1170 3380 1203 3432 3
1242 3380 1415 3434 caium
1460 3378 1563 3434 ΟΕ
1597 3379 1716 3435 edd.
1899 3379 2091 3448 igitur]
2133 3377 2332 3433 dieitur
2373 3379 2418 3432 G
2595 3379 2798 3447 aetum]

510 3470 791 3536 acceptum
830 3470 885 3534 (a
921 3468 986 3520 in
1020 3473 1157 3534 ras.)
1198 3467 1259 3520 E
1458 3471 1495 3522 4
1532 3469 1747 3535 animis,
1783 3485 1852 3521 m.
1874 3471 1914 3522 2
1947 3468 1976 3520 λ’
2013 3467 2300 3522 animabus
2333 3467 2389 3520 P
2423 3466 2634 3531 animis,
2672 3483 2741 3520 m.
2764 3469 2804 3519 2

512 3555 792 3608 animabus
835 3555 887 3610 G
923 3556 1205 3610 animabus
1242 3557 1453 3612 Alrm
1633 3557 1724 3610 uel
1767 3557 1979 3610 Latinis
2016 3573 2119 3611 om.
2157 3557 2218 3611 E
2366 3559 2398 3610 5
2439 3571 2711 3610 cesaream
2749 3557 2803 3608 A

504 3646 545 3699 6
581 3644 969 3698 huie—dicant
993 3661 1094 3700 om.
1126 3645 1180 3699 A
1288 3647 1322 3700 8
1348 3651 1670 3716 temporum,
1707 3664 1776 3700 m.
1799 3649 1838 3700 2
1872 3647 1900 3699 l
1933 3646 2272 3716 temporibus
2299 3645 2354 3698 Ρ
2480 3644 2721 3698 infutura
2749 3645 2800 3698 A

584 3749 749 3803 quaes
774 3734 779 3804 Ι
806 3735 1032 3803 inegant
1066 3735 1135 3787 H
1238 3736 1272 3789 9
1311 3735 1379 3788 ad
1416 3752 1535 3799 om.,
1572 3753 1643 3789 m.
1667 3739 1706 3788 2
1743 3734 1875 3788 add.
1905 3734 1962 3788 P
2101 3735 2349 3796 salutem,
2389 3750 2526 3788 corr.
2563 3733 2731 3787 saluti
2761 3733 2808 3786 C

512 3823 577 3876 11
618 3841 725 3877 non
763 3840 866 3878 om.
903 3826 958 3878 A
1128 3825 1347 3878 interim
1383 3825 1552 3895 prius]
1590 3814 1678 3880 int
1712 3826 1863 3895 prius
1899 3826 1955 3880 P
1989 3826 2132 3878 inter
2167 3824 2363 3894 impios
2407 3823 2458 3878 G
2618 3823 2802 3876 inania

510 3912 657 3982 prius
694 3913 756 3966 Ε
924 3915 990 3967 12
1030 3912 1161 3966 eade
1201 3912 1502 3967 defendunt
1544 3913 1596 3968 G
1771 3915 1836 3969 13
1874 3915 1969 3984 qui
2006 3931 2108 3968 om.
2147 3913 2208 3966 E
2374 3913 2439 3966 14
2477 3916 2704 3964 mortem
2743 3910 2801 3964 Η

583 4002 849 4065 abierunt,
897 4020 967 4056 m.
999 4006 1038 4055 2
1084 4001 1337 4056 obierunt
1388 4003 1439 4057 G
1653 4003 1788 4058 haec
1834 4003 1909 4058 M
1955 4003 2044 4073 (m.
2076 4007 2116 4056 2
2160 4001 2241 4071 hi)
2293 4001 2345 4055 G
2393 4003 2482 4068 (m.
2512 4003 2552 4053 2
2588 4003 2710 4066 nec)
2748 3999 2809 4053 Ε

582 4090 801 4161 utiquae
840 4093 903 4144 H
1010 4094 1074 4147 15
1112 4092 1362 4146 fraudate
1400 4093 1463 4146 Ε
1584 4093 1715 4163 alio]
1755 4093 1858 4146 hoc
1885 4093 1948 4146 Ε
2054 4094 2118 4146 17
2157 4091 2430 4164 no„uicias
2467 4091 2612 4160 (suit
2646 4095 2704 4154 n)
2735 4088 2808 4143 M

510 4198 680 4235 nouas
702 4183 763 4235 E
856 4183 926 4234 22
966 4182 1099 4236 alias
1140 4187 1303 4252 atque
1343 4182 1494 4243 alias,
1532 4199 1603 4238 m,⁴
1627 4187 1666 4236 2
1695 4183 1831 4236 alios
1861 4186 2023 4251 atque
2065 4182 2199 4236 alios
2233 4181 2285 4235 G
2385 4181 2452 4234 23
2483 4179 2618 4233 alias
2649 4179 2800 4250 alibi]

514 4270 649 4324 alias
688 4277 811 4337 (om.
852 4271 1005 4342 alibi)
1043 4271 1099 4325 P
1248 4272 1379 4325 alibi
1428 4272 1589 4326 aliter
1636 4277 1798 4340 atque
1845 4288 1947 4326 om.
1987 4271 2048 4324 E
2187 4272 2258 4325 24
2297 4267 2639 4324 Christianae
2677 4267 2800 4321 reli—

512 4362 663 4430 gioni
700 4363 959 4429 ingerunt
996 4359 1117 4415 edd.
