3184 4959
1178 481 1703 551 epistularum
1760 482 1978 537 XXXII.
2649 491 2729 555 17

709 696 810 741 me
855 680 1105 759 praeter
1151 678 1403 760 gemino
1451 678 1713 743 flumine
1760 680 2103 763 prolueris:

609 786 808 849 frater
848 784 1116 867 Alypius
1164 788 1265 848 est
1309 782 1841 869 Augustinusque
1886 788 2212 873 magister,

711 892 1032 975 sanguinis
1081 891 1186 955 hic
1234 910 1512 969 consorS,
1563 893 1667 956 hic
1718 898 1889 958 sator
1934 894 2193 979 ingenii.

449 1014 536 1068 85
617 1000 794 1062 tanto
842 998 1031 1062 fratre
1081 996 1256 1061 uales
1307 1000 1372 1060 et
1415 1000 1843 1081 praeceptore,
1893 1000 2159 1077 Licenti,

327 1128 360 1161 5
714 1108 775 1168 et
821 1104 1073 1169 dubitas
1119 1104 1342 1187 pennis
1390 1106 1627 1193 talibus
1676 1110 1846 1171 astra
1892 1110 2115 1191 sequi?

617 1211 923 1294 quicquid
961 1230 1111 1297 agas
1149 1250 1234 1257 —
1273 1231 1418 1276 nam
1457 1215 1518 1277 te
1557 1232 1673 1277 nec
1722 1217 1933 1297 speret
1977 1216 2252 1281 mundus
2302 1217 2578 1281 amicum
2625 1255 2731 1295 —-,

709 1336 830 1383 non
881 1318 1128 1383 daberis
1165 1323 1368 1383 terrae
1418 1319 1633 1385 debita
1681 1320 1933 1387 Christo
1983 1322 2209 1387 anima.

615 1430 690 1491 tu
737 1426 1052 1491 thalamos
1099 1425 1255 1491 licet
1301 1430 1365 1491 et
1411 1427 1617 1491 celsos
1665 1428 1994 1493 mediteris
2044 1428 2311 1493 honores

455 1550 542 1604 9ο
709 1553 896 1613 nunc,
944 1534 1092 1598 olim
1145 1534 1398 1598 domino
1445 1534 1785 1599 restituere
1832 1538 1967 1601 tue.

307 1658 371 1695 ιο
625 1640 804 1705 credo
851 1660 1051 1704 unum
1101 1640 1357 1705 uincent
1403 1642 1560 1705 iusti
1610 1642 1735 1707 duo
1784 1646 2178 1724 peccatorem

709 1750 774 1811 et
819 1750 932 1811 tua
974 1747 1284 1811 fraternae
1331 1752 1483 1813 uota
1529 1766 1749 1829 preces
1798 1749 2073 1833 abigent.

619 1873 770 1939 ergo
817 1854 972 1930 redi,
1020 1874 1144 1935 qua
1191 1872 1350 1919 uoce
1397 1874 1642 1937 parens,
1693 1874 1816 1937 qua
1864 1856 2169 1941 sanguine
2216 1856 2426 1933 frater,

708 1960 894 2024 ambo
943 1960 1324 2037 sacerdotes,
1371 1964 1436 2025 te
1481 1980 1759 2026 remeare
1806 1962 2047 2029 iubent.

459 2086 541 2138 95
619 2068 698 2131 ad
746 2071 859 2131 tua
903 2071 966 2131 te
1011 2068 1358 2145 retrahunt,
1410 2086 1554 2131 nam
1604 2088 1769 2134 nunc
1818 2069 2021 2134 aliena
2066 2071 2371 2153 petessi83

313 2189 378 2227 1⁵
709 2175 867 2238 haec
913 2194 1117 2258 mage,
1167 2192 1327 2257 quae
1374 2174 1649 2239 retinent
1693 2195 1887 2258 regna
1932 2177 2048 2253 tui,
2098 2180 2211 2241 tua
2260 2180 2426 2242 sunt.

617 2280 776 2345 haec
823 2284 1052 2364 repete,
1101 2280 1202 2345 his
1251 2280 1442 2359 inhia,
1492 2282 1762 2347 externis
1809 2302 1886 2346 ne
1935 2285 2185 2349 contere
2230 2287 2517 2366 tempus;

709 2388 766 2451 si
811 2392 924 2451 tua
968 2386 1270 2463 nolueri8‚
1319 2388 1655 2471 quisquam
1703 2389 1909 2454 aliena
1954 2391 2171 2455 dabit?

615 2512 743 2557 non
794 2494 913 2557 eris
961 2495 1098 2578 ipse
1145 2498 1300 2559 tuus
1349 2495 1714 2577 missusque
1760 2516 1874 2578 per
1921 2498 2129 2561 extera
2175 2496 2359 2581 longe

424 2618 540 2673 100
710 2602 1004 2665 sensibus
1052 2601 1204 2665 heu!
1255 2602 1491 2685 proprii
1537 2602 1813 2685 pectoris
1863 2604 2003 2667 exul
2051 2622 2223 2687 ages.

310 2722 382 2760 2⁰
619 2708 974 2773 sollicitum
1027 2708 1186 2773 satis
1233 2708 1388 2772 haec
1436 2712 1582 2773 nato
1634 2708 1942 2773 cecinisse
1988 2712 2332 2793 parentem,

708 2814 860 2877 dum
905 2812 1044 2889 tibi,
1095 2832 1254 2895 quae
1303 2814 1613 2890 mihimet,
1664 2816 1767 2878 uel
1817 2815 1963 2878 uolo
2012 2814 2118 2878 uel
2167 2818 2402 2881 metu0.

615 2921 774 2985 haec
823 2920 960 2997 tibi,
1011 2920 1065 2984 si
1113 2920 1366 3002 recipis,
1414 2921 1576 2985 feret
1623 2922 1775 2986 olim
1822 2921 2053 3004 pagina
2099 2922 2327 2998 uitam3

709 3026 764 3090 si
810 3028 1088 3105 rennuis,
1137 3026 1352 3091 eadem
1403 3028 1558 3092 haec
1606 3028 1837 3113 pagina
1884 3029 2069 3093 testis
2119 3029 2256 3093 erit.

433 3152 539 3205 105
613 3134 1002 3198 incolumem
1045 3134 1206 3197 mihi
1250 3138 1337 3213 te,
1385 3134 1476 3198 fili
1525 3134 1869 3213 carissime,
1922 3134 2214 3200 Christus

313 3254 386 3291 ²5
709 3243 944 3305 annuat
992 3244 1055 3306 et
1102 3261 1358 3306 seruum
1408 3242 1516 3307 det
1564 3242 1687 3306 sibi
1735 3244 2061 3325 perpetuo.

505 3506 533 3557 1
570 3502 818 3571 *gemino
859 3508 914 3568 (a
951 3506 1112 3568 eras.)
1153 3502 1208 3555 P
1313 3506 1344 3557 5
1385 3503 1641 3556 dubitans
1678 3502 1753 3557 M
1890 3502 2071 3573 pinnis
2100 3502 2165 3556 K
2308 3506 2427 3556 asta
2453 3502 2506 3554 A
2606 3504 2638 3556 6
2678 3504 2734 3555 te

425 3609 560 3653 ont„
602 3608 647 3645 s.
687 3608 742 3643 u.
781 3591 912 3645 add.
951 3590 1163 3661 (φη-,19)
1201 3590 1276 3645 Μ
1424 3594 1606 3661 sperat
1644 3591 1763 3643 MA
1907 3591 2111 3645 munda
2156 3590 2202 3643 C
2383 3591 2446 3644 10
2487 3588 2641 3643 crede
2680 3590 2736 3643 R

501 3681 698 3735 uiccnt
733 3680 805 3735 M
840 3684 999 3746 (corr.
1020 3698 1090 3733 m.
1111 3684 1141 3733 1
1177 3682 1418 3747 uincent)
1448 3681 1505 3733 P
1531 3686 1619 3746 (m.
1642 3682 1683 3733 2
1710 3679 1950 3745 uincent)
2033 3679 2093 3732 11
2127 3683 2187 3731 tu
2217 3679 2270 3731 A
2380 3676 2661 3745 ambigent
2696 3674 2743 3728 Ο

432 3774 500 3825 12
533 3768 679 3823 *redi
720 3772 772 3837 (c
809 3786 950 3824 eras.
971 3768 1020 3835 ?)
1064 3786 1170 3838 qua
1204 3771 1260 3824 P
1293 3769 1502 3838 reliqua
1537 3768 1606 3821 K
1708 3785 1902 3838 parens
1940 3774 2047 3838 qua
2082 3768 2174 3839 (ev
2203 3765 2367 3837 eras.)
2402 3767 2477 3820 M
2550 3766 2613 3819 14
2645 3781 2737 3834 pe-

427 3859 638 3923 tesisis,
675 3876 743 3915 m.
767 3863 807 3913 2
843 3860 1075 3929 petescis
1112 3860 1140 3912 1
1175 3860 1396 3930 petiscis
1433 3859 1488 3912 P
1521 3860 1755 3929 pet-isses
1792 3858 1972 3913 MAR
2008 3859 2129 3912 edd,
2161 3863 2389 3926 praeter
2414 3873 2469 3908 m
2506 3854 2739 3925 petescis

421 3967 484 4003 m
525 3947 720 4019 petisti
763 3948 811 4002 0
992 3949 1056 4003 15
1095 3965 1288 4017 magne
1327 3948 1382 4019 (n
1421 3964 1539 4016 exp.
1579 3964 1649 4000 m.
1672 3951 1731 4013 2)
1770 3946 1845 4000 M
1982 3949 2094 4010 tua,
2131 3945 2229 4001 sed
2265 3962 2298 3998 u
2336 3959 2378 3999 8.
2414 3960 2469 3996 w.
2509 3960 2577 3997 m.
2602 3946 2641 3995 2
2676 3941 2743 3995 K

506 4038 624 4092 sint
657 4038 782 4091 MA
968 4038 1034 4092 16
1079 4036 1384 4091 haesternis
1421 4036 1488 4089 K
1668 4038 1732 4090 17
1783 4035 1953 4094 dabit.
1991 4040 2112 4089 m.1
2155 4048 2333 4103 supra
2380 4033 2398 4087 i
2448 4032 2579 4085 add.
2628 4048 2651 4083 s
2696 4029 2744 4083 G

431 4129 504 4183 18
548 4130 698 4181 extra
735 4126 802 4179 K
981 4128 1046 4180 19
1083 4126 1183 4179 huo
1212 4127 1262 4198 (c
1300 4142 1440 4180 eras.
1463 4126 1531 4195 Ρ),
1570 4142 1639 4179 m.
1664 4130 1703 4179 2
1737 4126 1845 4179 heu
1884 4124 1956 4177 M
2166 4122 2375 4193 pectori
2422 4120 2571 4175 sexul
2608 4136 2675 4173 m.
2700 4123 2739 4171 2

427 4233 576 4271 corr.
613 4216 692 4269 M
823 4216 892 4269 22
928 4214 1155 4285 respicis
1193 4216 1247 4267 A
1391 4216 1508 4269 uita
1553 4214 1599 4267 C
1721 4216 1791 4268 23
1830 4215 2063 4278 rennuis,
2104 4214 2342 4267 alterum
2378 4228 2415 4263 n
2453 4226 2569 4277 exp.
2608 4224 2677 4261 m.
2701 4211 2741 4260 2

427 4304 574 4360 MK
606 4305 818 4365 temnis
859 4313 915 4367 (n
952 4307 1116 4368 eras.)
1155 4304 1212 4357 P
1245 4304 1426 4357 renuis
1471 4304 1568 4358 CR
1606 4304 1726 4359 edd.
1872 4303 2007 4357 haec
2045 4318 2147 4355 om.
2186 4302 2240 4354 A
2396 4301 2465 4353 24
2502 4298 2738 4351 incolum

433 4394 551 4449 CK
693 4397 750 4447 te
789 4393 924 4447 mihi
958 4393 1012 4446 A

487 4518 732 4569 xxxnn,
761 4518 876 4567 Aug.
899 4522 1008 4559 teet.
1031 4517 1078 4557 11
1096 4527 1200 4568 par·
1231 4518 1271 4558 2.
2528 4487 2559 4539 2
