3184 4959
1143 465 1672 537 epistularum
1727 467 1924 524 XCIII.
2558 473 2688 538 475

384 662 553 726 tuis
599 663 773 726 nati
821 666 1013 728 sunt
1064 663 1222 729 tibi
1278 665 1487 740 filii;
1546 667 2018 732 constitues
2068 685 2202 732 eos
2259 666 2686 750 principes
2787 697 2792 702 ·

386 787 629 852 super
666 787 969 834 omnem
1009 773 1327 837 terram.
1508 773 1669 838 nisi
1709 791 1858 858 ergo
1899 773 2394 856 cognoueris
2433 776 2686 840 temet

387 875 665 956 ipsam,
725 876 847 941 exi
905 879 1022 955 tu;
1090 897 1211 942 non
1270 899 1387 964 ego
1434 883 1500 944 te
1559 879 1742 956 eicio‚
1801 879 1915 945 sed
1971 879 2090 944 exi
2145 883 2251 957 tu,
2309 882 2384 944 ut
2441 879 2690 946 dicatur

388 981 465 1046 de
524 985 619 1046 te:
694 983 797 1048 Ex
876 985 1111 1050 nobis
1202 985 1594 1064 exierunt,
1675 985 1814 1051 sed
1887 1005 2033 1052 non
2111 989 2342 1052 erant
2414 1004 2501 1051 ex
2567 1006 2687 1052 no-

325 1109 351 1148 ⁵
386 1087 534 1154 bis.
686 1090 807 1154 exi
848 1090 1047 1155 tuin
1088 1092 1488 1176 uestigiis
1530 1111 1886 1178 gregum,
1923 1092 2149 1158 nonin
2187 1092 2486 1177 uestigiis
2527 1093 2686 1158 meis

390 1194 500 1260 sed
555 1196 632 1260 in
680 1198 1083 1281 uestigiis
1139 1217 1475 1283 gregum
1536 1217 1652 1264 nec
1698 1199 1888 1264 unius
1964 1199 2176 1284 gregis
2249 1199 2361 1263 sed
2421 1219 2686 1284 gregum

390 1302 741 1370 diuisorum
780 1306 845 1369 et
882 1305 1248 1372 errantium.
1316 1307 1393 1371 et
1445 1324 1691 1389 pasce
1748 1305 2051 1371 haedos
2091 1308 2277 1371 tuos
2335 1325 2459 1372 non
2517 1307 2688 1371 sicut

390 1410 639 1486 Petrus,
689 1411 795 1476 cui
832 1410 1097 1478 dicitur:
1146 1413 1400 1478 Pasce
1441 1431 1636 1477 oues
1677 1431 1912 1488 meas,
1955 1411 2068 1477 sed
2106 1431 2348 1496 pasce
2385 1411 2686 1479 haedos

390 1519 577 1582 tuos
642 1518 718 1582 in
792 1519 1364 1584 tabernaculis
1430 1521 1875 1602 pastorum,
1949 1537 2071 1584 non
2136 1519 2200 1583 in
2275 1518 2686 1584 tabernaculo

304 1642 357 1682 ιο
390 1623 689 1706 pastoris,
754 1624 867 1688 ubi
925 1627 1025 1690 est
1077 1643 1283 1690 unus
1350 1643 1537 1709 grex
1594 1627 1674 1689 et
1728 1642 1934 1688 unus
1988 1625 2293 1706 pastor.
2361 1625 2690 1710 cognoscit

390 1729 554 1794 enim
602 1734 809 1795 semet
850 1731 1080 1814 ipsam,
1130 1750 1204 1795 ne
1249 1730 1369 1796 hoc
1410 1731 1468 1796 ei
1506 1729 1852 1814 contingat,
1902 1730 2054 1813 quia
2096 1729 2217 1796 hoc
2265 1730 2538 1816 contigit
2573 1731 2686 1808 eis„

216 1844 301 1907 30
394 1837 504 1919 qui
551 1854 620 1901 se
666 1836 731 1901 in
778 1837 893 1901 illa
938 1855 1059 1902 non
1112 1841 1567 1920 cognouerunt.
1637 1838 1780 1919 ipsa
1827 1839 1946 1913 est,
2003 1836 2079 1901 de
2129 1836 2312 1902 cuius
2367 1837 2688 1920 paucitate

394 1943 628 2008 dicitur
672 1944 735 2008 in
776 1943 1243 2026 comparatione
1288 1943 1710 2027 plurimorum
1757 1943 2092 2018 malorum,
2141 1943 2292 2026 quia
2338 1947 2688 2028 angusta

396 2054 471 2114 et
518 2052 692 2114 arta
737 2050 873 2114 uia
918 2054 1062 2128 est,
1103 2070 1305 2134 quae
1353 2050 1589 2115 ducit
1628 2049 1716 2114 ad
1755 2049 2032 2129 uitam,
2071 2051 2150 2114 et
2185 2050 2428 2132 pauci
2477 2053 2686 2127 sunt,

306 2181 355 2223 ιε
393 2157 527 2239 qui
566 2156 985 2222 ambulant
1029 2157 1106 2221 in
1146 2175 1248 2222 ea.
1288 2161 1353 2222 et
1380 2175 1602 2222 rursus
1632 2157 1774 2240 ipsa
1801 2159 1919 2232 est,
1953 2156 2030 2220 de
2061 2155 2242 2222 cuius
2271 2155 2686 2221 multitudine

394 2263 653 2328 dicitur:
714 2262 845 2329 Sic
892 2264 1052 2328 erit
1112 2283 1375 2328 semen
1435 2265 1657 2328 tuum
1717 2263 1939 2327 sicut
1995 2261 2294 2327 stellae
2343 2261 2550 2327 caeli
2611 2265 2688 2326 et

397 2369 617 2435 sicut
672 2369 973 2435 harena
1026 2371 1294 2436 maris.
1360 2368 1531 2434 idem
1591 2369 1826 2452 quippe
1883 2368 2102 2433 fideles
2161 2369 2362 2433 sancti
2420 2372 2484 2434 et
2539 2367 2689 2434 boni

394 2485 459 2540 et
511 2477 573 2540 in
634 2477 1101 2559 comparatione
1167 2477 1449 2561 plurium
1504 2476 1814 2541 malorum
1879 2475 2066 2558 pauci
2126 2476 2276 2540 sunt
2332 2477 2396 2539 et
2451 2493 2564 2558 per
2619 2493 2686 2538 se

394 2582 519 2666 ipsi
593 2584 783 2648 multi
859 2588 1029 2662 sunt,
1114 2585 1305 2666 quia
1376 2583 1621 2648 multi
1697 2583 1868 2648 filii
1945 2582 2346 2660 desertae,
2429 2581 2686 2668 magis

306 2715 359 2758 20
397 2709 621 2772 quam
672 2691 874 2769 eim,
924 2709 1125 2774 quae
1180 2690 1429 2756 habet
1482 2690 1767 2766 uirum,
1816 2692 1882 2754 et
1925 2689 2169 2754 multi
2228 2689 2318 2752 ab
2369 2687 2688 2753 oriente

398 2799 475 2860 et
532 2796 963 2862 occidente
1020 2796 1358 2863 uenient
1406 2801 1481 2862 et
1538 2795 2019 2862 recumbent
2066 2813 2240 2859 cum
2285 2793 2686 2858 Abraham

398 2907 475 2968 et
520 2905 749 2969 Isaac
800 2909 877 2970 et
912 2904 1155 2970 Iacob
1202 2905 1279 2968 in
1326 2922 1573 2988 regno
1622 2903 2032 2968 caelorum
2072 2904 2138 2966 et
2173 2899 2324 2984 quia
2360 2898 2690 2964 exhibet

399 3009 559 3075 sibi
618 3010 773 3075 deus
830 3011 1221 3095 populum
1279 3010 1848 3087 abundantem,
1917 3007 2500 3074 aemulatorem
2567 3005 2688 3071 bo-

397 3135 673 3182 norum
722 3136 1072 3200 operum,
1132 3121 1197 3183 et
1249 3119 1457 3183 multa
1510 3115 1709 3194 milia,
1768 3135 1930 3199 quae
1985 3131 2406 3180 numerare
2465 3130 2687 3178 nemo

575 3275 610 3328 4
646 3275 673 3329 1
710 3275 828 3328 Ioh.
866 3275 918 3342 2,
958 3276 1024 3330 19
1134 3276 1167 3330 8
1203 3274 1323 3331 1011.
1362 3275 1449 3342 21,
1492 3275 1554 3328 17
1669 3273 1737 3330 10
1773 3273 2009 3337 Ioh.10,
2043 3273 2109 3328 16
2211 3272 2278 3326 13
2306 3271 2505 3326 Matth.
2537 3272 2586 3336 7,
2619 3271 2684 3324 14

400 3363 467 3417 16
505 3361 639 3418 Gen.
677 3363 765 3430 22,
805 3363 897 3431 17;
936 3365 1075 3419 Dan.
1114 3365 1163 3428 3,
1203 3365 1273 3420 36
1511 3364 1577 3417 19
1616 3361 1736 3417 Gal.
1773 3365 1824 3426 4,
1863 3363 1932 3417 27
2167 3361 2240 3416 20
2282 3359 2482 3414 Matth.
2530 3359 2581 3424 s,
2625 3359 2686 3413 11

396 3453 466 3508 22
504 3452 609 3507 Tit.
648 3453 700 3518 2,
743 3453 811 3508 14
952 3455 1023 3508 24
1058 3451 1226 3524 Apoe.
1266 3455 1317 3515 7,
1356 3453 1391 3506 9

475 3578 497 3631 1
540 3578 680 3631 tuis·
706 3576 781 3631 M
884 3581 1011 3631 suut
1038 3593 1160 3640 om„
1180 3593 1247 3632 m.
1271 3579 1301 3630 1
1320 3573 1448 3630 add.
1479 3571 1555 3628 M
1633 3575 1666 3628 3
1695 3572 1857 3638 exitu,
1885 3588 2022 3627 corr.
2053 3572 2136 3626 exi
2163 3575 2226 3626 tu
2253 3571 2325 3626 M
2431 3571 2619 3626 eiciam
2641 3571 2696 3624 P

469 3665 693 3736 sedlitu
730 3669 891 3733 (corr.
928 3666 948 3718 i
985 3669 1066 3732 tu)
1104 3665 1175 3719 M
1324 3667 1522 3718 ut—tn
1560 3679 1664 3717 om.
1704 3661 1776 3716 Μ
1916 3663 2000 3730 ut]
2051 3677 2120 3714 ne
2157 3659 2224 3714 N
2377 3661 2412 3712 4
2451 3660 2692 3714 exierunt

398 3771 502 3810 om.
538 3759 593 3808 Δ
702 3757 735 3810 6
772 3757 895 3826 nec]
931 3772 1041 3808 non
1076 3753 1188 3808 NL
1296 3753 1481 3822 unius]
1520 3752 1684 3806 huius
1721 3753 1773 3804 A
1885 3751 1916 3803 7
1955 3748 2290 3803 diuersorum
2326 3747 2451 3802 ML
2565 3750 2692 3802 tuos

399 3860 501 3900 om.
537 3843 593 3898 R
688 3846 723 3899 9
758 3843 1135 3912 tabernaculo]
1174 3840 1541 3896 tabernaculis
1583 3839 1684 3895 GR
1787 3839 1854 3894 10
1890 3853 2018 3908 grex
2055 3853 2194 3891 unus
2231 3835 2288 3891 R
2397 3833 2692 3904 cognoscit,

400 3951 466 3988 m.
488 3936 528 3987 2
565 3933 859 4003 cognoscat
901 3931 947 3987 G
980 3933 1275 4002 cognoscet
1299 3930 1417 3986 NR
1501 3930 1564 3982 11
1608 3929 1782 3999 ipsam
1823 3931 1878 3996 (a
1912 3927 1976 3980 in
2009 3942 2122 3982 ras.
2161 3941 2230 3979 m.
2253 3929 2305 3993 1)
2329 3924 2404 3978 Μ
2433 3923 2614 3994 ipsum
2642 3922 2698 3976 Ρ

468 4023 561 4093 ne]
611 4037 710 4076 nec
751 4021 799 4074 G
998 4019 1101 4074 hoc
1148 4020 1325 4090 ipsum
1372 4017 1423 4073 ei
1460 4017 1517 4073 R
1699 4015 1825 4086 quia
1860 4015 1988 4084 hoc]
2031 4013 2176 4084 quod
2211 4013 2270 4070 R
2448 4012 2692 4080 echon-

398 4112 531 4180 tigit
566 4112 621 4164 A
728 4109 1003 4180 contingit
1030 4113 1195 4178 (post.
1232 4125 1269 4161 n
1306 4111 1449 4176 exp.)
1489 4106 1552 4161 N
1644 4107 1710 4160 14
1749 4107 1834 4160 est
1869 4104 1962 4158 uia
1997 4101 2054 4158 R
2164 4103 2230 4157 17
2269 4100 2435 4170 idem]
2475 4097 2600 4154 ifleo
2638 4099 2688 4152 L

400 4199 567 4255 iidem
604 4216 749 4255 erm
860 4199 927 4253 18
963 4197 1315 4269 plurimorum
1354 4193 1561 4262 MAP5
1597 4193 1666 4263 cf.
1704 4209 1762 4249 ιι.
1799 4196 1871 4247 13
1983 4191 2050 4246 19
2085 4193 2233 4262 ipsos
2267 4189 2368 4244 CR
2497 4188 2692 4248 deser·

400 4295 492 4344 tae
528 4307 631 4346 om.
668 4290 723 4343 A
832 4290 903 4344 22
941 4291 997 4342 et
1032 4287 1211 4356 Isaac]
1248 4285 1396 4340 isaac
1434 4283 1507 4338 M
1510 4283 1658 4338 01³1,
1695 4282 1817 4339 edd.
1927 4281 1996 4336 23
2035 4280 2140 4334 sibi
2177 4296 2280 4335 om.
2323 4278 2372 4332 G
2511 4291 2692 4332 aemu-

399 4379 593 4434 latorie
630 4379 705 4433 Μ
807 4378 879 4433 24
914 4377 1091 4447 nemo]
1130 4383 1163 4430 n
1206 4374 1251 4430 C
