3184 4959
495 418 622 482 192
1197 413 1249 468 S.
1305 411 1578 473 Aureli
1634 411 2066 481 Augustini

494 611 765 693 quodam
839 609 1048 686 modo,
1107 627 1230 691 quo
1286 612 1611 690 tamquam
1669 607 1942 690 pondere
1990 626 2242 671 sursum
2291 606 2397 672 uel
2444 607 2785 671 introrsum

493 717 839 782 referamur
912 715 989 778 ad
1062 715 1364 796 requiem,
1433 713 1644 778 omnia
1706 714 1831 778 ista
1893 713 2229 797 pertinent,
2296 732 2453 796 quae
2517 711 2785 796 figurate

493 823 677 888 nobis
731 823 1158 900 insinuantur3
1215 822 1362 903 plus
1419 821 1584 886 enim
1642 823 1909 886 mouent
1964 825 2027 886 et
2080 820 2435 885 accendunt
2486 839 2786 895 amorem,

498 950 686 1013 quam
737 930 791 993 si
838 929 1008 994 nuda
1055 929 1191 993 sine
1239 929 1390 992 ullis
1439 930 1975 994 sacramentorum
2023 926 2554 992 similitudinibus
2601 945 2788 1008 pone-

495 1042 733 1103 rentur.
801 1037 983 1102 cuius
1041 1036 1132 1102 rei
1189 1055 1446 1101 causam
1503 1035 1761 1100 difficile
1818 1037 1917 1099 est
1972 1035 2207 1107 dicere;
2276 1035 2387 1098 sed
2441 1040 2651 1099 tamen
2698 1035 2790 1098 ita
2848 1051 2876 1090 5

499 1164 568 1209 se
613 1145 824 1222 habet,
872 1148 947 1208 ut
991 1142 1234 1226 aliquid
1271 1162 1380 1226 per
1417 1142 1823 1226 allegoricam
1862 1141 2387 1225 significationem
2424 1141 2789 1205 intimatum

496 1254 644 1336 plus
693 1255 968 1326 moueat,
1016 1251 1162 1334 plns
1211 1249 1485 1316 delectet
1531 1253 1596 1314 et
1640 1250 1787 1331 plus
1835 1250 2197 1319 honoretur,
2246 1267 2437 1332 quam
2482 1248 2538 1313 si
2576 1248 2789 1312 uerbis

498 1359 768 1442 propriis
816 1357 1213 1440 apertissime
1261 1357 1589 1421 diceretur.
1640 1355 1848 1433 credo,
1892 1355 2058 1438 qnod
2094 1356 2232 1439 ipse
2270 1355 2514 1420 animae
2553 1359 2789 1432 motus,

501 1485 689 1549 quam
721 1464 830 1530 diu
859 1465 1048 1529 rebus
1080 1463 1288 1528 adhuc
1325 1463 1590 1528 terrenis
1628 1463 2013 1544 implicatur,
2052 1462 2297 1546 pigrius
2335 1461 2790 1539 inflammatur;

502 1573 556 1638 si
631 1573 870 1637 feratur
933 1571 1014 1636 ad
1075 1570 1525 1636 similitudines
1592 1571 1947 1653 corporales
2012 1573 2077 1634 et
2138 1569 2285 1634 inde
2349 1569 2653 1634 referatur
2714 1569 2793 1634 ad
2832 1587 2887 1627 ιο

501 1678 836 1762 spiritalia,
919 1697 1078 1760 quae
1150 1677 1280 1742 illis
1355 1675 1881 1742 similitudinibus
1956 1677 2327 1760 figurantur,
2399 1677 2538 1761 ipso
2613 1677 2795 1761 quasi

501 1785 773 1850 transitu
823 1787 1156 1868 uegetatur
1201 1787 1264 1849 et
1299 1788 1627 1866 tamqnam
1672 1784 1737 1847 in
1785 1784 1995 1848 facula.
2040 1783 2207 1866 ignis
2254 1783 2532 1868 agitatus
2580 1803 2795 1849 accen-

505 1892 677 1956 ditur
724 1895 788 1956 et
833 1890 1184 1956 ardentiore
1231 1890 1570 1956 dilectione
1618 1891 1862 1973 rapitur
1907 1890 1986 1955 ad
2016 1891 2331 1973 quietem.

235 2005 359 2070 XII
388 2007 472 2069 22
592 1998 870 2080 Ideoque
925 1998 1090 2062 inter
1147 1996 1356 2062 omnia
1403 1996 1622 2062 decem
1668 1997 1783 2061 illa
1826 1999 2163 2080 praecepta
2212 1998 2420 2062 solum
2466 1997 2578 2076 ibi,
2628 1997 2798 2080 quod

507 2105 584 2170 de
661 2104 925 2169 sabbato
999 2105 1282 2187 positum
1349 2107 1466 2180 est,
1531 2104 1799 2188 figurate
1864 2103 2329 2168 obseruandum
2394 2105 2797 2188 praecipitur,
2838 2119 2889 2158 ιτ»

509 2230 698 2294 quam
745 2211 1014 2295 figuram
1059 2230 1173 2276 nos
1220 2210 1735 2295 intellegendam,
1784 2230 1905 2275 non
1954 2210 2147 2275 etiam
2194 2229 2307 2293 per
2343 2211 2545 2275 otium
2584 2229 2799 2294 corpo-

505 2318 636 2382 rale
692 2317 1126 2382 celebrandam
1183 2317 1606 2399 suscepimuS.
1674 2336 1821 2381 cum
1876 2317 2040 2381 enim
2098 2317 2361 2382 sabbato
2410 2316 2803 2401 significetur

511 2422 813 2506 spiritalis
859 2425 1134 2506 requieS,
1185 2425 1261 2489 de
1309 2443 1434 2506 qua
1480 2423 1723 2489 dictum
1772 2428 1871 2489 est
1916 2424 1979 2488 in
2024 2424 2298 2506 psalmo:
2358 2424 2659 2489 Vacate
2726 2427 2803 2488 et

513 2531 810 2606 uidete,
881 2530 1256 2613 quoniam
1321 2549 1464 2615 ego
1532 2550 1702 2595 sum
1769 2530 2161 2606 dominuS,
2212 2533 2275 2594 et
2321 2550 2445 2613 quo
2494 2535 2803 2596 uocantur

691 2776 757 2832 18
795 2776 884 2833 Ps.
920 2777 1006 2841 45,
1051 2776 1113 2830 11

585 2901 610 2954 1
652 2916 862 2954 rursum
901 2900 956 2952 Β
1099 2901 1134 2953 2
1171 2899 1464 2953 referamus
1501 2899 1609 2952 PR
1646 2899 1881 2953 feramur
1916 2882 2117 2976 P1P'2,
2216 2899 2325 2954 ista
2362 2901 2545 2954 omnia
2580 2916 2632 2953 m
2668 2899 2802 2954 haec

513 2989 693 3042 omnia
729 2995 846 3042 cett.
885 2987 1005 3042 edd.
1161 2988 1319 3042 nobis
1357 2988 1586 3057 figurate
1626 2988 1744 3043 edd.
1891 2989 2060 3058 figure
2099 2989 2154 3042 P
2294 2988 2327 3042 3
2364 2987 2646 3052 accedunt,
2682 2993 2751 3042 m.
2775 2992 2804 3041 1

513 3093 650 3131 corr.
691 3073 989 3130 accendunt
1023 3075 1099 3128 M
1271 3076 1308 3128 4
1343 3075 1576 3128 nudamts
1612 3088 1746 3146 (ras,
1786 3079 1928 3130 1-2
1966 3077 2023 3147 l.)
2060 3076 2115 3129 Ρ
2255 3076 2483 3138 sinnius,
2521 3093 2589 3130 m.
2612 3079 2651 3130 2
2688 3077 2803 3130 sine

513 3164 640 3217 ullis
680 3163 734 3216 P
873 3162 1260 3218 solitudinibus
1297 3163 1352 3216 Β
1497 3168 1767 3233 ponantur
1803 3165 1857 3218 P
1997 3168 2029 3219 5
2067 3166 2148 3219 ita
2183 3168 2371 3218 tamen
2404 3165 2480 3218 M
2609 3166 2641 3218 6
2682 3163 2803 3219 alli-

513 3253 722 3320 goriam
761 3252 1126 3321 significatum
1164 3252 1476 3306 intimatum
1515 3251 1569 3306 Β
1776 3255 1805 3307 7
1845 3254 1967 3324 plus
2006 3253 2244 3308 delectet
2279 3271 2382 3309 om.
2422 3251 2641 3308 P¹P²M
2680 3254 2803 3323 plus

515 3341 740 3396 dilectet
777 3341 828 3394 B
867 3341 986 3411 plus
1026 3341 1264 3396 delectat
1299 3341 1366 3395 K
1507 3346 1565 3396 et
1600 3359 1703 3397 om.
1742 3343 1809 3396 K
1842 3343 1961 3398 edd.
2107 3343 2403 3397 honeretur
2428 3343 2501 3395 P¹
2610 3343 2643 3396 8
2680 3359 2805 3412 pro-

515 3431 626 3502 pris
663 3430 718 3483 Β
862 3429 1132 3485 diceretur
1169 3431 1508 3501 apertissime
1547 3432 1668 3487 edd.
1810 3433 1877 3488 10
1914 3433 1982 3502 si]
2024 3433 2121 3486 sed
2158 3433 2203 3486 si
2242 3431 2396 3485 P¹P²
2430 3435 2478 3486 si
2516 3449 2645 3486 uero
2684 3431 2803 3486 edd.

587 3517 792 3572 feratur
826 3518 945 3573 PK
1108 3520 1170 3573 11
1213 3520 1346 3590 illis]
1387 3521 1442 3573 in
1479 3520 1590 3574 illis
1630 3521 1695 3575 K
1727 3522 1811 3575 illi
1846 3522 1905 3575 in
1945 3523 1996 3574 B
2162 3522 2227 3575 12
2267 3521 2510 3590 agitatur
2544 3521 2600 3573 P
2634 3521 2803 3589 agitu.

515 3625 584 3661 m.
606 3612 646 3662 2
683 3607 922 3677 agitatus
959 3609 1015 3662 Β
1132 3609 1435 3672 accedetur,
1473 3626 1542 3663 m.
1564 3614 1594 3662 1
1632 3627 1770 3665 corr.
1808 3611 2149 3674 accendetur,
2188 3627 2255 3663 m.
2280 3614 2318 3662 2
2350 3611 2379 3663 l
2417 3609 2727 3664 accenditur
2753 3609 2807 3661 B

519 3698 585 3751 13
637 3697 928 3762 ardentior,
979 3715 1118 3752 corr.
1171 3715 1239 3754 m.
1291 3704 1354 3752 ut
1405 3699 1522 3752 uid.
1566 3703 1597 3752 1
1638 3699 1941 3754 ardentiore
1988 3700 2043 3753 P
2292 3699 2651 3753 delectatione
2693 3698 2810 3753 PK

521 3788 588 3842 14
615 3785 712 3840 illa
749 3786 936 3840 decem
973 3787 1094 3842 edd.
1207 3785 1398 3851 decim,
1437 3805 1506 3844 m.
1529 3791 1568 3842 2
1606 3788 1787 3842 decem
1818 3789 1873 3841 Β
1947 3789 2012 3843 16
2052 3805 2231 3859 quam.
2268 3805 2338 3842 m.
2360 3791 2399 3842 2
2436 3803 2594 3857 quarn
2632 3805 2731 3858 per
2754 3787 2808 3840 B

587 3874 1035 3946 intellegendum,
1074 3893 1142 3932 m.
1163 3881 1194 3929 1
1230 3892 1368 3934 corr.
1409 3876 1835 3946 intellegendam
1872 3878 1927 3931 Β
2080 3877 2265 3946 etiam]
2308 3881 2453 3931 esset
2490 3876 2555 3930 K
2695 3893 2806 3929 cor-

515 3965 700 4034 poralt⁵
743 3968 834 4033 (κν
871 3971 1034 4032 erac.)
1073 3965 1138 4020 K
1282 3967 1346 4021 17
1387 3965 1797 4021 caelebrandum
1836 3967 1907 4019 M
1938 3966 2328 4021 obseruandam
2369 3967 2424 4019 P
2581 3965 2805 4034 suscipi-

518 4070 637 4107 mus
674 4054 730 4107 Β
767 4053 1016 4122 Euyippi
1051 4055 1167 4111 cod.
1215 4053 1439 4110 Vercell.
1479 4055 1867 4125 praecepimus,
1908 4071 2044 4110 corr.
2086 4055 2444 4124 praecipimus
2484 4053 2537 4106 P
2570 4052 2809 4121 suspice-

518 4159 656 4210 mus,
693 4159 828 4196 corr.
867 4160 936 4196 m.
957 4146 987 4194 1
1021 4143 1356 4213 suspicemur
1389 4143 1464 4197 M
1495 4145 1833 4213 suspicemur
1868 4144 2022 4197 P¹P2
2126 4143 2461 4212 significetur
2496 4141 2725 4195 sabbato
2755 4141 2810 4194 Β

589 4230 924 4299 significatur
941 4229 1009 4283 K
1081 4230 1144 4284 18
1177 4231 1242 4284 de
1272 4248 1380 4301 qua
1410 4231 1611 4285 dictum
1633 4247 1734 4285 om..
1758 4231 1823 4284 K
1840 4230 2071 4301 denique
2094 4231 2299 4286 dictum
2322 4229 2547 4283 P¹P²M
2562 4229 2811 4298 Euyippi

519 4319 675 4373 codd.
787 4321 891 4387 est]
922 4323 978 4372 et
1003 4319 1068 4373 K
1143 4322 1206 4374 19
1247 4319 1378 4374 deus
1411 4320 1462 4373 P
1496 4321 1616 4374 edd.
1654 4337 1758 4388 sec.
1787 4336 1933 4375 sacr.
1966 4321 2067 4374 litt.
2180 4321 2274 4390 qui
2298 4319 2365 4372 K
2467 4321 2733 4372 uacantur
2760 4320 2813 4372 P
