3184 4959
506 427 636 492 536
1206 425 1257 478 S.
1314 424 1590 478 Aureli
1645 422 2086 494 Augustini

508 619 621 684 sed
686 618 853 702 quia,
912 619 1084 684 sicut
1139 619 1469 700 apostolus
1536 617 1713 694 dicit,
1781 637 1928 682 non
1996 621 2125 682 est
2195 621 2574 701 potestas
2639 619 2806 682 nisi

508 747 545 791 a
602 727 765 804 deo,
830 726 1054 810 procul
1112 725 1325 805 dubio,
1384 743 1533 790 cum
1586 745 1700 809 per
1752 745 1871 790 uos
1931 725 2396 792 sincerissimos
2453 724 2805 790 catholicae

507 833 731 897 matris
805 831 971 897 filios
1048 832 1251 898 eidem
1336 831 1730 908 subuenitur,
1815 831 2208 896 auxilium
2284 834 2651 896 nostrum
2726 832 2802 895 in

512 938 827 1006 nomine
894 939 1201 1005 domini
1269 943 1413 1017 est,
1490 939 1626 1022 qui
1701 939 1907 1003 fecit
1972 939 2283 1004 caelum
2351 943 2423 1004 et
2487 941 2802 1004 terram.

511 1045 655 1128 quis
722 1045 887 1110 enim
942 1064 1065 1110 non
1142 1044 1377 1110 sentiat
1450 1045 1515 1108 in
1579 1045 1776 1110 tantis
1851 1043 2036 1108 malis
2103 1064 2225 1111 non
2296 1063 2556 1128 paruam
2619 1043 2805 1108 nobis
2876 1067 2906 1106 5

511 1152 1009 1218 consolationem
1064 1151 1373 1216 diuinitus
1428 1151 1726 1227 missam,
1776 1169 1923 1215 cum
1967 1158 2040 1216 tu
2087 1151 2188 1216 uir
2243 1150 2391 1215 talis
2449 1153 2514 1216 et
2569 1150 2810 1216 Christi

511 1257 783 1324 nominis
814 1259 1291 1324 amantissimus
1320 1259 1880 1340 proconsularibus
1913 1277 1980 1323 es
2011 1258 2395 1323 sublimatus
2425 1257 2806 1341 insignibus„

512 1369 589 1430 ut
636 1366 712 1430 ab
762 1365 1090 1430 sceleratis
1128 1367 1195 1430 et
1240 1365 1565 1450 sacrilegis
1615 1365 1879 1430 ausibus
1927 1365 2218 1430 inimicos
2259 1363 2563 1430 ecclesiae
2607 1364 2808 1428 bonae

514 1478 661 1538 tuae
742 1473 1063 1538 uoluntati
1143 1474 1429 1556 potestas
1516 1472 1758 1538 sociata
1831 1473 2174 1548 cohiberet,
2260 1469 2512 1536 domine
2585 1469 2809 1534 eximie

514 1579 868 1661 meritoque
930 1578 1321 1644 honorabilis
1384 1579 1844 1664 insigniterque
1916 1577 2258 1644 laudabilis
2333 1577 2467 1643 fili?
2541 1576 2810 1658 denique
2851 1602 2908 1642 10

514 1705 713 1750 unum
764 1685 971 1750 solum
1012 1689 1133 1765 est,
1182 1685 1350 1768 quod
1386 1686 1451 1750 in
1488 1690 1604 1751 tua
1638 1686 1890 1752 iustitia
1925 1685 2458 1768 pertimescimus,
2506 1703 2584 1749 ne
2629 1683 2809 1762 forte,

520 1792 839 1875 quoniam,
919 1791 1225 1876 quicquid
1286 1792 1439 1857 mali
1506 1795 1724 1858 contra
1789 1793 2212 1859 Christianam
2289 1790 2663 1856 societatem
2735 1789 2814 1854 ab

516 1899 883 1965 hominibus
947 1899 1163 1982 impiis
1226 1899 1623 1984 ingratisque
1689 1900 2134 1977 committitur,
2199 1899 2482 1983 profecto
2551 1898 2812 1982 grauius

519 2007 620 2070 est
684 2008 749 2070 et
813 2006 1111 2083 atrociuS,
1187 2024 1376 2087 quam
1451 2006 1507 2069 si
1578 2006 1642 2069 in
1722 2005 1882 2070 alios
1946 2005 2102 2069 talia
2166 2003 2664 2082 committantur,
2737 2006 2810 2068 tu

520 2132 770 2196 quoque
816 2131 929 2196 pro
974 2112 1370 2178 immanitate
1415 2113 1771 2178 facinorum
1817 2132 1890 2177 ac
1934 2131 2058 2178 non
2106 2112 2322 2195 potius
2370 2130 2482 2194 pro
2527 2111 2810 2175 lenitatis
2854 2125 2911 2166 1⁵

522 2219 916 2286 Christianae
964 2218 1459 2284 consideratione
1506 2238 1766 2284 censeas
1824 2218 2304 2284 cohercendum.
2365 2217 2533 2300 quod
2586 2221 2651 2282 te
2703 2237 2817 2300 per

516 2327 729 2412 ipsum
779 2327 1103 2393 Christum
1150 2345 1229 2392 ne
1275 2327 1471 2392 facias
1518 2326 1945 2392 obsecramus.
2001 2344 2206 2409 neque
2253 2325 2422 2390 enim
2465 2324 2813 2390 uindictam

524 2433 599 2498 de
646 2432 920 2498 inimicis
967 2432 1031 2498 in
1076 2433 1196 2498 hac
1242 2439 1411 2498 terra
1454 2432 1835 2516 requirimus
1875 2435 1987 2498 aut
2031 2451 2182 2497 uero
2223 2432 2301 2496 ad
2341 2451 2447 2497 eas
2485 2430 2816 2516 angustias

524 2541 715 2605 animi
780 2559 894 2605 nos
961 2539 1187 2606 debent
1254 2542 1552 2618 coartare,
1621 2558 1783 2622 quae
1848 2538 2145 2622 patimur,
2211 2542 2288 2603 ut
2342 2537 2819 2612 obliuiscamur,

524 2646 677 2729 quid
712 2645 895 2711 nobis
940 2645 1346 2729 praeceperit,
1394 2664 1505 2729 pro
1544 2646 1729 2711 cuius
1777 2645 2047 2710 ueritate
2093 2663 2167 2710 ac
2212 2645 2463 2710 nomine
2510 2644 2818 2728 patimur3
2861 2671 2920 2711 so

524 2753 855 2840 diligimus
911 2752 1202 2818 inimicos
1256 2755 1509 2818 nostros
1557 2755 1625 2818 et
1670 2771 1922 2818 oramus
1977 2772 2090 2836 pro
2139 2751 2254 2816 cis.
2309 2751 2476 2816 unde
2525 2770 2596 2816 ex
2642 2767 2818 2816 occa-

524 2860 701 2927 sione
763 2859 1143 2925 terribilium
1206 2859 1491 2925 iudicum
1556 2877 1630 2924 ac
1701 2859 1944 2942 legum,
2012 2878 2091 2923 ne
2159 2858 2224 2922 in
2303 2857 2539 2923 aeterni
2599 2855 2820 2921 iudicii

524 2985 757 3051 poenas
814 2965 1115 3042 incidant,
1164 2966 1392 3050 corrigi
1450 2984 1557 3031 eos
1618 2965 1934 3049 cupimus,
1988 2985 2112 3031 non
2167 2965 2404 3040 necari3
2464 2982 2578 3028 nec
2635 2963 2824 3028 disci-

708 3212 733 3264 1
776 3211 928 3264 Rom.
971 3211 1053 3274 13,
1097 3212 1122 3264 1
1235 3212 1267 3264 3
1306 3209 1395 3264 Ps.
1436 3210 1556 3274 120,
1594 3211 1628 3264 2
1737 3210 1807 3264 20
1843 3210 1970 3264 Luc.
2009 3211 2060 3277 6,
2099 3208 2312 3263 27-28

600 3353 633 3408 3
671 3351 873 3406 eisdem
914 3355 961 3418 (s
999 3351 1103 3406 del.
1139 3369 1208 3406 m.
1231 3354 1289 3420 2)
1327 3351 1403 3405 Ρι
1512 3352 1545 3406 6
1584 3349 2004 3404 con-»lationem
2044 3349 2245 3418 (fuisse
2278 3349 2396 3406 uid.
2435 3350 2515 3418 so)
2551 3347 2613 3402 F
2765 3351 2824 3402 et

528 3445 583 3497 in
623 3443 812 3498 christi
848 3441 911 3496 F
1050 3441 1255 3510 christi,
1290 3458 1360 3494 m.
1384 3443 1423 3494 2
1455 3441 1520 3494 in
1556 3455 1728 3509 mary.
1766 3440 1793 3492 1
1830 3439 2114 3493 christiani
2142 3439 2218 3494 Ρι
2317 3440 2348 3492 7
2386 3438 2621 3493 nominis
2659 3437 2728 3504 (is
2757 3453 2824 3492 ex

528 3547 667 3587 cor-r.
702 3547 773 3585 m.
794 3535 845 3596 1)
888 3530 937 3584 0
1136 3547 1225 3584 *es
1264 3533 1361 3597 (ω
1397 3545 1562 3599 super
1599 3546 1628 3582 e
1666 3545 1836 3594 eras.;
1870 3528 2065 3598 fuitne
2101 3527 2192 3583 ces
2214 3527 2264 3596 ?)
2301 3527 2374 3582 ΡΙ
2551 3528 2613 3581 11
2655 3542 2823 3580 unum

528 3637 633 3676 om.
662 3619 717 3672 P
819 3620 885 3674 12
924 3618 1177 3689 quoniam
1218 3634 1339 3682 om„
1376 3623 1497 3672 m.1
1535 3617 1666 3672 add.
1705 3617 1768 3671 F
1862 3617 1928 3672 13
1967 3617 2216 3706 om‘nibns
2243 3615 2300 3671 R
2400 3618 2465 3672 15
2501 3632 2598 3686 pro
2637 3631 2737 3669 om.
2768 3615 2824 3667 A

533 3713 597 3765 16
636 3707 1069 3764 consideratione
1106 3711 1203 3776 (w
1242 3706 1409 3778 eras.)
1444 3705 1521 3762 Μ
1644 3707 1708 3759 17
1745 3707 1950 3776 ipsum]
1988 3703 2172 3760 Iesum
2208 3704 2327 3760 edd.
2456 3705 2522 3758 18
2560 3710 2693 3758 ante
2727 3707 2825 3758 aut

530 3799 816 3868 adpictum
850 3797 905 3850 H
938 3797 1013 3850 M
1046 3799 1105 3851 at
1140 3812 1261 3851 cum
1304 3811 1419 3852 ras.
1464 3800 1642 3864 'supra
1688 3800 1740 3848 et
1775 3819 1844 3840 m
1883 3797 1971 3862 (m.
1994 3797 2030 3849 3
2052 3796 2103 3860 ἒ)
2152 3793 2198 3847 0
2375 3793 2442 3847 19
2489 3791 2658 3845 animi
2703 3791 2822 3862 nos]

530 3888 723 3942 animis
761 3887 815 3940 P
979 3885 1216 3956 patimur
1252 3885 1348 3951 (ati
1388 3901 1455 3939 ex
1488 3901 1604 3939 ras.
1643 3889 1694 3938 et
1730 3899 1868 3940 corr.
1905 3900 1975 3937 m.
1996 3887 2055 3952 2)
2094 3882 2168 3937 Ρι
2349 3883 2421 3937 20
2455 3879 2736 3953 praecepit
2769 3880 2828 3936 R

603 3979 661 4030 et
696 3975 752 4030 R
858 3975 923 4028 21
966 3973 1274 4043 diligamus,
1313 3989 1450 4028 corr.
1490 3974 1554 4027 ut
1590 3971 1882 4042 diligamus
1915 3972 1992 4026 Μ
2025 3971 2118 4042 qui
2157 3971 2432 4042 diligimus
2475 3969 2593 4024 ΟΡι
2703 3987 2825 4024 ora-

532 4083 651 4119 mus
687 4063 758 4118 M
794 4069 955 4130 (con.
994 4061 1259 4131 ornemus)
1302 4061 1350 4116 G
1384 4065 1491 4128 (am
1528 4077 1596 4116 ex
1631 4065 1796 4129 corr.)
2012 4077 2075 4115 ex
2111 4061 2394 4115 occasione
2431 4061 2521 4126 (ev
2557 4063 2722 4126 cras.)
2755 4058 2832 4114 Μ

532 4171 592 4208 ex
632 4153 969 4218 hoccasione,
1006 4167 1076 4208 m.
1098 4153 1138 4206 2
1174 4167 1236 4206 ex
1271 4151 1373 4205 hac
1411 4151 1694 4205 occasione
1736 4149 1784 4204 0
1817 4150 2160 4204 excusatione
2196 4149 2252 4204 A
2394 4150 2464 4203 22
2500 4149 2558 4202 in
2595 4149 2830 4217 aeterni}

530 4241 733 4296 interni
774 4241 853 4295 1³¹
1022 4241 1091 4296 23
1146 4239 1413 4303 indidant,
1470 4256 1537 4292 m.
1578 4242 1620 4294 2
1673 4238 1919 4294 incidant
1961 4237 2040 4292 Ρι
2222 4238 2448 4308 corrige,
2507 4251 2646 4293 corr.
2688 4253 2759 4292 m.
2799 4243 2830 4290 1

534 4330 731 4400 corrigi
766 4329 828 4384 F
