3184 4959
493 429 624 492 234
1193 425 1246 479 S.
1304 424 1577 478 Aureli
1634 423 2069 494 Augustini

493 621 811 705 agendum
855 623 1060 704 putat,
1111 639 1296 706 agere
1343 619 1709 707 neglexerit,
1769 621 2065 703 deinceps
2124 619 2261 684 eius
2318 640 2541 684 uocem
2598 641 2783 686 nemo

494 727 730 796 audiat.
795 747 910 793 nos
937 777 942 782 .
969 731 1203 807 autem,
1263 728 1514 793 domine
1567 727 1939 793 beatissime
1986 730 2051 792 et
2095 727 2543 792 uenerabiliter
2588 728 2787 793 susci-

491 834 717 917 piende
762 837 960 918 pater,
1011 834 1066 898 si
1111 835 1265 899 haec
1311 834 1544 899 indicia
1591 835 1793 899 malae
1842 834 2342 900 conuersationis
2389 835 2785 914 clericorum,

492 941 762 1006 maxime
809 960 956 1005 cum
1001 941 1170 1006 fama
1215 961 1338 1006 non
1384 941 1549 1008 bona
1597 959 1704 1006 eos
1753 942 2035 1025 coeperit
2078 942 2389 1020 comitari,
2436 961 2558 1007 non
2604 947 2786 1025 puta-

491 1048 776 1112 uerimus
823 1047 946 1112 nisi
994 1066 1066 1113 eo
1112 1049 1298 1114 modo
1345 1048 1751 1126 uindicanda,
1788 1069 1909 1132 quo
1945 1049 2011 1114 in
2051 1048 2318 1116 concilio
2358 1050 2777 1115 constitutum
2848 1069 2878 1108 ⁵

494 1158 613 1232 est,
660 1154 999 1237 incipimus
1049 1156 1192 1240 cogi
1239 1175 1330 1234 ea,
1378 1175 1538 1239 quae
1585 1155 1735 1220 sciri
1774 1175 1894 1221 non
1934 1159 2223 1239 possunt,
2262 1156 2430 1221 uelle
2468 1157 2787 1222 discutere

495 1265 560 1325 et
623 1264 736 1325 aut
795 1262 1038 1326 incerta
1101 1261 1395 1326 damnare
1461 1265 1572 1327 aut
1635 1281 1783 1327 uere
1846 1262 2171 1347 incognita
2231 1263 2589 1346 praeterire.
2666 1283 2785 1347 ego

496 1371 664 1432 certe
711 1369 1174 1451 presbyterum,
1221 1370 1299 1432 ut
1343 1368 1450 1450 qui
1498 1368 1602 1433 die
1646 1368 1888 1445 ieiunii,
1938 1380 2061 1450 quo
2111 1369 2395 1434 eiusdem
2432 1369 2557 1434 loci
2593 1370 2787 1434 etiam

495 1474 768 1540 ecclesia
829 1475 1170 1553 ieiunabat,
1235 1476 1421 1541 ‘nale‘
1483 1475 1721 1540 faciens
1788 1475 2069 1558 collegae
2136 1495 2251 1540 suo
2318 1475 2601 1541 eiusdem
2659 1475 2787 1540 loci

495 1581 860 1665 presbytero
920 1581 1086 1665 apud
1143 1581 1453 1648 famosam
1507 1583 1841 1647 mulierem
1897 1583 2140 1646 nullum
2201 1601 2418 1647 secum
2485 1582 2785 1646 clericum
2828 1602 2881 1643 io

496 1688 733 1753 habens
789 1707 1110 1753 remanere
1167 1691 1232 1752 et
1283 1689 1584 1770 prandere
1641 1691 1707 1753 et
1760 1707 1981 1754 cenare
2036 1707 2228 1753 ausus
2288 1692 2387 1753 est
2442 1693 2506 1753 et
2550 1690 2613 1754 in
2660 1707 2789 1754 una

497 1796 682 1860 domo
749 1795 1036 1873 dormire,
1100 1795 1554 1860 remouendum
1614 1796 1691 1860 ab
1748 1795 1958 1861 officio
2011 1795 2386 1879 presbyterii
2442 1795 2786 1860 arbitratus

497 1921 638 1966 sum
705 1901 935 1966 timens
1003 1901 1060 1966 ei
1117 1901 1411 1984 deinceps
1470 1902 1806 1967 ecclesiam
1862 1903 1963 1967 dei
2020 1903 2436 1967 committere.
2505 1902 2674 1985 quod
2730 1903 2788 1967 si

493 2008 656 2073 forte
702 2008 1024 2073 iudicibus
1070 2008 1525 2074 ecclesiasticis
1571 2009 1747 2074 aliud
1794 2009 2070 2087 uidetur,
2118 2009 2267 2091 quia
2314 2028 2421 2074 sex
2467 2009 2785 2091 episcopis

497 2134 753 2179 causam
799 2115 1151 2199 presbyteri
1197 2116 1531 2181 terminare
1580 2117 1847 2182 concilio
1898 2119 2213 2182 statutum
2260 2120 2377 2193 est,
2426 2117 2789 2181 committat
2828 2139 2877 2177 ιε»

494 2223 611 2301 illi,
660 2223 770 2305 qui
817 2222 981 2300 uult,
1030 2223 1365 2288 ecclesiam
1414 2243 1566 2288 suae
1614 2243 1799 2288 curae
1848 2225 2283 2295 commissam;
2350 2243 2469 2308 ego
2524 2223 2785 2302 talibus,

494 2330 715 2406 fateor,
775 2327 1128 2411 quamlibet
1180 2328 1430 2412 plebem
1489 2329 1886 2394 committere
1942 2331 2158 2404 timeo,
2204 2329 2577 2412 praesertim
2626 2349 2785 2412 quos

497 2436 672 2499 nulla
735 2435 898 2500 bona
961 2434 1132 2500 fama
1195 2435 1494 2514 defendit,
1551 2441 1629 2501 ut
1682 2438 1802 2502 hoc
1860 2437 1949 2502 eis
2008 2436 2217 2520 possit
2269 2437 2534 2521 ignosci,
2582 2456 2679 2515 ne,
2730 2437 2786 2501 si

497 2541 650 2624 quid
698 2542 1113 2625 perniciosius
1162 2543 1458 2626 eruperit,
1505 2531 1816 2626 languens
1862 2545 2148 2627 inputem
2195 2543 2375 2608 mihi.

567 2735 599 2786 2
639 2733 852 2788 domine
891 2735 1226 2788 sanctissime
1255 2734 1310 2787 P
1343 2733 1656 2787 beatissime
1695 2733 1909 2788 domine
1945 2734 1996 2788 T
2028 2734 2149 2789 edd.
2297 2733 2639 2804 suspiciende
2666 2733 2787 2789 HR

499 2825 534 2877 4
573 2822 818 2876 comitari
857 2825 914 2876 et
949 2840 1056 2877 non
1095 2822 1213 2877 HR
1287 2825 1318 2878 5
1356 2821 1460 2876 nisi
1497 2838 1601 2878 om.
1649 2822 1937 2877 THRVU
1968 2821 2087 2876 edd.
2200 2839 2290 2876 eos
2318 2823 2385 2876 H
2456 2823 2483 2874 7
2516 2826 2573 2877 et
2602 2821 2707 2878 aud
2732 2821 2791 2876 P

495 2912 529 2965 8
569 2914 625 2964 et
662 2911 816 2965 codd.
858 2912 977 2966 edd.
989 2932 1009 2978 ,·
1053 2911 1348 2966 enaendaui
1389 2915 1480 2979 ut,·
1526 2913 1594 2980 cf.
1643 2911 1775 2966 Tac.
1819 2912 1996 2966 Germ.
2046 2915 2139 2974 22.
2179 2917 2210 2965 1
2391 2912 2452 2966 11
2492 2912 2787 2966 habentem

496 3000 651 3054 codd.
690 3001 804 3067 fls
916 3000 982 3054 13
1022 2998 1194 3053 eidem
1234 2999 1292 3054 Ρ
1431 2999 1518 3054 dei
1555 3015 1659 3054 om.
1707 3000 1758 3054 T
1892 3003 1956 3056 15
1993 3001 2304 3071 presbiterii
2351 3000 2461 3055 VU
2596 3001 2785 3055 termi-

493 3089 683 3142 narim
796 3089 861 3141 18
901 3089 1013 3142 ulla
1058 3088 1172 3143 VU
1275 3089 1340 3143 19
1381 3090 1530 3159 eripu
1572 3093 1736 3158 (cap.)
1778 3091 2016 3161 eruperit
2061 3089 2115 3144 U
