3184 4959
593 441 723 506 594
1317 437 1370 491 S.
1427 437 1699 491 Aureli
1754 437 2189 507 Augustini

593 631 766 697 tione
839 671 926 680 —-
1001 631 1081 696 da
1133 631 1388 696 ueniam
1443 669 1534 680 —
1588 649 1709 695 non
1769 630 1979 696 solum
2045 649 2161 695 nos
2225 630 2486 695 minime
2550 633 2891 714 praecedis,

597 739 710 804 sed
775 758 892 804 nec
975 739 1178 803 adhuc
1263 738 1571 821 sequeris,
1649 741 1713 802 et
1791 735 2067 803 rescribe
2142 738 2380 821 potius,
2454 737 2609 820 quid
2670 741 2736 802 to
2816 739 2892 803 de

594 847 716 912 hac
787 846 898 912 uia
968 849 1245 920 moueat,
1321 863 1510 928 quam
1583 847 1879 909 tenemus
1947 847 2013 908 et
2085 845 2145 908 in
2212 865 2337 928 qua
2410 846 2743 911 nobiscum
2816 846 2891 910 ad

597 972 930 1035 supernam
979 953 1270 1036 patriam,
1319 971 1444 1034 qua
1489 955 1553 1016 te
1601 952 1902 1016 delectari
1946 952 2246 1016 nouimus
2294 955 2359 1017 et
2402 953 2778 1036 gaudemus,
2822 955 2895 1017 ut

599 1059 926 1145 gradiaris,
975 1061 1314 1124 instamus.

497 1163 576 1228 17
691 1166 881 1235 Ciues
957 1170 1170 1231 autem
1239 1165 1506 1230 carnalis
1575 1166 1819 1248 patriae
1891 1169 2041 1231 tuae
2106 1165 2230 1232 etsi
2302 1185 2425 1231 non
2492 1185 2712 1231 omnes
2784 1165 2895 1231 sed

600 1273 908 1358 quosdam
988 1273 1358 1338 innocentes
1443 1273 1702 1355 quidem
1784 1273 2019 1352 dixisti,
2103 1293 2328 1338 uerum
2410 1276 2645 1350 tamen,
2730 1272 2897 1354 quod

598 1381 836 1446 relecta
905 1381 1018 1446 illa
1091 1380 1368 1464 epistula
1443 1399 1584 1445 mea
1650 1380 1843 1445 debes
1919 1379 2271 1461 aduertere,
2347 1399 2469 1446 non
2539 1379 2895 1445 defendisti.

602 1506 867 1569 quorum
941 1507 1063 1552 non
1131 1489 1318 1553 flores
1394 1487 1506 1554 sed
1581 1487 1796 1571 spinas
1872 1506 1987 1553 nos
2064 1487 2344 1552 sensisse
2411 1506 2554 1552 cum
2624 1486 2895 1552 dicerem

599 1595 984 1678 respondens
1059 1595 1136 1659 ad
1209 1596 1394 1672 illud,
1475 1595 1645 1677 quod
1722 1595 2066 1676 scripseras
2140 1595 2466 1660 florentem
2540 1598 2604 1659 te
2669 1612 2898 1676 cupere
2936 1613 2985 1653 ιο

601 1700 870 1784 patriam
924 1702 1298 1785 relinquere,
1363 1702 1558 1768 iocari
1614 1721 1714 1766 me
1780 1701 2046 1785 putasti.
2112 1701 2232 1766 hoc
2288 1701 2537 1768 scilicet
2588 1701 2655 1765 in
2710 1699 2899 1764 malis

602 1808 800 1874 tantis
855 1809 1080 1874 libeat!
1139 1808 1232 1873 ita
1279 1811 1380 1874 est
1432 1809 1725 1891 prorsus!
1782 1807 2033 1873 fumant
2078 1807 2284 1872 adhuc
2338 1807 2555 1873 ruinae
2610 1807 2901 1873 incensae

605 1915 910 1980 ecclesiae
959 1919 1024 1978 et
1065 1916 1129 1980 in
1179 1935 1251 1980 ea
1297 1934 1492 1980 causa
1535 1933 1652 1980 nos
1698 1915 2011 1980 iocamur!
2071 1917 2135 1979 et
2180 1933 2299 1998 ego
2350 1915 2627 1997 quidem,
2685 1933 2902 1996 quam·

604 2023 706 2086 uis
752 2022 1118 2087 innocentes
1164 2021 1300 2086 illic
1347 2023 1504 2086 mihi
1550 2039 1673 2086 non
1724 2025 2145 2100 occurrerent,
2193 2021 2317 2086 nisi
2366 2020 2472 2104 qui
2523 2025 2634 2086 aut
2680 2021 2905 2086 absen-

604 2131 703 2193 tes
759 2128 1016 2193 fuerunt
1061 2131 1172 2192 aut
1218 2128 1388 2192 mala
1441 2127 1555 2192 illa
1608 2129 1897 2211 perpessi
1954 2133 2105 2192 sunt
2160 2131 2271 2191 aut
2316 2127 2511 2192 nullis
2560 2128 2638 2192 ad
2692 2127 2993 2209 probi-1⁵

603 2233 882 2298 bendum
939 2233 1182 2300 uiribus
1239 2235 1344 2299 uel
1402 2235 1783 2299 auctoritate
1830 2235 2191 2312 ualuerunt,
2248 2237 2460 2298 tamen
2508 2233 2906 2299 nocentiores

609 2361 644 2406 a
699 2341 911 2406 minus
968 2341 1345 2406 nocentibus
1401 2341 1463 2405 in
1521 2341 1924 2406 rescribendo
1974 2340 2233 2406 distinxi
2280 2340 2595 2422 aliamque
2644 2359 2905 2406 causam

607 2447 796 2533 posui
843 2467 1081 2525 eorum,
1130 2448 1238 2530 qui
1286 2447 1640 2513 timuerunt
1678 2447 1988 2513 offendere
2034 2449 2326 2531 potentes
2375 2447 2666 2512 inimicos
2705 2447 2909 2512 eccle-

609 2555 760 2634 siae,
811 2555 996 2619 aliam
1041 2573 1279 2630 eorum,
1329 2554 1439 2636 qui.
1487 2555 1607 2620 hoe
1646 2554 1963 2619 committi
2009 2555 2374 2632 uoluerunt,
2424 2554 2611 2618 aliam
2662 2571 2905 2631 eorum,

611 2661 719 2745 qui
768 2661 1240 2740 commiserunt,
1301 2662 1488 2726 aliam
1547 2681 1786 2740 eorum,
1846 2663 1953 2744 qui
2007 2661 2403 2740 inmiserunt,
2460 2661 2619 2724 nihil
2675 2661 2777 2745 agi
2830 2661 2909 2726 de
2944 2684 2996 2721 ω

607 2768 1055 2832 inmissoribus
1123 2767 1366 2844 uolens,
1435 2767 1582 2850 quia
1628 2769 1749 2833 hoc
1799 2768 1930 2834 sine
1985 2767 2319 2832 tormentis
2377 2768 2811 2851 corporalibus
2873 2789 2910 2833 a

610 2874 934 2958 proposito
992 2883 1206 2940 nostro
1264 2873 1751 2940 abhorrentibus
1818 2875 2087 2939 fortasse
2156 2893 2275 2938 non
2334 2877 2551 2956 potest
2612 2874 2909 2939 inueniri.

615 2980 816 3046 Stoici
900 2985 1113 3045 autem
1201 2981 1298 3045 tui
1387 2999 1601 3046 omnes
1676 2981 2025 3063 aequaliter
2098 2982 2394 3045 nocentes
2472 2999 2611 3046 esse
2688 3000 2911 3046 conce—

616 3088 793 3163 dunt,
860 3085 1092 3168 quibus
1156 3087 1368 3169 placet
1431 3087 1642 3152 omnia
1716 3087 1891 3171 paria
1956 3107 2096 3152 esse
2170 3091 2458 3170 peccata;
2528 3088 2637 3169 qui
2714 3088 2909 3152 etiam

617 3193 914 3257 duritiam
965 3211 1168 3270 suam,
1208 3213 1330 3276 qua
1373 3193 1875 3259 miseiicordiam
1922 3193 2307 3276 uituperant,
2356 3193 2507 3259 huic
2556 3194 2911 3259 sententiae
2947 3217 2999 3260 ετ,

617 3299 930 3364 sociantes
961 3297 1134 3363 nullo
1165 3299 1351 3365 modo
1392 3303 1650 3366 censent
1686 3300 1981 3364 omnibus
2018 3301 2254 3383 pariter
2288 3299 2763 3383 ignoscendum,
2796 3299 2913 3365 sed

618 3424 834 3470 omnes
872 3406 1107 3488 pariter
1143 3425 1282 3470 esse
1317 3406 1687 3488 puniendos.
1724 3425 1982 3472 remoue
2030 3425 2177 3491 ergo
2226 3407 2397 3486 illos,
2446 3427 2635 3489 quam
2673 3407 2912 3492 longis-

619 3512 780 3576 sime
842 3515 1050 3594 poteS,
1098 3532 1134 3576 a
1196 3513 1546 3595 patrocinio
1615 3531 1843 3578 causae
1915 3513 2107 3577 istius
2187 3516 2251 3578 et
2314 3516 2464 3596 opta
2534 3513 2772 3597 potine,
2840 3517 2915 3576 ut

617 3622 941 3700 tamquam
985 3617 1326 3683 Christiani
1365 3639 1652 3703 agamus,
1692 3623 1785 3698 ut,
1824 3619 1993 3684 sicut
2039 3623 2355 3702 optamuS,
2394 3632 2508 3683 nos
2554 3620 2616 3683 in
2658 3619 2911 3684 Christ-o

621 3743 750 3802 eos„
799 3725 1031 3806 quibus
1078 3724 1416 3809 parcimuS,
1467 3725 1894 3807 adquiramus,
1942 3745 2020 3790 ne
2064 3726 2420 3810 perniciosa
2460 3725 2593 3790 illis
2642 3725 2913 3790 dissolu·
2952 3752 3004 3790 ao

798 3950 831 4003 9
872 3949 938 4004 cf.
967 3967 1020 4019 p.
1050 3949 1174 4013 428,
1218 3949 1424 4003 16-17
1604 3949 1669 4002 10
1708 3947 1775 4003 cf.
1814 3966 1867 4018 p.
1905 3949 2029 4012 426,
2060 3950 2237 4004 9-10
2412 3950 2475 4004 11
2520 3949 2587 4004 cf.
2625 3967 2679 4020 p.
2718 3949 2838 4012 580,
2878 3951 2915 4001 2

626 4040 836 4094 16—22
875 4038 940 4093 cf.
980 4056 1032 4108 p.
1069 4039 1193 4102 433,
1234 4039 1500 4106 20—434,
1542 4039 1567 4091 1

699 4167 723 4218 1
768 4161 837 4216 da
872 4163 934 4216 in
969 4179 1082 4216 ras.
1131 4161 1182 4215 U
1215 4161 1282 4216 ad
1329 4161 1539 4228 Vlsr;
1575 4163 1647 4230 cs.
1678 4179 1738 4230 p.
1785 4166 1919 4225 582,
1956 4167 2057 4230 14;
2100 4165 2233 4228 589,
2271 4167 2303 4215 1
2434 4163 2467 4216 8
2504 4163 2707 4216 relecta
2744 4163 2913 4232 (post.

627 4269 654 4306 e
691 4253 756 4305 in
793 4255 926 4318 ras.)
976 4251 1030 4304 U
1060 4251 1252 4305 relicta
1296 4251 1433 4304 Vlr
1571 4252 1633 4305 11
1676 4251 1722 4305 si
1760 4251 1891 4305 licet
1937 4251 1991 4306 U
2132 4253 2531 4318 14-occurrent,
2566 4255 2699 4306 m.2
2732 4267 2912 4305 occur-

622 4343 805 4394 rerent
839 4339 892 4394 V
993 4341 1064 4394 20
1101 4339 1262 4393 aliam
1301 4357 1481 4394 eorum
1525 4341 1616 4410 qui
1653 4341 1993 4395 immiserunt
2030 4358 2131 4395 om.
2181 4340 2233 4394 U
2263 4342 2424 4396 unde
2457 4341 2917 4395 incluseruntlsr
