3184 4959
1154 463 1684 532 epistularum
1740 465 1937 520 XCIII.
2567 473 2698 537 493

389 659 561 725 Duo
611 658 937 743 quidam
994 661 1541 726 ascenderunt
1594 661 1670 726 in
1729 662 2122 744 templum
2181 683 2423 743 orare,
2483 686 2694 730 unus

390 767 890 832 Pharisaeus
960 769 1035 831 et
1113 767 1327 832 alter
1396 767 1897 849 publicanus
1961 774 2026 834 et
2083 774 2309 839 cetera.
2367 771 2496 836 iam
2551 771 2694 852 tibi,

392 895 551 960 quae
589 877 963 958 sequuntur,
1009 873 1148 957 ipse
1185 875 1515 958 responde.
1561 875 1812 960 inspice
1849 879 2060 942 tamen
2100 877 2468 963 diligentius
2514 878 2692 962 ipsos

389 1001 628 1067 paucos
694 985 967 1060 uestros,
1046 985 1263 1048 utrum
1327 983 1541 1048 nullus
1617 983 1750 1048 illic
1823 984 2108 1067 baptizet
2172 985 2480 1052 ebriosus».
2558 989 2692 1052 tam

328 1106 353 1145 ⁵
392 1089 560 1153 enim
624 1091 753 1154 late
816 1091 1033 1154 uastat
1086 1089 1329 1153 animas
1396 1087 1553 1154 haec
1614 1089 1984 1174 pestilentia
2040 1094 2105 1157 et
2159 1095 2337 1157 tanta
2397 1093 2693 1158 libertate

391 1195 771 1274 dominatur,
808 1199 885 1260 ut
918 1197 1196 1260 multum
1236 1195 1445 1274 mirer,
1486 1196 1542 1262 si
1577 1217 1702 1263 non
1734 1198 1922 1262 etiam
1965 1201 2253 1264 uestrum
2292 1201 2694 1284 gregiculum

389 1303 765 1386 penetrauit,
816 1303 1109 1386 quamuis
1158 1306 1303 1368 ante
1350 1303 1563 1386 ipsum
1602 1302 1951 1369 aduentum
1994 1305 2114 1370 filii
2157 1306 2455 1391 hominis,
2502 1307 2692 1372 unius

389 1409 539 1475 boni
583 1409 877 1492 pastoris,
925 1409 1054 1474 iam
1106 1429 1219 1475 uos
1270 1429 1423 1475 oues
1472 1411 1549 1476 ab
1597 1410 1816 1476 haedis
1867 1431 2192 1494 separasse
2238 1413 2511 1479 iactetiS.
2751 1495 2754 1500 ι

12 1510 149 1574 XII
197 1511 281 1573 50
480 1515 648 1579 Audi
713 1535 864 1580 sane
936 1534 1051 1598 per
1112 1535 1216 1580 me
1280 1535 1503 1582 uocem
1571 1517 2034 1583 dominicorum
2099 1519 2564 1584 frumentorum
2628 1520 2690 1585 in

306 1643 355 1682 10
390 1641 535 1686 area
580 1621 895 1687 dominica
948 1642 1153 1705 usque
1202 1623 1279 1688 ad
1334 1625 1634 1688 ultimam
1687 1624 2171 1692 uentilationem
2227 1627 2392 1692 inter
2444 1627 2690 1709 paleam

389 1729 812 1794 laborantium
860 1749 972 1812 per
1014 1733 1223 1795 totum
1272 1730 1522 1796 scilicet
1564 1731 1897 1810 mundum,
1947 1752 2071 1815 qua
2109 1733 2303 1798 deus
2351 1735 2695 1800 uocauit

389 1838 687 1901 terram
754 1853 791 1900 a
856 1837 1060 1903 solis
1139 1840 1321 1902 ortu
1377 1857 1634 1921 usque
1711 1839 1804 1903 ad
1868 1859 2264 1918 occasum,
2331 1839 2444 1905 ubi
2500 1841 2688 1905 etiam

388 1942 652 2008 laudant
712 1944 892 2026 pueri
950 1943 1304 2009 dominum:
1374 1943 1777 2029 Quicumque
1834 1965 1953 2012 uos
2010 1966 2082 2011 ex
2140 1945 2472 2012 occasione
2525 1947 2691 2032 legis

389 2051 581 2116 huius
627 2051 977 2135 imperialis
1024 2071 1147 2117 non
1196 2051 1532 2117 dilectione
1580 2053 1936 2138 corrigendi
1983 2052 2096 2118 sed
2133 2053 2500 2118 inimicandi
2549 2053 2690 2119 odio

302 2173 352 2214 1⁶
388 2159 809 2241 persequitur,
868 2159 1165 2242 displicet
1216 2159 1420 2227 nobis,
1488 2163 1552 2224 et
1609 2159 1902 2242 quamuis
1957 2179 2058 2224 res
2106 2179 2393 2244 quaeque
2447 2163 2695 2226 terrena

390 2283 511 2330 non
575 2268 746 2330 recte
804 2283 841 2329 a
896 2283 1213 2347 quoquam
1280 2265 1596 2348 possideri
1651 2265 1861 2349 possit
1914 2264 2039 2330 nisi
2093 2267 2200 2329 uel
2256 2265 2393 2330 iure
2451 2265 2692 2346 diuin0‚

394 2391 516 2454 quo
559 2374 784 2436 cuncta
830 2373 1145 2436 iustorum
1185 2373 1355 2451 sunt,
1402 2373 1509 2436 uel
1548 2372 1682 2436 iure
1720 2373 2018 2451 humano,
2067 2371 2235 2455 quod
2272 2371 2334 2436 in
2374 2375 2693 2455 potestate

394 2483 492 2544 est
544 2497 771 2562 regum
827 2481 1049 2556 terrae,
1106 2477 1376 2562 ideoque
1430 2497 1531 2543 res
1588 2482 1838 2544 uestras
1892 2477 2054 2543 falso
2113 2478 2470 2561 appelletis,
2538 2498 2694 2561 quas

393 2604 507 2649 nec
580 2585 737 2650 iusti
810 2585 1153 2669 possidetis
1222 2589 1285 2649 et
1351 2583 1700 2650 secundum
1775 2585 1953 2670 leges
2016 2603 2239 2670 regum
2302 2591 2693 2650 terrenorum

304 2711 357 2753 20
395 2692 685 2756 amittere
740 2691 903 2757 iussi
951 2692 1129 2769 estis,
1178 2691 1539 2774 frustraque
1588 2691 1844 2756 dicatis:
1893 2691 2044 2757 ‘Nos
2095 2692 2186 2755 eis
2235 2691 2695 2777 congregandis

391 2797 864 2877 laborauimus‘‚
932 2817 1077 2864 cum
1135 2798 1444 2881 scriptum
1508 2799 1772 2882 legatis:
1841 2797 2194 2863 Labores
2259 2797 2692 2882 impiorum

393 2905 604 2980 iusti
653 2905 912 2984 edent,
972 2905 1085 2970 sed
1140 2909 1351 2970 tamen
1400 2905 1694 2988 quisquis
1753 2925 1824 2970 ex
1873 2904 2202 2971 occasione
2256 2906 2422 2990 legis
2475 2905 2691 2983 huius,

396 3031 583 3094 quam
629 3031 813 3097 reges
860 3016 1063 3077 terrae
1103 3012 1353 3078 Christo
1403 3012 1755 3077 seruientes
1795 3012 1874 3076 ad
1913 3013 2364 3078 emendandam
2410 3015 2693 3078 uestram

578 3205 607 3257 7
646 3203 763 3258 Ioh.
808 3205 889 3267 10,
933 3205 1024 3268 11;
1069 3206 1134 3258 16
1352 3203 1385 3256 8
1422 3203 1624 3258 Matth.
1663 3203 1750 3272 25,
1789 3205 2001 3258 32—33
2219 3203 2253 3258 9
2290 3203 2490 3258 Matth.
2529 3205 2580 3262 3,
2626 3203 2690 3256 12

400 3294 461 3346 11
494 3295 581 3346 Ps.
611 3295 699 3356 49,
732 3295 755 3347 l
902 3293 967 3347 13
996 3292 1084 3347 Ps.
1120 3294 1239 3358 112,
1273 3294 1298 3346 l
1448 3294 1513 3348 21
1554 3293 1715 3348 Prou.
1758 3294 1841 3356 13,
1879 3293 1976 3351 22;
2016 3294 2086 3348 25

471 3401 495 3454 1
540 3400 781 3471 quidam]
822 3401 1024 3470 quippe
1068 3399 1115 3452 0
1291 3398 1660 3453 ascendebant
1694 3400 1752 3453 P
1927 3402 1989 3452 ut
2027 3401 2244 3453 orarent
2278 3397 2334 3454 R
2380 3415 2481 3454 sec.
2532 3397 2690 3468 Vuly.

397 3492 429 3545 2
468 3493 524 3544 et
562 3494 741 3544 cetera
779 3506 880 3544 om.
918 3488 975 3544 R
1190 3490 1322 3558 iam]
1362 3489 1444 3542 ita
1478 3488 1533 3542 L
1747 3488 1853 3542 tibi
1891 3503 1996 3543 om.
2035 3488 2090 3541 A
2270 3489 2305 3540 4
2341 3487 2478 3555 illic]
2519 3486 2608 3539 hic
2649 3488 2698 3541 0

468 3579 725 3639 ebriosos.
763 3596 832 3633 m.
856 3581 895 3630 2
933 3577 1175 3632 ebriosus
1211 3577 1268 3630 P
1375 3577 1406 3629 5
1444 3577 1580 3631 haec
1619 3577 1938 3646 pestilentia
1977 3575 2184 3629 animas
2223 3573 2344 3629 edd.
2470 3577 2500 3628 7
2537 3575 2690 3645 peni-

396 3673 535 3730 trafi,
573 3684 642 3723 m.
664 3671 703 3721 2
741 3667 1039 3737 penitrauit
1081 3667 1128 3720 (J
1232 3666 1266 3721 8
1303 3667 1521 3719 iactatis
1550 3667 1606 3720 R
1724 3666 1758 3720 9
1783 3665 2198 3734 frumentorum]
2239 3651 2385 3718 sffim
2409 3667 2626 3717 tuorum
2651 3663 2700 3715 P

400 3758 467 3813 10
506 3773 613 3822 are,
652 3771 791 3813 corr.
834 3755 1044 3826 (m.1?)
1082 3773 1205 3810 area
1244 3755 1315 3808 M
1452 3754 1706 3809 ultimum
1744 3757 1797 3807 A
1945 3755 2005 3807 11
2051 3754 2176 3823 quia
2213 3753 2340 3808 Rm
2489 3753 2554 3805 12
2592 3753 2694 3805 hoc

398 3863 579 3901 casum
625 3844 672 3899 0
852 3847 915 3899 13
952 3845 1105 3915 pueri
1141 3843 1373 3898 laudant
1407 3843 1464 3899 R
1502 3844 1624 3897 edd.
1824 3843 2122 3912 dominum]
2161 3859 2357 3895 nomen
2397 3841 2598 3894 domini
2637 3839 2695 3894 R

399 3936 465 3990 14
501 3934 819 3989 inimitandi
855 3936 909 3988 A
1050 3934 1115 3988 15
1155 3933 1406 4004 dispicet,
1442 3935 1568 3990 m.2
1607 3931 1863 4002 displicet
1897 3931 1956 3987 R
2101 3931 2166 3985 16
2209 3947 2240 3984 a
2278 3945 2544 4000 quoquam
2584 3945 2694 3982 non

395 4028 541 4078 recte
580 4023 636 4079 R
814 4023 904 4076 uel
943 4039 1042 4078 om.
1082 4023 1135 4076 L
1171 4026 1269 4076 aut
1304 4021 1360 4076 R
1532 4023 1599 4076 17
1639 4048 1667 4072 0
1696 4025 1825 4075 sunt
1861 4021 1912 4092 (e
1952 4019 2115 4089 eras.)
2152 4019 2226 4073 M
2402 4019 2466 4072 18
2503 4032 2692 4086 regum

398 4115 483 4168 est
518 4113 573 4168 R
610 4113 730 4167 edd.
876 4115 1209 4166 terrenorum
1247 4111 1301 4164 L
1446 4109 1760 4182 appelletis]
1800 4109 2130 4179 amplectitis
2166 4107 2221 4160 L
2332 4107 2400 4161 19
2436 4108 2614 4160 terrae
2641 4103 2694 4158 L

398 4202 467 4257 20
504 4203 811 4256 ammittere
857 4203 901 4251 C
998 4201 1069 4255 22
1106 4199 1202 4254 sed
1242 4199 1343 4255 del.
1384 4217 1452 4254 m.
1476 4203 1514 4253 2
1549 4200 1607 4253 Ρ
1708 4199 1870 4252 huius
1907 4199 2056 4272 legis·
2085 4197 2206 4251 edd.
2309 4196 2378 4250 23
2419 4194 2485 4249 de
2516 4211 2692 4248 emen-

399 4291 579 4346 danda
615 4293 800 4345 uestra
834 4290 1118 4360 impietate
1157 4291 1210 4342 A
1321 4288 1387 4342 ad
1426 4289 1489 4343 in
1523 4305 1635 4343 ras.
1678 4293 1796 4341 m.1
1823 4287 1898 4341 M
2011 4285 2308 4350 emendam,
2346 4301 2414 4338 m.
2438 4287 2477 4338 2
2515 4299 2693 4337 emen-

400 4381 631 4436 dandam
668 4380 723 4433 P
