3184 4959
257 1647 306 1686 10

251 2708 304 2748 20

1108 467 1639 537 epistularum
1698 466 1893 522 CVIII.
2510 471 2639 536 623

345 681 498 728 suos
543 663 862 747 porrigere
909 665 974 728 et
1026 681 1236 727 ramos
1299 679 1452 727 suos
1499 681 1613 745 per
1657 681 1907 728 omnem
1950 665 2181 728 terram
2232 663 2413 746 copia
2458 664 2639 728 uber-

345 771 496 834 tat-is
553 769 903 846 extendere,
968 789 1114 847 non,
1169 763 1452 852 inquam,
1511 788 1580 834 se
1640 787 1677 832 a
1724 771 1823 834 tot
1878 769 2177 853 gentibus
2236 769 2637 848 Christiania,

346 895 506 960 quae
554 877 805 941 omnino
863 877 1241 954 nescierunt,
1300 875 1408 959 qui
1469 875 1576 940 uel
1626 875 1778 958 quid
1828 877 1933 940 uel
1982 876 2214 958 quibus
2263 875 2638 954 obiciebant,

343 984 580 1049 nefaria
615 984 1010 1067 separatione
1040 981 1482 1066 discinderent,
1525 983 1695 1066 quod
1732 1001 1853 1048 nou
1892 983 1967 1048 fit
2000 983 2125 1048 nisi
2164 987 2273 1048 aut
2311 982 2639 1048 simultate

343 1091 593 1173 priuata
655 1091 870 1174 potius
927 1109 1118 1172 quam
1173 1089 1454 1156 utilitate
1511 1091 1833 1156 communi
1890 1093 2001 1154 aut
2052 1090 2164 1156 illo
2218 1090 2401 1170 uitio,
2469 1090 2638 1172 quod

344 1201 801 1280 consequenter
845 1196 1194 1281 Cyprianus
1248 1197 1387 1281 ipse
1435 1200 1805 1263 conumerat
1857 1197 2321 1280 uitandumque
2368 1215 2639 1262 comme-

343 1309 566 1371 morat.
623 1323 766 1369 nam
817 1323 961 1369 cum
1017 1304 1448 1388 praecepisset
1501 1308 1760 1388 propter
1804 1303 2062 1382 zizania,
2120 1323 2283 1387 quae
2326 1304 2391 1368 in
2440 1304 2636 1368 eccle-

345 1412 440 1476 sia
504 1414 864 1486 cernuntur,
930 1428 1053 1475 non
1119 1429 1260 1475 esse
1326 1411 1659 1476 ecclesiam
1727 1410 2155 1488 deserendam,
2218 1409 2513 1492 sequitur
2574 1415 2641 1476 et

343 1517 662 1602 adiungit:
712 1516 932 1582 ‘Nobis
981 1519 1229 1581 tantum
1275 1517 1463 1582 modo
1509 1517 1927 1583 laborandum
1964 1520 2083 1596 est,
2130 1519 2205 1581 ut
2246 1517 2635 1582 frumentum

343 1643 486 1690 esse
530 1625 874 1707 possimuS,
923 1626 1016 1688 ut.
1065 1641 1212 1688 cum
1259 1623 1540 1705 coeperit
1583 1621 1970 1687 frumentum
2011 1622 2347 1689 dominicis
2394 1623 2635 1688 horreis

343 1731 550 1808 condi,
597 1732 874 1796 fructum
912 1751 1023 1814 pro
1065 1749 1246 1814 opere
1293 1733 1507 1795 nostro
1548 1733 1615 1794 et
1657 1729 1873 1794 labore
1910 1731 2257 1813 capiamus,
2306 1729 2637 1813 apostolus

343 1837 404 1901 in
447 1838 726 1919 epistula
763 1857 882 1903 sua
919 1839 1100 1904 dicit:
1142 1838 1228 1902 In
1268 1837 1494 1902 domo
1536 1839 1803 1902 autem
1848 1857 2135 1922 magna
2178 1857 2327 1902 non
2378 1837 2631 1903 solum

345 1948 535 2009 sunt
582 1962 778 2009 uasa
824 1963 1066 2009 aurea
1113 1947 1190 2010 et
1236 1947 1629 2029 argentea
1676 1943 1814 2009 sed
1854 1947 1931 2008 et
1974 1945 2250 2030 lignea
2296 1949 2375 2009 et
2418 1943 2637 2010 ficti-

343 2052 455 2116 lia
519 2055 596 2116 et
651 2051 1038 2134 quaedam
1105 2052 1426 2135 quidem
1494 2051 1889 2116 honorata
1966 2053 2353 2134 quaedam
2418 2052 2636 2117 inho-

275 2183 300 2217 .=‚
343 2161 643 2223 norata.
683 2176 798 2222 nos
828 2177 1080 2240 operam
1119 2159 1341 2223 demus
1381 2161 1464 2238 et,
1505 2161 1815 2241 quantum
1851 2178 2216 2242 possumus,
2254 2159 2633 2233 laboremus,

341 2267 414 2330 ut
477 2283 592 2329 uas
659 2283 918 2330 aureum
987 2269 1051 2330 et
1115 2270 1486 2349 argenteum
1553 2266 1778 2331 simus.
1846 2269 2127 2331 ceterum
2193 2265 2419 2331 fictilia
2482 2285 2639 2330 uasa

341 2371 730 2455 confringere
789 2370 1040 2436 domino
1101 2371 1223 2436 soli
1268 2371 1520 2436 licitum
1569 2375 1689 2448 est,
1748 2372 1851 2436 cui
1908 2377 1973 2437 et
2018 2373 2201 2456 uirga
2244 2370 2443 2436 ferrea
2489 2370 2637 2436 data

342 2481 458 2543 est.
517 2497 700 2543 esse
756 2497 903 2543 non
963 2481 1240 2562 potest
1285 2479 1537 2544 maior
1583 2478 1903 2544 domino
1962 2498 2103 2545 suo
2164 2497 2455 2544 seruus
2520 2496 2636 2542 nec

343 2586 678 2668 quisquam
736 2585 881 2660 sibi,
942 2585 1108 2667 quod
1157 2585 1277 2650 soli
1323 2585 1454 2651 filio
1501 2588 1683 2668 pater
1724 2585 1975 2663 tribuit,
2030 2585 2391 2661 uindicarit,
2446 2587 2523 2649 ut
2566 2603 2635 2649 se

339 2696 524 2775 putet
595 2695 708 2757 aut
779 2691 858 2755 ad
935 2711 1142 2756 aream
1215 2692 1647 2758 uentilandam
1713 2697 1777 2758 et
1838 2693 2231 2778 purgandam
2296 2692 2503 2776 palam
2570 2695 2636 2756 et

517 2953 550 3006 9
589 2951 742 3022 Cypr.
783 2969 866 3023 ep.
907 2955 992 3016 54,
1033 2953 1064 3006 3
1103 2969 1155 3021 p.
1195 2952 1318 3013 622.
1361 2953 1623 3018 17-623,
1666 2954 1732 3006 12
1772 2952 1853 3006 ed.
1894 2952 2129 3018 Hartel.;
2170 2953 2236 3007 cf.
2278 2951 2414 3022 Aug.
2446 2957 2633 3008 contra

340 3039 588 3094 Crescon.
616 3042 756 3097 Don.
796 3040 850 3095 11
887 3043 984 3106 43;
1024 3042 1120 3106 483
1162 3045 1350 3096 contra
1379 3041 1650 3096 Gaudent.
1690 3041 1830 3095 Don.
1870 3041 1927 3095 11
1966 3043 2024 3105 3;
2068 3042 2136 3095 14
2300 3041 2365 3096 12
2403 3041 2457 3096 Π
2494 3041 2631 3118 Tim.

339 3132 390 3194 2,
429 3130 498 3184 20
638 3129 704 3184 18
741 3129 859 3184 Ioh.
905 3131 989 3196 13,
1030 3131 1121 3195 16;
1165 3131 1248 3194 15,
1287 3132 1384 3195 20;
1423 3131 1622 3184 Matth.
1666 3131 1750 3194 10,
1790 3131 1860 3185 24
1986 3131 2057 3186 20
2092 3131 2290 3187 Matth.
2330 3133 2380 3192 3,
2422 3131 2489 3185 12

413 3303 438 3356 1
480 3301 714 3372 dirigere
761 3303 814 3356 U
843 3305 1154 3374 porrigente
1191 3321 1245 3357 m
1495 3305 1528 3357 2
1568 3304 1893 3359 extendente
1930 3322 1984 3358 m
2218 3309 2249 3362 6
2292 3307 2627 3376 conumerat]

339 3395 734 3454 commemorat,
773 3394 836 3446 in
871 3409 1040 3461 πων-9.
1080 3393 1166 3446 alr
1203 3397 1555 3447 connumerat
1600 3391 1655 3448 U
1768 3397 2171 3466 commemorat]
2214 3394 2554 3450 commendat
2580 3395 2636 3448 P

339 3481 368 3535 7
409 3498 504 3551 pro
541 3481 746 3535 zizania
784 3485 873 3546 (av
913 3481 1015 3534 del.
1053 3481 1194 3547 uid.)
1231 3483 1287 3535 P
1324 3487 1543 3551 propter
1580 3483 1839 3536 zizaniam
1885 3482 1995 3537 VU
2011 3485 2123 3538 Zsr
2320 3483 2353 3537 8
2393 3484 2632 3539 cernitur

337 3569 491 3624 codd.
515 3568 627 3623 lav·
725 3570 757 3622 9
797 3568 1046 3639 adiungit
1083 3571 1150 3631 (it
1186 3587 1250 3624 ex
1287 3576 1450 3636 corr.)
1480 3571 1537 3624 P
1640 3573 1704 3625 10
1744 3587 1863 3625 cum
1901 3589 2003 3626 om.
2032 3572 2089 3625 P
2122 3572 2249 3627 dum
2286 3572 2339 3628 U
2437 3573 2496 3626 11
2530 3589 2629 3643 pro

338 3675 496 3728 opere
536 3661 592 3712 et
625 3658 812 3712 labore
848 3663 1032 3712 nostro
1082 3657 1188 3713 VU
1224 3658 1344 3714 edd.
1460 3660 1526 3714 13
1563 3675 1696 3713 uasa
1734 3664 1865 3714 sunt
1904 3659 2068 3730 Cypr.
2095 3661 2238 3730 Auq.
2278 3666 2473 3714 contra
2506 3661 2632 3714 Cre-

335 3763 482 3802 scon.
514 3753 564 3801 et
591 3753 788 3801 contra
821 3747 1100 3803 Gaudent.
1211 3747 1308 3802 sed
1337 3747 1412 3816 et]
1443 3747 1538 3800 sed
1569 3749 1735 3801 etiam
1766 3747 1821 3802 U
1890 3750 1953 3803 16
1987 3751 2064 3818 et]
2096 3750 2185 3803 uel
2204 3767 2257 3803 m
2292 3749 2453 3818 Cypr.
2484 3751 2627 3818 Any.

336 3842 531 3890 contra
585 3836 862 3890 Gaudent.
1087 3836 1150 3890 17
1199 3836 1302 3890 soli
1345 3837 1578 3907 licitum]
1630 3837 1901 3892 solicitum
1951 3837 2094 3892 VUl
2129 3839 2424 3892 sollicitum
2462 3855 2489 3892 s
2524 3838 2628 3892 soli

337 3941 645 3980 concessum
684 3940 784 3978 rm
818 3925 978 3994 Cypr.
1007 3925 1150 3995 Any.
1189 3931 1386 3978 contra
1419 3925 1668 3979 Cre-scon.
1708 3930 1759 3980 et
1797 3931 1997 3980 contra
2028 3925 2305 3981 Gaudent.
2409 3927 2474 3981 18
2502 3929 2625 3996 nec]

335 4031 401 4067 ne
429 4014 484 4067 P
559 4015 623 4069 19
649 4015 764 4068 solo
804 4013 854 4068 U
961 4013 1234 4069 uindicare
1265 4015 1428 4084 Cypr.
1455 4014 1599 4084 Any.
1628 4019 1825 4068 contra
1859 4013 2109 4070 Cre-scon.
2138 4019 2213 4078 (a.
2238 4015 2273 4069 Ζ.
2305 4015 2628 4086 uindicaret)

335 4106 404 4158 20
443 4108 541 4158 aut
575 4119 676 4158 om.
715 4121 746 4156 r
909 4103 977 4156 ad
1015 4119 1117 4158 om.
1168 4103 1277 4158 VU
1293 4104 1357 4157 la
1517 4103 1729 4171 paleam
1769 4103 1922 4159 codd.
1965 4103 2029 4158 ls
2172 4108 2229 4158 et
2264 4103 2625 4158 uentilabrum

333 4211 433 4248 om.
491 4192 766 4262 Cypriani
819 4191 972 4246 codd.
1023 4198 1252 4261 praeter
1307 4192 1700 4260 antiquissima
1744 4191 2071 4261 fraymenta
2114 4193 2437 4258 Bobiemia,
2486 4209 2629 4261 quae

333 4282 696 4336 uentitabrum
747 4287 872 4346 (om.
913 4284 990 4348 et)
1027 4281 1258 4347 habam
1295 4281 1385 4335 uel
1433 4281 1793 4335 uentilabrum
1841 4283 1987 4350 Any.
2034 4287 2229 4336 contra
2281 4280 2527 4336 Crescon.
2577 4287 2629 4336 et

335 4377 528 4424 contra
572 4369 852 4426 Gaudent.
