3184 4959
1126 449 1654 518 epistularum
1712 447 1976 504 LXXXII.
2567 459 2696 521 385

397 643 857 724 scripserimus,
933 642 1103 726 quod
1176 643 1410 727 scripto
1493 645 1842 728 posteriore
1925 645 2251 711 destruere
2333 647 2695 726 debeamus,

393 749 789 826 imitandam,
854 769 976 815 non
1042 753 1301 832 propter
1365 751 1716 817 Stesichori
1791 752 2184 830 caecitatem,
2259 773 2450 836 quam
2523 756 2696 821 cordi

393 859 502 920 tuo
549 875 663 920 nec
710 857 907 921 tribui
953 875 1068 921 nec
1114 857 1323 933 timui,
1374 857 1828 942 adtingendum
1872 857 2036 923 illud
2077 860 2455 924 existimaui.
2505 865 2694 944 atque

390 961 739 1028 identidem
793 982 973 1048 rogo,
1028 966 1103 1027 ut
1154 983 1256 1029 me
1310 963 1577 1029 fidenter
1633 967 1930 1049 corrigaS,
1990 966 2102 1032 ubi
2157 965 2316 1031 mihi
2363 967 2484 1032 hoc
2535 987 2695 1053 opus

332 1089 354 1124 ⁵
394 1087 533 1134 esse
589 1069 1005 1152 perspexeris.
1071 1089 1456 1154 quamquam
1513 1071 1681 1136 enim
1737 1071 2088 1137 secundum
2145 1072 2456 1139 honorum
2502 1094 2692 1140 uoca—

388 1175 563 1254 bula,
612 1195 771 1258 quae
825 1177 952 1240 iam
1021 1177 1329 1242 ecelesiae
1394 1195 1553 1243 usus
1619 1175 1919 1257 obtinuit,
1977 1179 2383 1262 episcopatus
2437 1180 2693 1265 presby·

388 1283 549 1346 terio
596 1283 797 1348 maior
842 1284 949 1362 sit,
996 1287 1207 1348 tamen
1254 1283 1317 1348 in
1365 1283 1589 1348 multis
1634 1283 1825 1348 rebus
1861 1285 2266 1368 Augustinus
2302 1286 2692 1371 Hieronymo

389 1389 595 1452 minor
658 1392 775 1464 est,
833 1389 987 1454 licet
1042 1390 1232 1454 etiam
1291 1410 1327 1454 a
1380 1391 1623 1456 minore
1680 1390 1967 1473 quolibet
2018 1411 2142 1456 non
2191 1393 2277 1456 sit
2321 1393 2694 1478 refugienda

390 1495 497 1559 uel
541 1493 937 1580 dedignanda
982 1498 1309 1562 correctio,

116 1595 279 1658 V34
306 1621 351 1659 ιο
480 1601 575 1665 De
636 1601 1150 1685 interpretatione
1216 1607 1330 1668 tua
1381 1604 1505 1668 iam
1564 1603 1722 1668 mihi
1777 1605 2175 1688 persuasisti,
2233 1624 2359 1687 qua
2412 1606 2692 1672 utilitate

390 1708 733 1791 scripturas
782 1709 1063 1774 uolueris
1110 1711 1447 1776 transferre
1497 1711 1572 1775 de
1608 1709 1936 1787 Hebraeis,
1986 1713 2060 1775 ut
2107 1711 2353 1776 scilicet
2399 1732 2489 1791 ea,
2529 1733 2690 1795 quae

391 1833 426 1878 a
459 1815 711 1880 Iudaeis
758 1817 1209 1899 praetermissa
1244 1819 1349 1883 uel
1389 1820 1683 1901 corrupta
1720 1819 1890 1894 sunt,
1931 1818 2240 1899 proferres
2279 1819 2344 1882 in
2381 1820 2686 1886 medium.

390 1921 501 1985 sed
562 1924 710 2004 peto
776 1923 1093 1988 insinuare
1150 1923 1450 2008 digneris,
1508 1944 1545 1988 a
1603 1924 1835 2007 quibus
1881 1923 2156 2000 Iudaeis,
2205 1928 2421 1991 utrum
2469 1926 2547 1991 ab
2597 1929 2688 1992 eis

388 2029 569 2110 ipsis,
625 2031 734 2112 qui
792 2035 938 2095 ante
994 2030 1341 2096 aduentum
1398 2032 1637 2099 domini
1691 2033 2086 2114 interpretati
2145 2036 2312 2111 sunt,
2362 2037 2446 2111 et,
2496 2035 2551 2098 si
2596 2034 2690 2100 ita

301 2155 351 2195 ιε
390 2139 508 2212 est,
575 2135 807 2218 quibus
872 2137 979 2202 uel
1046 2156 1317 2219 quonam
1386 2157 1627 2217 eorum,
1693 2157 1771 2202 an
1837 2137 1914 2202 ab
1971 2138 2118 2202 istis
2173 2139 2518 2223 posterius,
2576 2140 2688 2222 qui

385 2244 713 2325 propterea
755 2243 963 2325 putari
1011 2252 1284 2326 possunt
1331 2246 1545 2328 aliqua
1591 2244 1668 2310 de
1717 2243 2045 2310 codicibus
2087 2243 2346 2310 Graecis
2393 2248 2500 2310 uel
2538 2248 2685 2312 sub-

382 2349 645 2414 traxisse
692 2351 799 2415 uel
842 2350 905 2414 in
956 2349 1047 2415 eis
1088 2351 1465 2435 corrupisse,
1504 2372 1579 2417 ne
1616 2352 1749 2417 illis
1787 2351 2174 2416 testimoniis
2214 2350 2290 2415 de
2331 2351 2690 2418 Christiana

382 2454 504 2520 fide
552 2457 1092 2523 conuincerentur.
1159 2457 1255 2522 illi
1314 2461 1528 2522 autem
1576 2459 1922 2523 anteriores
1972 2476 2085 2522 cur
2138 2457 2258 2522 hoc
2315 2457 2518 2524 facere
2574 2478 2686 2524 uo·

383 2561 635 2640 luerint,
701 2581 822 2628 non
886 2564 1163 2629 inuenio.
1233 2565 1457 2630 deinde
1526 2565 1711 2630 nobis
1760 2565 2002 2642 mittas,
2053 2563 2336 2642 obsecro,
2382 2563 2682 2646 interpre-

292 2696 347 2734 20
380 2670 691 2734 tationem
752 2673 932 2735 tuam
999 2671 1076 2735 de
1134 2671 1563 2756 septuaginta,
1621 2691 1812 2754 quam
1869 2673 1933 2735 te
1981 2669 2254 2736 edidisse
2301 2670 2684 2737 nesciebam.

561 2861 769 2915 10-12
808 2861 875 2916 cf.
914 2879 967 2932 p.
1006 2863 1127 2924 316,
1170 2861 1347 2917 3—14

448 2986 481 3038 2
528 2982 1073 3041 imitandam—timui
1127 3003 1229 3042 om.
1286 2987 1332 3057 Q
1385 2988 1589 3056 (spatio
1641 2991 1722 3043 70
1763 2990 1879 3057 fere
1925 2989 1958 3042 l.
2007 2987 2220 3053 relicto)
2269 2987 2330 3040 E
2369 2985 2455 3056 (in
2501 3003 2674 3056 m-ary.

374 3063 449 3128 lid
486 3092 555 3129 m.
594 3081 657 3130 ut
691 3076 808 3130 uid.
846 3080 901 3143 2)
1012 3076 1327 3130 imitendam
1358 3076 1413 3129 P
1437 3076 1813 3132 immitandam
1843 3077 1882 3128 I
1983 3081 2039 3131 te
2069 3075 2268 3130 sichori
2297 3073 2492 3128 ΡΜΡι
2525 3079 2615 3142 (m.
2641 3081 2680 3129 2

375 3163 679 3230 stesichori)
719 3165 985 3218 istesicori
1022 3165 1063 3218 Ι
1089 3166 1146 3219 in
1183 3165 1433 3220 stesicori
1468 3165 1537 3219 H
1677 3165 1837 3220 corde
1873 3165 1950 3219 Ρι
2087 3166 2118 3219 3
2160 3163 2576 3234 adtingendum]
2621 3167 2678 3218 et

376 3252 753 3323 attingendum
790 3253 852 3308 Ε
883 3253 1163 3308 attendam
1204 3255 1259 3308 A
1386 3255 1645 3309 extimabi
1682 3254 1750 3310 H
1784 3257 1945 3322 (corr.
1985 3253 2314 3319 existimabi)
2354 3252 2396 3305 I
2513 3255 2680 3323 atque

374 3355 495 3403 om„
532 3345 653 3395 m.1
690 3340 822 3396 add.
858 3341 936 3396 M
968 3341 1143 3411 adque
1180 3341 1246 3395 H
1396 3343 1433 3396 4
1468 3341 1848 3396 idemtibidem
1883 3342 1928 3395 I
1954 3341 2012 3396 id
2051 3345 2136 3396 est
2172 3339 2315 3394 idem
2357 3338 2404 3409 Q
2439 3339 2583 3394 idem
2621 3341 2682 3394 Ε

446 3428 779 3484 confidenter
813 3430 892 3496 133
932 3429 1003 3498 cf.
1032 3447 1094 3500 p.
1138 3431 1275 3496 375,
1318 3434 1353 3484 4
1426 3433 1459 3486 5
1496 3431 1832 3501 prespexeris
1870 3432 1911 3484 I
1938 3431 2277 3500 prospexeris
2321 3429 2427 3497 ΟΕ
2457 3446 2466 3456 ¹
2531 3429 2674 3484 enim

374 3533 474 3572 om.
512 3518 570 3574 R
710 3520 989 3584 honorem,
1026 3537 1167 3574 corr.
1209 3520 1422 3588 (m.1?)
1462 3521 1726 3574 honorum
1763 3519 1839 3573 M
1961 3522 1993 3574 6
2032 3519 2140 3572 iam
2177 3533 2280 3571 om.
2318 3516 2374 3569 P
2408 3517 2572 3570 etiam
2609 3517 2682 3570 M

374 3607 404 3658 7
444 3606 617 3660 maius
653 3606 757 3660 HI
884 3607 917 3660 8
957 3607 1241 3676 quodlibet
1276 3607 1343 3661 H
1484 3608 1557 3661 sit
1592 3623 1696 3663 om.
1735 3608 1770 3661 1
1895 3607 1928 3660 9
1965 3607 2054 3660 uel
2095 3603 2442 3674 dedignanda
2478 3619 2581 3659 om.
2621 3605 2675 3658 A

442 3695 553 3764 uel]
588 3711 689 3748 nec
725 3695 792 3749 H
933 3697 1198 3765 correptio
1244 3696 1351 3766 ΟΕ
1517 3696 1584 3749 10
1624 3695 1688 3748 de
1727 3695 2180 3765 interpretatione
2220 3697 2316 3746 tua
2353 3691 2419 3746 H
2558 3709 2680 3762 per-

370 3783 542 3837 nuasti
582 3782 690 3853 ΟΕ
884 3785 1013 3852 quia
1055 3784 1162 3854 QE
1196 3784 1239 3851 (i
1277 3783 1443 3854 eras.)
1627 3784 1688 3837 11
1733 3783 1969 3837 uolueris
2007 3799 2110 3838 om.
2150 3782 2185 3835 1
2383 3779 2589 3834 hebriis
2627 3781 2680 3833 A

372 3871 438 3924 12
476 3887 508 3925 a
543 3887 645 3926 om.
684 3871 842 3926 HPI
976 3871 1217 3942 proferes
1246 3872 1409 3943 ΘΑΕ
1442 3875 1529 3938 (m.
1553 3875 1592 3926 2
1627 3872 1916 3942 proferres)
2014 3871 2079 3925 13
2117 3869 2390 3950 insinuare
2429 3867 2669 3938 digneris

366 3963 494 4029 peto
522 3959 643 4016 edd.
742 3962 893 4030 peto]
923 3963 1051 4031 peto
1082 3963 1147 4013 ut
1176 3961 1237 4014 Ε
1308 3961 1538 4082 14lante
1567 3976 1668 4015 om.
1697 3961 1754 4013 A
1829 3962 1893 4015 15
1925 3960 2180 4030 quonam]
2211 3974 2318 4027 quo
2357 3959 2403 4028 Q
2443 3957 2663 4024 quinam

362 4085 469 4138 HI
497 4101 723 4154 quorum
758 4085 819 4139 E
1032 4085 1323 4155 posterius]
1364 4061 1425 4139 su
1462 4085 1732 4154 posterius
1769 4084 1836 4138 H
1870 4082 2262 4154 posterioribus
2299 4081 2361 4135 Ε
2468 4081 2534 4134 16
2573 4080 2672 4133 ali-

364 4171 496 4242 quid
537 4171 645 4242 QE
784 4172 1103 4242 quodicibus
1138 4171 1208 4225 H
1378 4174 1441 4226 17
1482 4173 1746 4227 corruisse
1788 4172 1894 4242 QE
1929 4175 2078 4238 (m.2
2117 4168 2430 4238 correxisse)
2577 4167 2664 4236 de]

364 4261 523 4315 deum
563 4263 630 4315 de
669 4263 704 4314 1
886 4261 951 4315 18
987 4261 1113 4316 illos
1150 4261 1212 4316 Ε
1352 4278 1489 4330 quur
1516 4261 1618 4314 HI
1651 4277 1784 4332 qnos
1830 4261 1875 4330 Q
1913 4261 2004 4331 qui
2043 4259 2104 4313 E
2241 4258 2518 4312 noluerint
2555 4256 2680 4310 PM

362 4349 437 4404 20
474 4351 617 4405 Lxx
655 4351 716 4406 E
858 4349 1111 4413 edidisse,
1149 4349 1213 4403 in
1249 4367 1422 4420 mam-9.
1462 4351 1746 4418 scripsisse
1784 4351 1826 4404 I

418 4475 655 4526 xxxnn,
687 4475 807 4525 Aug.
830 4479 941 4516 nect.
962 4475 1006 4514 11
1034 4485 1141 4526 pm
1162 4477 1205 4517 a.
2528 4451 2604 4505 25
