3184 4959
524 426 655 489 480
1231 425 1283 478 S.
1339 426 1616 480 Aureli
1671 425 2111 496 Augustini

419 614 505 678 34
614 619 762 700 Ipsa
838 621 939 684 est
1012 638 1160 704 ergo
1238 621 1529 697 ecclesia,
1607 640 1768 703 quae
1841 621 2006 686 intra
2079 641 2378 708 sagenam
2445 623 2828 690 dominicam

527 743 673 790 cum
710 726 896 792 malis
933 727 1217 811 piscibus
1265 730 1461 803 natat,
1520 747 1557 792 a
1605 729 1840 812 quibus
1889 730 2076 795 corde
2135 749 2386 814 semper
2431 733 2497 796 et
2539 732 2828 796 moribus

526 837 856 916 separatur
920 837 1109 916 atque
1166 834 1457 912 discedit,
1522 840 1599 899 ut
1665 836 2034 901 exhibeatur
2095 837 2234 902 uiro
2302 857 2420 904 suo
2485 839 2828 922 gloriosa

525 961 671 1007 non
737 942 1021 1006 habens
1088 943 1456 1008 maculam
1522 963 1762 1026 neque
1815 962 2095 1029 rugam.
2165 945 2555 1029 corporalem
2611 949 2824 1011 autem

525 1049 983 1131 separationem
1032 1049 1097 1114 in
1145 1051 1331 1115 litore
1378 1051 1593 1130 maris,
1650 1052 1772 1116 hoc
1819 1055 1920 1117 est
1963 1052 2030 1116 in
2075 1052 2198 1116 fine
2247 1052 2488 1118 saeculi
2535 1055 2828 1136 expectat-
2889 1079 2924 1116 s

526 1155 865 1240 corrigens,
932 1176 1093 1241 quos
1150 1160 1385 1240 potest,
1450 1158 1752 1236 toleranS,
1820 1177 1981 1242 quos
2039 1159 2350 1243 corrigere
2405 1177 2528 1224 non
2581 1161 2825 1241 potest3

524 1281 646 1328 non
685 1265 899 1328 tamen
934 1267 1192 1348 propter
1228 1284 1465 1344 eorum,
1506 1284 1666 1348 quos
1706 1285 1830 1330 non
1869 1267 2149 1351 corrigit,
2179 1266 2582 1350 iniquitatem
2619 1266 2824 1349 ipsam

522 1370 830 1435 bonorum
880 1370 1120 1436 deserit
1161 1372 1489 1437 unitatem.

324 1467 386 1531 X
419 1469 502 1532 35
612 1476 763 1542 Noli
809 1496 979 1562 ergo,
1026 1477 1237 1554 frater,
1288 1482 1506 1544 contra
1551 1478 1770 1543 diuina
1815 1481 1946 1544 tam
1993 1480 2219 1559 multa,
2274 1481 2407 1544 tam
2456 1479 2642 1556 clara,
2689 1481 2826 1543 tam

521 1583 883 1649 indubitata
927 1585 1297 1650 testimonia
1333 1585 1631 1669 colligere
1669 1586 1838 1652 uelle
1877 1586 2226 1652 calumnias
2267 1605 2340 1651 ex
2379 1586 2826 1668 episcoporum
2864 1613 2926 1650 10

524 1691 779 1774 scriptis
855 1692 994 1757 siue
1058 1695 1421 1758 nostrorum
1498 1693 1670 1758 sicut
1731 1693 1962 1759 Hilarii
2037 1694 2197 1773 siue,
2275 1695 2613 1776 antequam
2677 1711 2824 1774 pars

522 1799 756 1864 Donati
804 1802 1218 1881 separaretur,
1264 1799 1472 1883 ipsius
1492 1787 1787 1866 *unitatis
1835 1801 2006 1866 sicut
2051 1800 2346 1884 Cypriani
2391 1803 2456 1866 et
2492 1798 2828 1884 Agrippini

520 1906 749 1988 primo,
836 1907 985 1988 quia
1056 1907 1177 1973 hoc
1252 1927 1453 1994 genus
1526 1908 1886 1973 litterarum
1963 1907 2038 1972 ab
2116 1907 2495 1972 auctoritate
2567 1905 2824 1971 canonis

524 2013 1049 2098 distinguendum
1106 2017 1223 2082 est.
1290 2034 1411 2080 non
1472 2015 1640 2080 enim
1697 2014 1792 2079 sic
1846 2015 2168 2099 leguntur,
2225 2017 2554 2096 tamquam
2608 2013 2700 2078 ita
2751 2031 2826 2076 ex

523 2119 616 2183 eis
688 2121 1131 2185 testimonium
1204 2122 1577 2205 proferatur,
1663 2125 1739 2185 ut
1811 2123 2030 2186 contra
2106 2121 2339 2185 sentire
2412 2139 2535 2184 non
2609 2119 2822 2196 liceat,
2861 2146 2924 2184 ιε»

524 2225 735 2292 sicubi
798 2227 958 2292 forte
1015 2227 1202 2292 aliter
1266 2231 1634 2310 sapuerunt,
1703 2247 1892 2310 quam
1946 2227 2184 2292 ueritas
2249 2227 2555 2310 postulat.
2622 2226 2690 2290 in
2745 2243 2819 2289 eo

524 2335 759 2418 quippe
796 2353 1055 2400 numero
1096 2353 1342 2414 sumus,
1390 2339 1467 2399 ut
1500 2354 1624 2401 non
1664 2334 2082 2418 dedignemur
2117 2334 2310 2398 etiam
2357 2333 2539 2398 nobis
2578 2332 2824 2396 dictum

525 2443 601 2506 ab
644 2442 933 2526 apostolo
983 2442 1299 2526 accipere:
1348 2443 1441 2506 Et
1479 2442 1544 2507 si
1582 2442 1760 2524 quid
1800 2441 2026 2505 aliter
2063 2440 2365 2523 sapitis,
2411 2439 2488 2504 id
2526 2458 2820 2522 quoque

521 2549 742 2614 uobis
818 2549 1001 2614 deus
1083 2550 1484 2615 reuelabit.
1570 2567 1830 2614 uerum
1913 2553 2158 2612 tamen
2242 2547 2315 2612 in
2389 2547 2586 2629 quod
2665 2564 2822 2629 per·

520 2657 891 2734 uenimus,
947 2657 1021 2721 in
1072 2676 1153 2722 eo
1203 2657 1697 2736 ambulemus,
1755 2657 1820 2721 in
1869 2656 1980 2720 illa
2023 2655 2132 2720 uia
2189 2655 2457 2730 scilicet,
2516 2671 2675 2737 quae
2723 2655 2824 2717 est
2861 2679 2926 2719 ao

523 2762 837 2842 ChristuS,
888 2764 963 2828 de
1002 2783 1128 2846 qua
1162 2765 1271 2828 uia
1306 2765 1596 2846 psalmus
1633 2763 1727 2828 ita
1761 2763 2079 2846 loquitur:
2129 2762 2330 2826 Deus
2367 2761 2826 2825 misereatur

520 2871 765 2935 nostri
832 2873 907 2935 et
968 2870 1369 2936 benedicat
1434 2871 1680 2946 nobis;
1747 2869 2158 2935 inluminet
2229 2869 2530 2933 uultum
2605 2885 2821 2931 suum

522 2994 747 3059 super
802 2996 955 3056 nos,
1022 2980 1107 3042 ut
1162 2995 1712 3061 cognoscamus
1780 2977 1854 3040 in
1920 2979 2124 3040 terra
2187 2976 2386 3040 uiam
2455 2981 2682 3050 tuam,
2746 2972 2821 3035 in

520 3083 869 3149 omnibus
918 3083 1276 3167 gentibus
1327 3085 1667 3149 salutare
1715 3087 1948 3148 tuum.

701 3367 727 3418 l
768 3325 1091 3430 Mastia-13,
1128 3365 1198 3419 47
1309 3365 1343 3419 3
1380 3364 1521 3435 Eph.
1562 3367 1613 3426 5,
1651 3365 1719 3418 27
1819 3366 1855 3419 4
1893 3365 2090 3418 Matth.
2132 3365 2216 3430 13,
2255 3365 2468 3418 48—49
2565 3363 2631 3417 18
2669 3361 2814 3416 Phil.

520 3453 571 3516 3,
614 3453 821 3508 15—16
926 3453 996 3508 20
1031 3453 1148 3508 Ioh.
1193 3454 1275 3516 14,
1316 3453 1347 3506 6
1458 3455 1523 3506 21
1566 3453 1654 3506 Ps.
1693 3453 1779 3514 66,
1817 3453 1956 3506 2-3

596 3629 621 3680 1
664 3627 815 3696 ergo]
855 3627 998 3681 enim
1036 3623 1091 3682 R
1222 3628 1258 3681 4
1297 3629 1409 3692 ant,
1446 3643 1515 3680 m.
1538 3631 1573 3682 2
1609 3642 1786 3696 neque
1823 3625 1877 3679 L
2011 3627 2044 3680 6
2082 3625 2583 3695 tolerans—potest
2619 3642 2720 3680 om.
2760 3625 2814 3677 A

520 3718 551 3770 ‘7
592 3731 816 3785 quorum
855 3719 993 3780 (rum
1028 3716 1092 3770 in
1125 3733 1241 3771 ras.
1278 3721 1311 3770 1
1352 3716 1409 3782 1.)
1448 3716 1521 3769 M
1659 3717 1780 3786 ipsa
1823 3714 1999 3770 ΜΘΗ
2035 3715 2159 3770 edd.
2269 3714 2303 3768 8
2351 3715 2620 3768 unitatem
2659 3713 2812 3769 dese-

516 3804 591 3858 rit
616 3803 685 3857 N
820 3803 1041 3858 disserit
1074 3805 1131 3858 A
1242 3805 1307 3860 10
1345 3803 1600 3874 colligere
1631 3803 1719 3858 uel
1747 3803 2102 3874 calumpniari
2133 3803 2506 3872 episcoporum
2535 3802 2738 3872 scripta
2756 3801 2823 3856 N

592 3892 859 3947 calumnia
888 3889 1083 3959 (m.1'?
1110 3910 1246 3948 corr.
1278 3893 1599 3959 calumnias)
1627 3893 1632 3962 Ι
1667 3909 1758 3947 sex
1785 3893 1862 3946 M
1959 3895 2024 3946 15
2053 3891 2372 3946 testimonia
2398 3889 2742 3960 proferantur
2759 3889 2816 3946 R

522 3983 587 4036 16
625 3982 907 4053 sapuerint
934 3981 1007 4035 M
1148 3982 1455 4052 expostulat
1481 3981 1538 4037 R
1651 3982 1716 4036 19
1756 3981 1887 4036 deus
1927 3980 2086 4034 uobis
2123 3979 2244 4034 edd.
2277 3979 2403 4045 (Gr.
2441 3979 2471 4033 ὁ
2509 3979 2644 4042 θεὸς
2677 3977 2816 4050 ὑμῖν)

588 4071 745 4124 uobis
792 4087 894 4126 om.
932 4071 987 4125 A
1038 4070 1197 4126 nobis
1233 4071 1297 4126 N
1578 4071 1849 4125 reuelauit
1882 4069 2114 4124 MAGP
2168 4073 2256 4134 (m.
2279 4073 2318 4122 2
2372 4066 2662 4134 reuelabit)
2701 4065 2812 4122 BL

514 4157 638 4213 edd.
671 4165 967 4228 praeterm
1128 4161 1183 4213 in
1224 4157 1373 4229 qnid,
1408 4175 1473 4213 m
1502 4163 1542 4214 2
1576 4159 1636 4213 in
1674 4157 1820 4228 quod
1862 4157 1908 4212 O
1941 4158 1998 4211 in
2035 4157 2092 4212 id
2133 4159 2186 4212 in
2229 4156 2372 4227 quod
2410 4156 2464 4210 R
2599 4155 2670 4209 20
2708 4155 2814 4208 sci-

516 4247 649 4301 licet
686 4249 777 4302 uia
814 4249 869 4304 R
1103 4249 1261 4318 quae]
1300 4247 1447 4318 quod
1484 4247 1559 4301 M
1590 4252 1752 4314 (co-rr.
1791 4265 1859 4305 m.
1883 4251 1914 4300 1
1953 4253 2080 4316 que)
2127 4245 2354 4300 ACPN
2579 4243 2812 4298 christus

516 4341 605 4391 est
639 4337 694 4392 R
821 4339 887 4392 21
930 4337 1209 4406 psalmista
1247 4337 1329 4391 ita
1364 4337 1441 4390 M
1471 4337 1553 4391 ita
1588 4337 1830 4406 psalmus
1866 4335 2029 4391 PBL
2066 4335 2189 4393 edd.
2299 4335 2370 4389 22
2406 4333 2588 4402 nobis]
2627 4349 2725 4386 nos
2768 4331 2818 4386 G
