3184 4959
1175 471 1705 542 epistularum
1762 473 1904 528 Lm.
2572 476 2697 540 155

407 669 692 735 eiusdem
733 665 1014 732 ciuitatis
1055 669 1306 732 uestrae
1353 664 1749 732 Diocletiano
1798 667 1969 732 VIII.
2022 673 2085 734 et
2130 669 2510 734 Maximiano
2556 668 2699 732 VII.

409 775 778 841 consulibus
825 772 1160 840 undecimo
1205 773 1528 839 Kalendas
1574 773 1809 850 Iunias,
1860 775 2091 857 quibus
2128 775 2373 860 liquido
2412 777 2703 842 constitit

405 883 498 947 ita
566 881 840 946 Paulum
915 881 1286 964 episcopum
1362 880 1724 956 tradidisse,
1802 887 1877 947 ut
1948 882 2247 948 Siluanus
2328 886 2481 948 tunc
2562 883 2701 947 eius

409 987 836 1054 subdiaconus
910 988 1104 1052 fuerit
1177 991 1242 1052 et
1305 1006 1448 1052 cum
1511 987 1625 1053 illo
1688 987 2022 1054 tradiderit
2084 991 2406 1073 proferens
2472 989 2700 1054 instruu

345 1127 370 1164 s
407 1098 624 1160 menta
694 1093 1026 1173 dominica,
1103 1095 1291 1160 etiam
1369 1113 1530 1177 quae
1614 1093 1950 1180 diligenter
2029 1097 2280 1162 fuerant
2362 1096 2700 1164 occultata.

411 1202 824 1284 capitulatam
855 1203 1220 1284 argenteam
1251 1204 1317 1266 et
1342 1201 1663 1266 lucernam
1708 1205 2093 1286 argenteam,
2132 1203 2225 1268 ita
2261 1207 2337 1268 ut
2372 1203 2431 1268 ei
2470 1202 2707 1267 diceret

413 1307 633 1372 Victor
677 1309 962 1390 quidam:
1013 1308 1329 1372 ‘Mortuus
1373 1307 1607 1386 fueras,
1648 1309 1705 1373 si
1742 1327 1863 1374 non
1902 1307 2047 1374 illas
2087 1309 2489 1374 inuenisses.³
2534 1309 2699 1374 hunc

407 1412 534 1478 iste
587 1413 939 1490 Siluanum,
994 1412 1590 1478 manifestissimum
1644 1413 2033 1492 traditorem,
2088 1433 2202 1498 pro
2257 1433 2487 1498 magno
2536 1433 2701 1479 com-

411 1522 722 1584 memorat
763 1519 828 1583 in
877 1519 1173 1602 epistula,
1223 1537 1410 1601 quam
1459 1519 1578 1584 tibi
1626 1520 1901 1603 scripsit,
1943 1539 1979 1584 a
2018 1519 2306 1586 Secundo
2344 1520 2701 1604 Tigisitano

329 1655 376 1694 ιο
409 1627 647 1707 primae
703 1625 874 1691 sedis
932 1626 1228 1709 episcopo
1305 1626 1674 1709 episcopum
1750 1631 1901 1691 tunc
1968 1627 2349 1693 ordinatum.
2416 1627 2704 1709 quiescat

413 1751 560 1816 ergo
607 1733 877 1816 superba
922 1751 1138 1798 eorum
1183 1732 1408 1816 lingua
1453 1735 1520 1798 et
1564 1739 1908 1818 cognoscat
1954 1733 2215 1798 crimina
2262 1753 2398 1812 sua,
2438 1753 2515 1798 ne
2554 1732 2704 1797 deli-

410 1857 554 1903 rans
626 1840 925 1921 loquatur
996 1839 1218 1905 aliena.
1293 1839 1491 1904 recita
1563 1839 1662 1904 illi
1736 1839 1953 1918 etiam,
2028 1841 2083 1906 si
2158 1839 2453 1914 uoluerit,
2524 1843 2707 1924 gesta.

413 1945 845 2011 ecclesiastica
873 1947 1158 2012 eiusdem
1190 1945 1462 2011 Secundi
1491 1945 1831 2030 Tigisitani
1868 1947 1934 2011 in
1972 1947 2161 2012 domo
2200 1946 2438 2012 Urbani
2468 1946 2704 2012 Donati

413 2051 648 2126 habita,
703 2053 816 2118 ubi
875 2051 1200 2120 confessos
1253 2053 1593 2118 traditores
1648 2053 1845 2118 iudici
1904 2055 2019 2118 deo
2070 2053 2335 2132 dimisit,
2382 2054 2703 2118 Donatum

329 2189 377 2228 ιε,
413 2158 930 2236 Masculitanum,
989 2159 1304 2224 Marinum
1354 2158 1430 2224 ab
1475 2159 1683 2242 Aquis
1730 2158 2109 2236 Tibilitanis,
2155 2159 2479 2223 Donatum
2528 2157 2705 2223 Cala-

411 2283 716 2344 mensem,
765 2285 910 2331 cum
959 2267 1190 2349 quibus
1239 2267 1546 2331 confessis
1593 2266 2005 2331 traditoribus
2049 2267 2469 2331 memoratum
2514 2263 2704 2328 tradi-

415 2375 616 2437 torem
665 2373 992 2439 Siluanum
1035 2373 1126 2437 eis
1166 2371 1484 2437 ordinauit
1522 2373 1913 2455 episcopum.
1946 2372 2143 2437 recita
2179 2371 2279 2436 illi
2317 2377 2499 2454 gesta
2537 2369 2707 2454 apud

415 2479 830 2562 Zenophilum
896 2479 1311 2556 consularem,
1385 2479 1496 2544 ubi
1564 2477 1993 2544 Nundinarius
2069 2477 2327 2561 quidam
2401 2477 2704 2542 diaconus

413 2585 614 2650 iratus
673 2585 956 2662 Siluan0,
1015 2584 1182 2668 quod
1239 2586 1316 2650 ab
1365 2604 1438 2650 eo
1487 2585 1683 2650 fuerit
1724 2585 2325 2660 excommunicatus,
2374 2584 2529 2648 haec
2576 2601 2705 2649 om-

329 2717 382 2758 20
415 2692 520 2757 nia
561 2692 820 2757 iudiciis
865 2691 1163 2774 prodidit,
1203 2710 1362 2774 quae
1412 2691 1602 2757 certis
1652 2691 2049 2756 documentis
2088 2694 2153 2755 et
2187 2689 2705 2774 responsionibus

413 2799 678 2863 testium
725 2801 790 2862 et
831 2797 1198 2863 recitatione
1245 2801 1570 2882 gestorum
1620 2801 1683 2883 et
1720 2798 2067 2862 multarum
2107 2796 2522 2880 epistularum
2560 2797 2705 2861 luce

417 2905 648 2970 clarius
696 2905 1134 2970 constitemnt.
2616 2981 2619 2986 ¹

285 3014 324 3075 5
503 3012 714 3077 Multa
757 3017 910 3086 sunt
957 3011 1099 3087 alia,
1150 3031 1311 3094 quae
1356 3010 1452 3074 illi
1501 3011 1754 3089 recites,
1804 3010 1858 3074 si
1905 3029 2029 3077 non
2078 3008 2475 3074 contentiose
2522 3027 2707 3092 agere

417 3117 529 3184 sed
583 3117 922 3200 prudenter
975 3118 1190 3182 audire
1245 3117 1552 3182 uoluerit:
1610 3135 1826 3200 preces
1883 3115 2365 3181 Donatistarum
2422 3114 2500 3180 ad
2550 3113 2708 3180 Con-

325 3249 378 3290 25
418 3226 786 3302 stantinum,
842 3229 916 3290 ut
978 3228 1234 3308 propter
1295 3225 1502 3308 ipsam
1569 3242 1829 3288 causam
1890 3223 2057 3288 inter
2116 3222 2307 3288 Afros
2373 3221 2706 3305 episcopos

417 3330 823 3396 dirimendam
897 3329 1140 3396 iudices
1217 3349 1286 3394 ex
1363 3329 1573 3396 Gallia
1648 3331 1982 3414 episcopos
2064 3329 2374 3402 mitteret;
2459 3329 2706 3392 litteras

417 3439 607 3503 etiam
684 3438 970 3503 eiusdem
1035 3437 1455 3521 imperatoris,
1523 3437 1635 3502 ubi
1702 3436 2033 3520 episcopos
2095 3435 2279 3501 misit
2342 3435 2417 3500 ad
2482 3434 2703 3501 urbem

490 3667 514 3720 1
566 3664 838 3725 diocletia,
885 3682 955 3719 m.
979 3669 1018 3718 2
1065 3664 1390 3719 diocletiano
1427 3665 1483 3717 P
1696 3663 1853 3718 v1110
1889 3665 1941 3717 A
1991 3662 2165 3717 vmto
2204 3664 2261 3719 R
2298 3667 2493 3717 octauo
2534 3661 2673 3728 aes
2689 3660 2708 3713 1

417 3759 736 3809 ontauumm
843 3753 971 3807 VII⁰
995 3755 1050 3806 A
1087 3758 1240 3823 septe
1277 3753 1332 3808 R
1372 3753 1607 3822 septimo
1647 3753 1818 3820 aefl
1856 3752 2143 3822 septimum
2182 3767 2235 3804 m
2308 3751 2339 3804 2
2378 3749 2455 3804 XI
2496 3749 2602 3803 FR
2626 3765 2709 3802 ae

485 3843 562 3897 Kt
595 3843 824 3898 MRae
1001 3843 1230 3896 ieiunias
1269 3844 1322 3896 A
1518 3845 1554 3895 4
1591 3841 1868 3903 diaconus,
1908 3857 2043 3894 corr.
2083 3857 2153 3896 m.
2179 3845 2207 3892 1
2244 3839 2605 3892 subdiaconus
2640 3837 2715 3892 M

415 3935 448 3986 5
487 3935 731 4002 q;,m.2
781 3947 887 4002 que
932 3931 988 3985 P
1033 3948 1165 4002 quas
1211 3931 1390 3985 MFA
1641 3933 1675 3986 6
1722 3934 1781 3984 ct
1822 3930 2094 3984 lucernam
2142 3933 2455 3998 argenteam
2502 3944 2605 3981 om.
2642 3927 2715 3981 M

417 4023 448 4074 7
487 4022 610 4092 illai
653 4022 708 4075 P
825 4022 858 4074 8
897 4021 1140 4076 silnanus
1179 4020 1333 4074 codd.
1373 4020 1495 4074 edd.
1524 4026 1825 4088 praeterm
1946 4019 1979 4072 9
2019 4018 2207 4072 scribit
2245 4016 2366 4070 edd.
2492 4017 2558 4069 10
2597 4015 2709 4084 epi-

415 4128 635 4180 scopum
671 4128 772 4166 om.
811 4110 867 4165 R
979 4109 1046 4164 13
1083 4111 1474 4164 ecclesiastica·
1517 4111 1651 4177 (fuit
1689 4112 1735 4177 s)
1776 4109 1836 4162 F
1940 4106 2173 4161 Secundi
2214 4122 2314 4160 om.
2354 4105 2409 4161 R
2522 4106 2587 4158 14
2626 4105 2708 4158 iu-

415 4200 575 4254 dicim
611 4202 827 4269 (parua
861 4203 1000 4264 ras.)
1040 4199 1101 4252 F
1259 4199 1322 4252 15
1361 4197 1837 4252 masculinitanum
1880 4197 1955 4262 (ni
1997 4211 2115 4262 exp.
2151 4211 2222 4248 m.
2244 4199 2295 4260 1)
2332 4194 2409 4247 M
2546 4193 2707 4244 mari-

415 4293 602 4343 tanum
641 4295 722 4354 (ta
757 4293 902 4358 exp.)
941 4289 998 4342 P
1171 4287 1241 4342 20
1275 4287 1488 4340 inditiis
1527 4287 1580 4340 P
1757 4287 1824 4340 21
1864 4283 2172 4338 lucedarius
2210 4285 2264 4336 A
2408 4283 2475 4336 27
2518 4281 2706 4349 etiam]

417 4379 556 4432 enim
599 4381 670 4433 M
