3184 4959
548 442 676 505 580
1253 437 1306 492 S.
1363 436 1639 490 Aureli
1694 436 2135 505 Augustini

549 631 664 696 deo
723 631 1030 709 habitent,
1089 631 1198 714 qui
1253 631 1525 696 salutem
1585 629 1836 694 dedisse
1895 632 2007 694 aut
2052 630 2335 695 consiliis
2392 633 2505 694 aut
2550 630 2847 713 operibus

547 739 789 820 patriae
856 739 1218 805 doceantur.
1291 740 1419 802 iam
1484 736 1667 814 illud,
1740 736 1909 820 quod
1982 737 2348 802 ioculariter
2412 738 2711 822 dignatus
2778 757 2846 800 es

552 845 758 910 dicere
832 846 1053 911 urbem
1136 849 1417 910 nostram
1481 864 1603 910 non
1662 846 1851 908 armis
1918 844 2029 910 sed
2086 845 2359 908 fiammis
2412 844 2850 927 incendiisque

549 939 813 1036 flagrare
880 954 946 1016 et
1017 951 1230 1034 spinas
1305 951 1510 1036 magis
1583 951 1949 1035 ingenerare
2016 971 2205 1033 quam
2279 951 2487 1031 flores,
2560 969 2686 1014 non
2751 953 2855 1014 est

551 1059 824 1124 maxima
868 1058 1294 1141 reprehensio,
1351 1076 1498 1122 cum
1547 1057 1827 1122 sciamus
1873 1057 2059 1122 flores
2110 1077 2181 1122 ex
2228 1057 2431 1140 spinis
2477 1057 2853 1140 plerumque
2920 1079 2951 1118 s

553 1165 852 1251 generari.
906 1184 1054 1229 nam
1101 1168 1165 1230 et
1207 1183 1386 1228 rosas
1436 1183 1507 1228 ex
1564 1163 1766 1246 spinis
1815 1162 1993 1247 gigni
2039 1165 2181 1246 quis
2228 1162 2483 1228 dubitat
2528 1167 2593 1228 et
2634 1163 2853 1246 fruges

551 1273 726 1356 ipsas
775 1271 1112 1336 aristarum
1157 1271 1329 1335 uallo
1389 1270 1622 1354 sepiri?
1667 1270 1759 1334 ita
1806 1277 1871 1335 et
1916 1270 2159 1352 asperis
2208 1271 2429 1336 suauia
2476 1270 2855 1353 plerumque

555 1379 924 1444 miscentur.

645 1485 1050 1550 Postremum
1095 1483 1219 1548 fuit
1270 1483 1336 1547 in
1390 1482 1625 1547 litteris
1673 1483 2093 1564 praestantiae
2139 1486 2288 1548 tuae
2336 1502 2457 1549 non
2506 1485 2699 1566 caput
2744 1485 2861 1547 aut

559 1593 930 1675 sanguinem
1003 1589 1065 1654 in
1143 1590 1446 1654 ecclesiae
1519 1589 1833 1673 postulari
1902 1588 2210 1666 uindicta,
2290 1589 2401 1655 sed
2461 1589 2653 1654 rebus
2719 1589 2860 1670 qui-
2901 1613 2962 1652 ιο

557 1700 680 1771 bus
735 1698 1004 1764 maxime
1049 1700 1348 1761 metuunt
1403 1696 1789 1778 spoliandos,
1848 1716 1965 1780 ego
2015 1701 2251 1776 autem,
2307 1696 2433 1760 nisi
2486 1715 2588 1760 me
2646 1695 2859 1777 opinio

559 1805 746 1882 fallit,
821 1805 914 1869 sic
980 1804 1248 1868 arbitror
1321 1803 1582 1886 grauius
1649 1822 1789 1868 esse
1864 1803 2125 1884 spoliari
2186 1803 2601 1868 facultatibus
2668 1821 2862 1884 quam

564 1910 785 1989 occidi,
846 1911 902 1974 si
959 1910 1234 1992 quidem,
1294 1909 1463 1992 quod
1519 1910 1989 1992 frequentatum
2046 1910 2108 1972 in
2166 1909 2399 1973 litteris
2444 1909 2635 1987 nosti,
2689 1927 2861 1973 mors

563 2019 874 2083 malorum
940 2016 1218 2082 omnium
1287 2017 1535 2081 auferat
1606 2035 1885 2089 sensum,
1963 2019 2260 2100 egestosa
2330 2015 2468 2079 uita
2541 2017 2863 2079 aeternam

562 2125 768 2208 pariat
813 2123 1270 2198 calamitatem
1322 2122 1580 2206 grauius
1628 2125 1731 2186 est
1778 2123 1943 2185 enim
1990 2122 2154 2186 male
2200 2123 2421 2186 uiuere
2462 2139 2651 2203 quam
2696 2119 2867 2184 mala
2910 2146 2967 2186 ιε

563 2235 765 2296 morte
811 2230 1009 2295 finire.
1057 2231 1186 2295 hoc.
1218 2228 1410 2294 etiam
1447 2247 1674 2312 operae
1716 2232 1971 2293 uestrae
2018 2227 2255 2293 indicat
2299 2227 2482 2311 ratio,
2528 2227 2593 2292 in
2633 2226 2869 2309 quibus

563 2355 871 2421 pauperes
929 2335 1287 2413 sustinetiS,
1343 2335 1667 2400 morbidos
1724 2334 2047 2400 curatione
2100 2334 2423 2412 releuatis,
2487 2316 2869 2398 medicinam

568 2443 821 2509 afflictis
852 2443 1220 2526 corporibus
1251 2441 1588 2518 adhibetis,
1628 2439 1694 2504 id
1731 2444 2051 2525 postremo
2090 2441 2297 2506 modis
2328 2440 2620 2506 omnibus
2650 2439 2868 2523 agitiS,

567 2553 642 2615 ut
681 2549 1164 2614 diuturnitatem
1204 2548 1586 2612 calamitatis
1635 2546 1870 2612 addicti
1918 2567 2041 2612 non
2092 2547 2387 2612 sentiant.
2439 2546 2609 2630 quod
2654 2550 2871 2611 autem

570 2655 646 2720 ad
692 2655 952 2718 modum
1000 2653 1279 2736 pertinet
1319 2656 1746 2735 peccatorum,
1804 2653 1963 2718 nihil
2006 2653 2292 2732 interest,
2342 2653 2527 2736 quale
2572 2652 2870 2717 uideatur
2910 2679 2973 2719 so

571 2779 712 2827 esse
766 2763 1119 2843 peccatum,
1179 2758 1282 2824 cui
1337 2759 1735 2844 indulgentia
1785 2761 2169 2843 postulatur.
2236 2760 2514 2843 primum
2568 2759 2754 2832 enim,
2808 2758 2873 2822 si

569 2868 956 2952 paenitentia
1011 2870 1074 2930 et
1136 2866 1391 2931 ueniam
1447 2866 1674 2932 tribuit
1728 2870 1795 2932 et
1855 2870 2089 2951 purgat
2152 2866 2524 2944 admissum,
2589 2864 2875 2950 paenitet

571 2973 794 3057 utique
857 2973 1063 3050 illum,
1130 2972 1239 3055 qui
1303 2975 1508 3056 rogat,
1568 2973 1679 3055 qui
1740 2973 1934 3056 pedes
1992 2973 2458 3056 complectitur,
2524 2975 2607 3052 et,
2672 2972 2748 3051 si,
2793 2975 2875 3035 ut

573 3079 951 3162 quibusdam
1009 3078 1407 3161 philosophis
1464 3080 1695 3162 placet,
1755 3079 1965 3144 omnia
2026 3083 2290 3162 peccata
2332 3079 2508 3162 paria
2554 3081 2722 3156 sunt,
2778 3076 2873 3140 in-

575 3187 903 3272 dulgentia
958 3187 1248 3251 omnibus
1309 3185 1497 3250 debet
1551 3205 1691 3252 esse
1740 3187 2112 3252 communis,
2166 3187 2559 3270 petulantius
2614 3187 2871 3250 locutus
2912 3211 2972 3250 ετ)

575 3298 676 3358 est
737 3293 989 3376 aliquis,
1053 3293 1372 3377 peccauit3
1449 3293 1741 3358 conuicia
1806 3297 1918 3357 aut
1980 3293 2242 3358 crimina
2303 3293 2597 3377 ingessit,
2672 3310 2871 3373 aeque

755 3501 898 3554 2—4
934 3501 1000 3556 cf.
1039 3519 1092 3570 p.
1131 3502 1254 3566 428,
1296 3503 1507 3556 13—17
1692 3502 1863 3556 9—11
1906 3527 1974 3548 =
2012 3501 2192 3572 p.583,
2230 3501 2403 3564 4—6;
2442 3501 2509 3554 cf.
2548 3519 2603 3571 p.
2638 3500 2763 3564 434,
2804 3501 2875 3553 lo

579 3590 718 3645 —15
867 3590 1075 3644 11—16
1114 3590 1179 3644 cf.
1209 3609 1261 3660 p.
1291 3591 1415 3653 583,
1455 3592 1593 3645 7-9
1634 3593 1693 3645 et
1731 3591 1942 3646 10—-13
2054 3590 2262 3645 16-18
2303 3590 2368 3644 cf.
2409 3607 2459 3658 p.
2499 3589 2624 3653 584,
2660 3589 2877 3643 22--24

578 3679 786 3733 20-21
828 3703 895 3724 =
934 3696 985 3748 p.
1025 3679 1148 3742 587,
1187 3679 1401 3733 27—28
1565 3681 1635 3733 22
1676 3679 1740 3734 cf.
1781 3697 1831 3750 p.
1872 3679 1993 3740 588,
2032 3679 2170 3734 6-7
2336 3679 2530 3748 23—p.
2570 3679 2694 3743 581,
2732 3681 2765 3733 3
2803 3703 2875 3722 =

577 3785 628 3837 p.
670 3768 791 3832 592,
830 3767 1032 3831 8—103
1074 3768 1308 3832 12—133
1354 3768 1593 3833 18-—193
1635 3767 1873 3832 27—28;
1913 3767 2035 3830 591,
2075 3767 2144 3820 26

651 3895 682 3947 7
721 3895 802 3948 ita
838 3897 902 3947 ut
938 3893 1144 3964 asperis
1183 3893 1302 3946 edd.
1345 3961 1354 3968 ¹
1415 3893 1448 3946 8
1484 3895 1815 3948 misceantur
1851 3891 1971 3946 edd.
2000 3892 2277 3960 praeterl
2386 3891 2454 3946 10
2492 3890 2787 3945 uindictam
2828 3889 2886 3944 U

577 4001 656 4049 m;
693 3984 762 4051 ef.
791 4000 852 4051 p.
897 3985 1032 4044 583,
1077 3985 1111 4034 5
1361 3982 1520 4036 rebus
1572 3981 1767 4051 quibus
1814 3981 1877 4034 in
1922 3997 2033 4035 ras.
2084 3980 2138 4034 U
2180 3980 2373 4050 quibus
2420 3980 2582 4033 rebus
2630 3979 2683 4033 V
2721 3979 2877 4042 cdd„-

579 4073 650 4139 cf.
683 4091 740 4142 p.
785 4075 920 4134 583,
963 4073 996 4124 5
1234 4073 1300 4125 14
1337 4071 1514 4125 aufert
1550 4071 1707 4124 codd.
1748 4069 1887 4136 edd„
1926 4070 2124 4138 scripsi
2160 4069 2395 4134 auferat3
2434 4069 2507 4136 cf.
2536 4085 2599 4136 p.
2644 4071 2779 4135 583,
2814 4073 2877 4121 11

651 4165 874 4214 aeterna
917 4159 971 4215 U
1125 4161 1190 4216 15
1227 4160 1374 4230 parit
1408 4177 1462 4213 m
1610 4160 1675 4213 16
1714 4175 1936 4228 operum
1983 4161 2281 4212 uestrorum
2320 4175 2380 4224 r;
2414 4159 2486 4226 cf.
2516 4175 2579 4226 p.
2625 4160 2757 4221 584,
2796 4160 2879 4210 22

582 4265 804 4319 operum
841 4251 1146 4303 nostrorum
1260 4251 1325 4304 19
1365 4248 1558 4302 afflicti
1584 4266 1638 4300 m
1746 4248 1810 4302 21
1852 4250 2133 4317 peecatum
2174 4263 2291 4300 esse
2329 4245 2383 4300 U
2495 4247 2605 4316 cui]
2641 4264 2697 4314 p.
2742 4248 2877 4308 587,

585 4341 668 4390 ,27
705 4353 824 4390 cum
1039 4338 1086 4390 si
1123 4338 1480 4406 penitentiam
1519 4339 1582 4391 in
1617 4353 1731 4392 rae.
1780 4336 1831 4390 U
1874 4337 2199 4406 sapientiam
2248 4334 2409 4402 Vlr,·
2456 4337 2526 4402 cf.
2557 4353 2619 4403 p.
2664 4336 2798 4398 588,
2842 4337 2882 4386 6
