3184 4959
606 434 735 499 688
1319 432 1374 489 S.
1431 430 1705 487 Aureli
1760 431 2198 502 Augustini
2290 474 2295 479 .

602 627 812 693 finem.
857 626 1000 692 ideo
1039 628 1132 692 ait
1175 644 1298 691 non
1337 646 1480 692 eum
1519 626 1766 692 uidisse
1804 629 2027 710 ‘neque
2060 628 2309 693 motum
2358 629 2579 693 sensui
2614 628 2925 694 iunctum

604 736 668 801 et
707 734 1160 799 continentem'
1192 770 1280 781 —-
1318 734 1384 799 id
1421 736 1522 800 est
1553 734 1854 799 continua
1892 734 2294 817 copulatione
2332 732 2785 801 adhaerentem
2826 774 2921 783 —

603 840 892 907 ‘infinito’
939 876 1020 886 --
1069 839 1138 903 id
1195 842 1296 905 est
1349 839 1631 905 infinitae
1684 840 1779 905 rei
1824 878 1911 887 -
1957 841 2186 905 ‘ullum
2234 858 2375 906 esse
2428 844 2661 925 posse',
2722 844 2922 925 quasi

602 947 680 1012 de
719 946 1088 1031 corporibus
1129 950 1362 1031 ageret,
1404 947 1639 1030 quibus
1678 946 1839 1011 nihil
1872 946 2053 1031 iungi
2088 947 2212 1013 nisi
2257 966 2369 1032 per
2412 948 2571 1014 fines
2616 950 2923 1015 locorum

599 1057 834 1137 potest.
901 1054 996 1118 sic
1061 1056 1273 1118 autem
1331 1053 1606 1118 addidit:
1656 1052 1897 1137 ‘Neque
1954 1072 2211 1119 sensum
2270 1054 2543 1134 omnino,
2598 1076 2727 1138 quo
2784 1076 2919 1121 non
2978 1080 3005 1120 ⁵

600 1164 737 1227 tota
789 1164 1018 1225 natura
1069 1160 1257 1243 pulsa
1311 1160 1621 1243 sentiret’,
1679 1160 1863 1242 quasi
1916 1160 2025 1225 ille
2074 1160 2341 1225 dixisset
2394 1164 2670 1227 mentem
2728 1162 2921 1227 illam

601 1266 1043 1333 ordinatricem
1093 1268 1158 1331 et
1210 1264 1694 1331 moderatricem
1740 1286 1953 1331 rerum
1999 1266 2285 1332 omnium
2340 1266 2568 1332 habere
2622 1286 2919 1347 sensum,

602 1374 854 1457 qualem
909 1373 1102 1438 habet
1157 1372 1364 1437 anima
1418 1392 1532 1455 per
1577 1392 1831 1455 corpus,
1887 1393 2030 1438 nam
2087 1374 2499 1439 manifestum
2546 1378 2647 1439 est
2704 1378 2919 1440 totam

601 1480 832 1546 sentire
891 1480 1187 1558 animam,
1255 1498 1401 1545 cum
1455 1498 1570 1562 per
1624 1498 1855 1563 corpus
1913 1480 2157 1563 aliquid
2210 1481 2436 1557 sentit3
2500 1500 2647 1545 nam
2704 1486 2917 1546 totam

601 1587 824 1669 utique
879 1606 1000 1651 non
1065 1586 1245 1667 latet,
1306 1586 1611 1669 quicquid
1666 1586 1831 1651 illud
1888 1590 2005 1665 est,
2063 1587 2235 1669 quod
2290 1587 2579 1653 sentitur.
2648 1588 2731 1652 ad
2786 1586 2919 1653 hoc
2958 1615 3007 1653 ιο

601 1696 814 1758 autem
879 1692 1038 1756 dixit
1099 1695 1304 1758 totam
1369 1695 1661 1759 naturam
1728 1694 1985 1773 sentire,
2058 1697 2133 1758 ut
2196 1692 2293 1757 illi
2360 1694 2541 1777 quasi
2606 1694 2917 1773 auferret,

599 1799 768 1883 quod
825 1799 916 1863 ait
969 1803 1244 1863 mentem
1302 1798 1635 1864 infinitam.
1703 1819 1827 1883 quo
1894 1800 2081 1867 modo
2140 1799 2307 1865 enim
2365 1803 2501 1865 tota
2562 1800 2785 1879 sentit,
2860 1803 2919 1866 si

598 1906 846 1971 infinita
893 1909 1030 1971 est?
1089 1924 1316 1970 sensus
1365 1906 1534 1970 enirn
1581 1907 1865 1989 corporis
1913 1906 1991 1971 ab
2042 1906 2253 1989 aliquo
2311 1907 2451 1971 loco
2506 1906 2741 1989 incipit
2792 1926 2919 1973 nec

599 2012 908 2095 percurrit
961 2014 1192 2092 totum,
1248 2011 1373 2076 nisi
1420 2011 1495 2076 ad
1547 2013 1733 2076 cuius
1790 2012 1977 2077 finem
2036 2012 2415 2096 peruenerit,
2462 2011 2633 2095 quod
2688 2013 2757 2077 in
2817 2016 2921 2080 in-

599 2118 775 2184 finito
818 2117 943 2183 dici
989 2138 1112 2183 non
1161 2120 1396 2202 potest.
1446 2118 1559 2183 sed
1597 2138 1800 2201 neque
1836 2120 1947 2183 ille
1988 2119 2065 2184 de
2114 2138 2303 2185 sensu
2342 2119 2622 2201 corporis
2662 2120 2921 2203 aliquid
2958 2146 3009 2187 ιε

599 2225 835 2290 dixerat
890 2228 956 2290 et
1018 2226 1205 2290 aliter
1259 2224 1496 2290 dicitur
1548 2229 1782 2303 totum,
1840 2227 2011 2308 quod
2074 2226 2513 2309 incorporeum
2570 2229 2693 2304 est,
2754 2228 2919 2309 quia

599 2333 734 2398 sine
796 2331 1027 2397 finibus
1093 2333 1380 2397 locorum
1445 2332 1860 2417 intellegitur,
1926 2336 2001 2397 ut
2056 2336 2123 2397 et
2184 2334 2393 2397 totum
2449 2336 2515 2397 et
2576 2332 2915 2397 infinitum

597 2439 724 2505 dici
759 2439 994 2524 possit:
1033 2442 1242 2505 totum
1281 2442 1538 2522 propter
1564 2439 2022 2524 integritatem,
2060 2438 2400 2517 infinitum,
2432 2441 2583 2522 quia
2610 2440 2915 2505 locorum

596 2544 826 2610 finibus
875 2564 1000 2611 non
1049 2546 1348 2611 ambitur.

491 2664 575 2727 25
685 2652 992 2731 ‘Deinde‘‚
1056 2652 1285 2735 inquit,
1343 2652 1420 2717 ‘si
1483 2656 1764 2716 mentem
1827 2652 2029 2734 ipsam
2090 2652 2274 2735 quasi
2340 2652 2572 2717 animal
2638 2652 2919 2735 aliquod
2954 2682 3011 2720 ευ
3119 2642 3120 2677 ³

600 2776 740 2823 esse
785 2759 1017 2837 uoluit,
1069 2760 1188 2823 erit
1233 2757 1474 2841 aliquid
1522 2757 1811 2836 interim,
1860 2778 1933 2823 ex
1969 2778 2094 2842 quo
2141 2759 2305 2824 illud
2352 2760 2583 2824 animal
2619 2762 2921 2826 nomine-

598 2868 745 2941 tur’‚
802 2870 878 2931 ut
923 2884 1104 2930 mens
1149 2865 1276 2930 ista
1323 2864 1506 2948 quasi
1555 2883 1783 2947 corpus
1832 2864 1920 2930 sit
1966 2870 2033 2930 et
2084 2864 2316 2930 habeat
2369 2866 2542 2931 intus
2601 2866 2919 2947 animam,

599 2970 764 3035 unde
820 2972 1052 3037 animal
1099 2972 1472 3055 appelletur.
1529 2971 1680 3036 uide
1728 2990 1919 3055 quem
1966 2971 2043 3035 ad
2090 2971 2353 3037 modum
2398 2972 2711 3055 corporali
2758 2992 2921 3040 con-

601 3078 938 3143 suetudine
992 3079 1300 3162 loquitur,
1348 3097 1471 3161 quo
1521 3078 1711 3143 modo
1771 3078 1980 3143 solent
2022 3079 2226 3144 uideri
2274 3078 2589 3158 animalia,
2642 3085 2927 3164 propter

603 3202 859 3249 sensum
921 3203 1237 3269 grossum,
1295 3188 1370 3248 ut
1424 3184 1665 3267 opinor,
1722 3204 1963 3265 eorum,
2020 3189 2237 3251 contra
2282 3203 2443 3269 quos
2492 3185 2785 3263 disserit:
2854 3194 2923 3253 et
2962 3216 3013 3253 as

781 3340 837 3406 13
876 3342 931 3405 53
975 3340 1047 3395 20
1085 3339 1196 3395 Cic.
1237 3339 1304 3394 de
1340 3344 1454 3394 nat.
1495 3339 1546 3397 d.
1583 3339 1629 3408 Ι,
1670 3341 1755 3405 11,
1794 3340 1864 3395 26

673 3444 700 3498 1
743 3461 866 3499 enm
902 3462 1008 3500 non
1045 3444 1101 3501 R
1260 3451 1390 3499 ante
1425 3446 1611 3500 sensui
1636 3462 1834 3515 parua
1869 3462 1985 3502 ras.
2021 3444 2099 3500 M
2274 3446 2306 3501 3
2341 3446 2559 3501 infinita
2596 3448 2741 3502 aerei
2780 3448 2923 3503 MA

599 3536 634 3589 4
670 3534 825 3604 iungi
849 3544 856 3598 1
881 3534 1016 3589 nihil
1043 3534 1120 3588 M
1221 3538 1254 3589 5
1292 3534 1391 3604 sic]
1433 3535 1480 3587 si
1516 3534 1569 3588 V
1673 3536 1706 3589 6
1744 3536 1886 3604 tota]
1923 3536 2043 3603 ipsa
2086 3534 2365 3590 Ciceronis
2400 3534 2556 3589 codd.
2666 3536 2753 3590 illi
2784 3537 2918 3591 MA

599 3622 693 3676 ille
728 3622 816 3676 illi
851 3622 908 3677 R
1071 3625 1102 3677 7
1142 3624 1200 3677 et
1235 3621 1647 3677 moderatricem
1684 3638 1787 3677 om.
1824 3623 1965 3677 P¹V
2128 3624 2197 3678 10
2233 3623 2382 3695 quod
2414 3642 2523 3679 non
2560 3626 2807 3680 sentitur
2844 3630 2927 3683 M

605 3713 672 3766 14
705 3712 1018 3782 perueniret
1053 3711 1128 3765 M
1273 3710 1339 3765 16
1377 3710 1545 3776 aliud,
1583 3728 1653 3768 m.
1677 3719 1707 3766 1
1742 3728 1919 3781 supra
1951 3713 1981 3766 λ’
2016 3712 2179 3767 aliter
2212 3711 2268 3768 R
2450 3713 2596 3783 quod
2630 3718 2823 3769 totum
2864 3720 2923 3774 R

604 3802 670 3855 17
709 3804 772 3855 ut
809 3803 884 3871 et]
921 3803 986 3855 ut
1023 3804 1148 3867 (mn.
1188 3804 1264 3864 et)
1304 3801 1359 3853 A
1612 3804 1669 3854 et
1702 3800 1977 3855 infinitum
2015 3816 2136 3866 om„
2174 3819 2243 3857 m.
2267 3806 2307 3857 2
2340 3802 2405 3857 in
2440 3818 2611 3873 mar-9.
2650 3804 2795 3859 add.
2840 3806 2923 3860 Ρι

605 3890 672 3945 18
717 3906 994 3958 annorum,
1037 3907 1107 3944 m.
1128 3893 1162 3943 1
1201 3906 1378 3959 supra
1421 3889 1449 3943 ἲ
1492 3890 1733 3944 locorum
1779 3889 1836 3945 R
2036 3890 2109 3944 20
2160 3892 2359 3961 ipsam]
2408 3892 2569 3945 istam
2622 3892 2927 3951 Ciceronis

602 3979 757 4037 codd.
973 3980 1038 4032 21
1079 3978 1258 4033 uoluit
1295 3994 1414 4033 esse
1455 3978 1735 4033 Ciceronis
1770 3978 1926 4036 codd.
1966 3986 2195 4049 praeter
2229 3980 2466 4049 Erlanq.
2686 3982 2763 4035 23
2818 4000 2925 4055 ap-

599 4068 897 4140 pellaretur
931 4064 1068 4122 P¹V
1137 4069 1208 4122 24
1245 4066 1420 4121 uideri
1457 4068 1637 4121 solent
1660 4066 1717 4121 R
1824 4067 2000 4123 uideri
2038 4086 2159 4132 om„
2188 4086 2257 4123 m.
2280 4072 2319 4122 2
2354 4070 2417 4122 in
2450 4085 2625 4139 mara.
2666 4070 2813 4126 add.
2846 4074 2929 4128 1³²

671 4158 889 4227 praeter
915 4172 1026 4211 ras.
1057 4162 1108 4210 et
1131 4172 1269 4211 corr.
1297 4174 1366 4210 m.
1389 4159 1444 4220 2,
1473 4155 1647 4223 fuisse
1673 4156 1789 4210 uid.
1820 4160 2043 4227 propter
2068 4158 2145 4211 M
2210 4158 2280 4212 25
2310 4172 2563 4212 sensuum
2594 4160 2645 4211 Δ
2762 4178 2931 4231 gres-

602 4262 720 4301 sum
759 4244 934 4301 ΜΔΕ
971 4248 1062 4311 (m.
1082 4248 1116 4298 1
1151 4261 1328 4313 supra
1360 4245 1388 4298 ἲ
1424 4250 1693 4315 grossum)
1734 4262 1969 4301 crassum
2005 4247 2043 4314 f
2054 4246 2074 4301 Ζ
2090 4262 2189 4301 rm
2405 4245 2653 4317 disserit]
2696 4246 2931 4315 dixerit,

601 4350 742 4390 corr.
779 4338 900 4387 m.1
937 4333 1155 4388 disserit
1193 4333 1248 4386 P
