3184 4959
1125 466 1663 536 epistularum
1721 467 1875 523 CXX.
2492 472 2616 535 ‘721

315 663 464 745 ipsa
507 662 663 739 uita,
715 662 906 725 etiam
963 662 1144 726 nobis
1201 661 1275 726 fit
1328 661 1484 739 uita,
1535 681 1680 727 cum
1732 664 1867 727 eius
1919 662 2231 729 efficimur
2276 668 2621 748 utcumque

319 768 683 853 participe8‚
730 768 840 846 ita,
901 788 1044 833 cum
1100 769 1164 833 in
1233 786 1300 832 se
1363 768 1504 851 ipsa
1567 770 1655 833 sit
1716 769 1987 848 iustitia,
2047 770 2239 853 etiam
2302 772 2483 837 nobis
2554 771 2623 837 fit

319 876 588 954 iustitia,
656 894 802 940 cum
869 875 926 939 ei
983 874 1370 940 cohaerendo
1436 876 1605 939 iuste
1670 875 1977 953 uiuimus,
2046 878 2109 941 et
2172 880 2349 942 tanto
2414 882 2621 965 magis

321 986 618 1051 minusue
663 984 822 1048 iusti
877 1002 1124 1059 sumuS,
1173 986 1404 1063 quanto
1453 982 1551 1046 illi
1597 984 1805 1067 magis
1852 984 2146 1049 minusue
2195 986 2621 1053 cohaeremus.

254 1114 284 1153 s
323 1090 488 1156 unde
536 1090 844 1175 scriptum
893 1092 992 1155 est
1039 1089 1114 1153 de
1150 1088 1478 1172 unigenito
1519 1087 1650 1154 filio
1694 1089 1815 1167 dei,
1858 1108 2003 1155 cum
2042 1092 2128 1155 sit
2163 1092 2385 1173 utique
2425 1095 2619 1177 patris

321 1198 638 1280 sapientia
684 1199 873 1279 atque
920 1196 1170 1260 iustitia
1217 1198 1284 1259 et
1320 1214 1571 1279 semper
1606 1196 1671 1259 in
1713 1215 1781 1261 se
1818 1196 1960 1279 ipsa
1996 1196 2101 1276 sit,
2141 1198 2312 1280 quod
2348 1199 2621 1265 factus

321 1304 436 1369 sit
499 1303 734 1368 nobis
811 1323 846 1367 a
911 1301 1051 1368 deo
1129 1302 1541 1385 sapientia
1616 1306 1694 1367 et
1767 1303 2107 1368 iustitia
2173 1308 2251 1369 et
2324 1306 2623 1371 sancti·

321 1409 622 1476 ficatio
663 1412 740 1473 et
777 1409 1260 1491 redemptio,
1300 1412 1407 1487 ut,
1448 1427 1673 1490 quem
1726 1408 1819 1473 ad
1856 1409 2167 1475 modum
2218 1412 2621 1495 scriptum

325 1520 470 1592 est,
510 1516 649 1599 qui
697 1516 1134 1601 gloriatur,
1181 1515 1260 1579 in
1308 1515 1630 1580 domino
1680 1515 2111 1601 glorietur.
2160 1518 2327 1600 quod
2366 1519 2623 1601 quidem

233 1648 288 1689 ιο
326 1626 388 1687 et
443 1623 581 1707 ipse
636 1622 863 1687 uidisti
919 1622 1203 1687 addendo
1261 1626 1454 1705 atque
1509 1622 1803 1687 dicendo:
1859 1622 2023 1688 ‘Nisi
2075 1623 2237 1689 forte
2291 1644 2415 1690 non
2470 1626 2624 1692 haec

325 1730 636 1793 humanae
675 1728 1016 1811 aequitatis
1055 1728 1169 1794 sed
1207 1728 1338 1807 illa,
1381 1746 1540 1811 quae
1581 1728 1737 1793 deus
1778 1732 1897 1804 est,
1938 1730 2076 1794 sola
2122 1730 2449 1796 adseratur
2485 1750 2627 1799 esse

325 1828 616 1900 iustitia'.
698 1838 798 1900 est
860 1834 1046 1918 plane
1112 1835 1222 1900 ille
1289 1854 1578 1901 summus
1636 1834 1792 1900 deus
1847 1854 1997 1901 uera
2052 1837 2301 1902 iustitia
2355 1840 2460 1904 uel
2516 1840 2624 1905 ille

326 1960 517 2006 uerus
576 1942 732 2007 deus
790 1960 1042 2006 summa
1093 1942 1361 2019 iustitia,
1421 1961 1611 2025 quam
1675 1943 1959 2023 profecto
2018 1944 2256 2009 esurire
2314 1964 2386 2009 ac
2445 1946 2622 2011 sitire

326 2066 400 2113 ea
463 2053 681 2113 nostra
744 2052 844 2114 est
905 2049 968 2113 in
1035 2050 1152 2113 hac
1215 2048 1718 2135 peregrinatione
1782 2049 2031 2114 iustitia
2088 2054 2152 2116 et
2216 2071 2343 2133 qua
2404 2057 2626 2135 postea

235 2179 289 2219 ω
327 2156 598 2221 saturari
646 2173 718 2220 ea
773 2159 988 2221 nostra
1036 2161 1134 2220 est
1187 2156 1250 2220 in
1308 2156 1680 2221 aeternitate
1736 2156 1921 2239 plena
1973 2157 2245 2224 iustitia.
2304 2178 2427 2224 non
2474 2180 2623 2243 ergo

326 2262 514 2328 deum
563 2266 814 2328 nostrae
861 2263 1147 2327 iustitiae
1195 2262 1472 2327 similem
1510 2263 1888 2346 cogitemuS,
1939 2264 2049 2328 sed
2106 2266 2623 2349 cogitemus-nos

323 2370 540 2452 potius
614 2374 790 2434 tanto
866 2369 1205 2434 similiores
1283 2368 1421 2447 dec,
1497 2370 1731 2451 quanto
1808 2388 1946 2433 esse
2016 2372 2413 2451 potuerimus
2488 2372 2625 2437 eius

324 2476 802 2558 participatione
847 2474 1166 2540 iustiores,

135 2578 233 2639 20
417 2580 485 2646 Si
523 2599 668 2663 ergo
711 2579 1060 2644 cauendum
1103 2583 1221 2657 est,
1269 2598 1346 2645 ne
1384 2580 1671 2645 iustitiae
1710 2585 1960 2647 nostrae
2000 2582 2273 2647 similem
2323 2586 2623 2665 putemus

234 2715 288 2755 20
326 2684 538 2761 deum,
579 2686 876 2766 quoniam
913 2686 1151 2764 lumen,
1192 2685 1362 2769 quod
1407 2686 1767 2762 inluminat,
1814 2688 2393 2770 incomparabiliter
2430 2690 2627 2754 excel-

324 2791 566 2855 lentius
594 2794 696 2856 est
729 2792 862 2867 illo,
904 2792 1072 2874 quod
1109 2792 1546 2872 inluminatur,
1590 2797 1824 2876 quanto
1862 2794 2067 2879 magis
2108 2796 2319 2860 caueri
2356 2800 2625 2879 oportet,

324 2916 402 2962 ne
467 2898 709 2981 aliquid
774 2898 1036 2965 inferius
1103 2903 1167 2965 et
1221 2900 1494 2983 quodam
1560 2900 1748 2965 modo
1806 2900 2227 2965 decoloratius
2284 2922 2427 2967 eum
2486 2922 2625 2969 esse

324 3004 676 3087 credamus,
745 3026 932 3089 quam
999 3008 1099 3071 est
1163 3009 1380 3073 nostra
1441 3006 1721 3071 iustitia!
1790 3007 1944 3090 quid
2012 3010 2109 3071 est
2173 3011 2386 3073 autem
2452 3009 2626 3073 aliud

321 3111 589 3191 iustitia,
660 3131 804 3177 cum
869 3113 931 3176 in
998 3114 1182 3178 nobis
1241 3116 1359 3193 est,
1427 3114 1532 3179 uel
1591 3114 1914 3196 quaelibet
1980 3114 2208 3191 uirtuS‚
2269 3134 2393 3197 qua
2455 3120 2627 3181 recte

230 3248 286 3287 ει,
324 3219 763 3302 sapienterque
841 3220 1104 3299 uiuitur,
1172 3240 1362 3303 quam
1435 3220 1753 3285 interioris
1827 3220 2103 3286 hominis
2175 3220 2624 3304 pulchritudo?

322 3327 388 3388 et
445 3328 609 3389 certe
667 3325 1018 3389 secundum
1074 3325 1233 3390 hanc
1289 3325 1833 3409 pulchritudinem
1890 3310 2103 3411 magis
2154 3346 2345 3409 quam
2395 3346 2624 3410 corpus

501 3532 532 3585 6
571 3532 598 3585 Ι
639 3534 760 3589 Cor.
805 3535 852 3599 1,
890 3534 1101 3588 30-31
1256 3533 1468 3586 10—12
1505 3558 1573 3579 =
1612 3551 1665 3603 p.
1707 3534 1827 3599 703,
1872 3536 2009 3589 1-2
2159 3536 2223 3588 13
2263 3535 2460 3590 Matth.
2501 3538 2549 3599 5,
2592 3539 2623 3591 6

393 3659 426 3711 2
462 3658 581 3727 ipsa
620 3674 723 3715 om.
763 3657 920 3711 codd.
1084 3659 1159 3711 sit
1195 3659 1252 3711 in
1289 3673 1346 3710 se
1390 3656 1493 3711 OT
1618 3658 1651 3712 3
1688 3657 1832 3710 iuste
1872 3674 1973 3711 om.
2012 3657 2253 3711 BPTT¹
2380 3660 2415 3712 4
2451 3660 2625 3729 magis

318 3747 402 3800 illi
439 3746 559 3800 edd.
705 3748 738 3800 6
778 3746 895 3816 ipso
941 3747 986 3801 O
1023 3746 1142 3800 edd.
1178 3752 1474 3815 praeterm
1622 3748 1653 3800 7
1690 3746 1849 3800 nobis
1889 3764 1991 3803 om.
2032 3746 2145 3801 PT
2312 3764 2343 3801 a
2382 3746 2483 3801 deo
2522 3764 2624 3802 om.

318 3834 559 3888 BPTT¹
713 3835 778 3890 10
817 3836 1003 3905 atque]
1047 3839 1102 3889 et
1148 3836 1198 3889 T
1337 3836 1494 3905 haec]
1536 3837 1607 3903 cf.
1636 3853 1695 3905 p.
1744 3839 1878 3901 703,
1918 3840 1947 3890 1
2092 3837 2153 3889 11
2200 3853 2317 3889 esse
2355 3838 2626 3890 asseratur

313 3926 438 3979 edd.
581 3924 646 3977 13
685 3926 740 3977 et
775 3924 830 3978 P
865 3923 986 3980 edd.
1119 3924 1182 3977 17
1224 3923 1338 3977 eius
1377 3924 1713 3993 potuerimus
1756 3940 1871 3977 esse
1910 3923 2327 3993 participatione
2372 3924 2475 3977 OT
2511 3924 2624 3977 eius

317 4014 650 4083 potuerimus
688 4012 1106 4083 participatione
1146 4029 1262 4067 esse
1299 4012 1356 4065 P
1472 4014 1771 4083 poterimus
1812 4012 1932 4067 edd.
2042 4014 2113 4067 20
2152 4013 2502 4067 excellentius
2542 4012 2625 4066 in·

315 4102 756 4172 comparabiliter
801 4101 872 4156 Τι
1015 4101 1535 4156 incommutabiliter
1570 4102 1822 4172 Euqippi
1858 4102 1974 4156 cod.
2022 4100 2150 4158 Vat.
2298 4103 2363 4155 21
2404 4101 2500 4154 illo
2543 4105 2625 4155 est

315 4192 567 4261 Euyippi
603 4191 718 4245 cod.
759 4190 880 4245 Vat.
985 4192 1055 4243 22
1094 4190 1395 4245 decolatius
1424 4192 1479 4245 P
1575 4191 1646 4244 23
1686 4191 1856 4260 aliud]
1899 4190 2049 4245 aliud
2086 4192 2271 4244 nostra
2316 4190 2366 4244 T
2462 4190 2529 4243 26
2571 4194 2627 4244 et

318 4281 482 4350 certe]
524 4279 690 4334 etiam
736 4278 968 4333 OPTT¹
1007 4282 1120 4334 lar
1282 4278 1743 4350 pulchritudinem
1784 4280 1994 4333 animae
2031 4279 2207 4349 magis
2253 4278 2299 4333 Ο
2464 4295 2623 4348 quam

312 4370 558 4439 corporis
593 4369 640 4424 O
660 4387 696 4422 a
727 4385 885 4437 quam
917 4370 1152 4438 corporis
1185 4368 1320 4422 facti
1349 4386 1376 4422 e
1394 4369 1431 4436 f
1451 4386 1613 4438 quam
1641 4368 1936 4424 secundum
1968 4384 2159 4439 corpus
2190 4368 2323 4422 facti
2354 4373 2468 4423 cett.
2501 4368 2625 4422 edd.

371 4496 602 4547 xxxnu,
631 4493 748 4543 Aug.
779 4497 887 4533 sect.
917 4493 965 4533 11
992 4504 1094 4543 pars
1125 4494 1164 4533 2.
2480 4475 2551 4527 46

3168 392 3171 397 .
3168 328 3171 381 .-.-l
3167 200 3171 319 ——n-
3162 152 3171 189 ..a
