3184 4959
774 463 1308 534 epistularum
1365 461 1562 518 CXIII.
1623 463 1808 518 CXIV.
1870 464 2028 519 CXV.
2466 468 2592 531 661

305 663 560 727 recitata
599 665 716 736 est,
761 663 974 726 tamen
1011 660 1203 724 etiam
1251 679 1414 724 nunc
1455 679 1593 724 eam
1633 679 1778 724 cum
1825 660 1923 724 his
1970 661 2202 726 litteris
2248 661 2597 726 identidem

304 769 444 833 misi
498 787 621 832 non
677 772 917 832 terrens
974 767 1088 831 sed
1139 786 1369 851 rogans
1427 771 1492 830 et
1545 785 1657 849 pro
1712 767 1965 831 homine
2021 768 2293 832 humane
2351 772 2415 832 et
2470 767 2597 849 epi-

306 876 541 958 scopali
603 873 1057 950 misericordia,
1125 876 1431 956 quantum
1503 873 1645 956 ipsa
1718 874 2033 955 permittit
2106 875 2467 939 humanitas
2534 877 2599 940 et

304 983 521 1064 pietaS,
579 981 994 1058 intercedenS,
1053 980 1304 1046 domine
1361 979 1470 1056 fili,
1529 983 1605 1044 ut
1652 983 1717 1044 et
1768 981 1889 1045 hoc
1948 981 2397 1048 existimationi
2447 983 2599 1046 tuae

247 1119 270 1160 5
305 1093 366 1154 et
414 1088 708 1171 petitioni
761 1107 940 1152 meae
995 1090 1316 1171 praestare
1367 1086 1642 1172 digneris
1691 1091 1774 1166 et,
1823 1089 1993 1171 quod
2044 1088 2145 1152 lex
2198 1088 2597 1171 imperatoris

300 1195 494 1276 iubet,
552 1195 735 1258 cuius
790 1193 880 1257 rei
947 1194 1239 1275 publicae
1296 1193 1556 1270 militas,
1612 1213 1753 1258 meo
1814 1213 2063 1277 quoque
2118 1194 2477 1260 interuentu
2536 1198 2600 1259 et

303 1301 737 1385 deprecatione
785 1301 1123 1365 accedente
1171 1301 1374 1366 facere
1423 1319 1546 1364 non
1594 1303 1899 1386 graneris.

1352 1493 1460 1559 CX
1470 1494 1541 1558 V.

300 1633 585 1688 DOMINO
637 1631 1072 1688 BEATISSIMO
1125 1631 1218 1686 ΕΤ
1263 1632 1851 1687 VENERABILITER
1897 1631 2283 1688 CARISSIMO
2330 1633 2595 1688 FRATRI

219 1747 269 1786 10
301 1722 391 1776 ET
429 1721 988 1777 CONSACERDOTI
1022 1719 1461 1776 FORTUNATO
1501 1721 1594 1775 ΕΤ
1634 1721 1762 1787 QUI
1798 1723 2044 1779 ΤΒΕ-ΠΜ
2081 1723 2268 1778 SUNT
2304 1723 2597 1778 FRATRI-

705 1809 845 1866 BUS
883 1809 1342 1898 AUGUSTINUS
1381 1810 1464 1864 IN
1499 1810 1791 1866 DOMINO
1834 1812 2183 1867 SALUTEM.

387 1937 767 2002 Fauentium
803 1937 962 2002 bene
999 1937 1182 2002 nouit
1221 1938 1523 2002 sanctitas
1563 1941 1695 2012 tua,
1736 1939 1843 2022 qui
1880 1939 2347 2004 Paratianensis
2388 1941 2593 2004 saltus

300 2045 644 2109 conductor
687 2044 829 2110 fuit.
879 2044 934 2108 is
975 2063 1122 2108 cum
1161 2044 1236 2108 ab
1277 2043 1565 2110 eiusdem
1612 2045 2039 2126 possessionis
2080 2046 2333 2111 domino
2381 2046 2594 2110 nescio

299 2150 450 2235 quid
515 2149 638 2214 sibi
700 2153 1034 2224 metueret,
1101 2149 1178 2214 ad
1232 2149 1733 2232 Hipponiensem
1800 2153 2089 2236 confugit
2142 2153 2476 2217 ecclesiam
2534 2156 2598 2218 et

210 2283 260 2322 ιε.
295 2257 387 2321 ibi
451 2260 604 2335 erat,
681 2260 755 2322 ut
819 2255 1260 2340 confugientes
1328 2256 1553 2338 solent,
1622 2260 1976 2340 expectans,
2044 2277 2167 2340 quo
2230 2259 2419 2324 modo
2484 2279 2599 2341 per

295 2367 814 2431 intercessionem
863 2366 1146 2429 nostram
1203 2382 1320 2426 sua
1363 2363 1623 2447 negotia
1665 2364 2050 2429 terminaret.
2102 2365 2230 2447 qui,
2286 2369 2361 2430 ut
2407 2385 2597 2450 saepe

294 2475 387 2554 fit,
445 2493 558 2557 per
606 2471 739 2536 dies
797 2469 1084 2554 singulos
1133 2470 1343 2533 minus
1391 2470 1731 2552 minusque
1787 2471 2103 2536 sollicitus
2152 2474 2216 2536 et
2264 2473 2446 2555 quasi
2492 2473 2596 2537 ad-

294 2579 576 2645 uersario
635 2579 920 2642 cessante
986 2595 1248 2641 securus
1309 2595 1450 2640 cum
1509 2577 1584 2640 ab
1646 2576 1848 2642 amico
1905 2596 2021 2642 suo
2080 2578 2155 2642 de
2213 2597 2368 2642 cena
2422 2599 2596 2663 egre-

295 2687 568 2763 deretur,
637 2684 848 2750 subito
914 2686 1134 2766 raptus
1191 2685 1292 2746 est
1357 2703 1393 2746 a
1445 2683 1808 2748 Florentino
1867 2684 2162 2767 quodam,
2226 2688 2302 2748 ut
2358 2684 2594 2764 dicunt,

199 2814 254 2854 20
294 2794 549 2859 comitis
579 2791 833 2858 officiali
861 2811 972 2873 per
1001 2793 1384 2855 armatorum
1420 2810 1699 2867 manum,
1724 2793 1959 2874 quanta
1978 2791 2069 2856 eis
2100 2791 2178 2855 ad
2207 2793 2326 2856 hoc
2354 2793 2597 2857 factum

295 2899 590 2966 sufficere
637 2898 782 2963 uisa
827 2902 945 2965 est.
1004 2897 1172 2981 quod
1222 2915 1366 2961 cum
1423 2897 1581 2962 mihi
1636 2899 1995 2962 nuntiatum
2044 2901 2198 2962 esset
2251 2901 2315 2964 et
2368 2898 2593 2979 adhuc,

293 3027 422 3092 quo
487 3007 593 3072 uel
659 3027 696 3070 a
750 3005 981 3088 quibus
1045 3006 1266 3087 raptus
1325 3003 1536 3084 fuerit,
1602 3005 1971 3084 nesciretur,
2039 3005 2319 3088 suspicio
2381 3008 2595 3070 tamen

293 3117 471 3179 esset
518 3113 593 3177 de
648 3113 782 3188 illo,
832 3131 1020 3195 quem
1074 3114 1367 3176 metuens
1425 3131 1492 3176 se
1546 3132 1660 3195 per
1705 3112 2041 3176 ecclesiam
2087 3113 2405 3190 tuebatur,
2452 3131 2596 3178 con-

291 3221 474 3286 tinuo
523 3219 671 3284 misi
708 3218 784 3282 ad
833 3218 1180 3296 tribunum,
1229 3217 1336 3300 qui
1377 3218 1794 3284 custodiendo
1840 3219 2014 3284 litori
2052 3221 2439 3284 constitutus
2478 3222 2595 3285 est.

189 3350 248 3390 εὖ
291 3326 478 3392 misit
513 3327 851 3401 militares;
892 3343 1076 3390 nemo
1116 3325 1329 3408 potuit
1360 3326 1639 3409 reperiri.
1683 3325 1793 3390 sed
1833 3345 2014 3390 mane
2054 3325 2491 3409 cognouimuS,
2533 3329 2597 3390 et

288 3433 356 3496 in
401 3453 526 3516 qua
562 3433 748 3498 domo
786 3433 981 3496 fuerit
1018 3434 1082 3496 et
1118 3432 1287 3514 quod
1331 3434 1482 3515 post
1527 3432 1683 3516 galli
1721 3436 1977 3496 cantum
2014 3451 2159 3497 cum
2197 3432 2307 3498 illo
2346 3432 2595 3496 absces-

367 3695 402 3745 2
440 3691 591 3746 missi
629 3691 680 3744 T
895 3693 932 3745 4
967 3695 1032 3745 ut
1069 3707 1132 3745 ex
1168 3691 1273 3746 hoc
1301 3691 1455 3746 codd.
1488 3693 1608 3747 edd.
1636 3699 1865 3762 praeter
1890 3709 1945 3746 m
2172 3696 2203 3747 6
2241 3711 2361 3748 meo
2402 3697 2489 3759 (eo
2528 3694 2593 3747 in

283 3785 434 3846 ras.)
485 3780 594 3835 VU

473 3939 631 3994 Idem
667 3938 895 4008 codices,
933 3939 1031 4008 qui
1064 3940 1129 3993 in
1165 3956 1245 4008 ep.
1289 3939 1509 3994 CXIII
1540 3945 1590 3994 et
1632 3939 1843 3994 CXIV.

367 4101 436 4153 12
474 4099 874 4168 paracianensis
921 4099 1024 4153 ΤΒ
1150 4100 1216 4154 13
1257 4099 1447 4154 ductor
1490 4099 1544 4154 U
1664 4101 1730 4154 14
1766 4099 2025 4154 metuerit
2070 4099 2181 4154 VU
2315 4115 2591 4169 ypponen—

278 4205 405 4242 sem
452 4188 504 4242 T
544 4189 898 4259 ipponenscm
955 4187 1067 4242 VU
1105 4188 1510 4258 Hipponensem
1557 4189 1677 4243 edd.
1898 4189 1964 4242 16
2009 4187 2271 4258 nostram]
2319 4203 2493 4240 meam
2531 4187 2600 4240 H

277 4279 356 4331 21
399 4278 523 4331 uisa
560 4280 645 4331 est
681 4275 928 4331 sufficere
975 4275 1030 4331 U
1196 4281 1342 4332 esset
1376 4279 1693 4332 coniectura
1732 4277 1932 4332 addidi
2076 4277 2147 4331 22
2186 4277 2314 4348 quo]
2354 4293 2389 4331 a
2425 4293 2530 4346 quo
2567 4293 2595 4330 s

275 4365 475 4436 Μέρη.
620 4366 963 4436 ignoraretur
997 4365 1117 4420 edd.
1229 4367 1297 4420 25
1334 4367 1612 4435 repperiri,
1650 4383 1785 4421 corr.
1825 4384 1894 4421 m.
1920 4371 1945 4418 1
1980 4366 2251 4437 repperire
2288 4365 2344 4420 R
