3184 4959
153 1118 311 1181 11⁵

251 1672 314 1711 10

257 2196 318 2236 15

913 475 1441 544 epistularum
1495 473 1634 527 XLI.
1681 473 1848 528 XLII.
1894 472 2091 528 XLIII.
2562 477 2645 539 85

1381 665 1609 730 XLIII.

354 804 671 860 DOMINIS
699 804 1224 860 DILECTISSIMIS
1251 805 1342 860 ΕΤ
1370 805 1645 861 MERITO
1676 807 2217 862 PRAEDICANDIS
2244 806 2647 861 FRATRIBUS

357 893 650 960 GLORIO,
687 893 1017 957 ELEUSIO,
1055 893 1455 958 FELICIBUS,
1497 895 1977 952 GRAMMATICO
2015 896 2105 950 ET
2147 895 2463 960 GENERIS,
2495 895 2647 960 QUI-

822 982 958 1038 BUS
997 981 1146 1038 HOC
1183 983 1482 1040 GRATUM
1519 984 1669 1048 EST,
1708 985 2181 1040 AUGUSTINUS.

449 1109 625 1174 Dixit
672 1109 926 1193 quidem
975 1110 1304 1192 apostolus
1350 1111 1624 1176 Paulus:
1670 1112 2193 1178 Haereticnm
2248 1111 2647 1177 hominem

354 1221 549 1300 post
603 1236 832 1282 unam
892 1219 1488 1302 correptionem
1547 1218 1822 1284 deuita
1882 1220 2175 1298 sciens,
2233 1218 2421 1301 quia
2477 1217 2649 1282 sub-

357 1343 660 1388 uersus
712 1326 836 1388 est
883 1325 1058 1388 eius
1105 1325 1317 1390 modi
1366 1328 1442 1388 et
1487 1329 1771 1406 peccat
1818 1329 1893 1390 et
1941 1329 2065 1390 est
2104 1345 2138 1389 a
2178 1323 2647 1406 semetipso

357 1429 806 1496 damnatus
872 1429 984 1494 sed
1033 1431 1142 1514 qui
1189 1432 1564 1496 sententiam
1618 1451 1796 1495 suam
1846 1433 2140 1514 quamuis
2186 1432 2413 1496 falsam
2459 1434 2651 1511 atque

353 1556 722 1619 peruersam
780 1537 953 1601 nulla
1017 1537 1322 1620 pertinaci
1385 1539 1788 1603 animositate
1853 1539 2216 1616 defendunt,
2279 1539 2651 1621 praesertim

359 1663 556 1727 quam
627 1663 750 1708 non
825 1643 1090 1708 audacia
1160 1645 1695 1728 praesumptionis
1769 1665 1920 1710 suae
1984 1649 2381 1730 pepererunt,
2446 1644 2559 1708 sed
2614 1661 2653 1706 a.

357 1750 646 1815 seductis
696 1753 884 1832 atque
931 1751 994 1814 in
1043 1771 1311 1816 errorem
1358 1753 1556 1835 lapsis
1606 1753 1969 1835 parentibus
2018 1755 2418 1836 acceperunt,
2465 1769 2649 1834 quae-

355 1861 510 1922 runt
567 1860 779 1922 autem
836 1861 1022 1923 cauta
1077 1858 1504 1923 sollicitudine
1559 1860 1895 1925 ueritatem
1952 1861 2180 1944 corrigi
2234 1859 2457 1944 parati,
2506 1877 2651 1921 cum

355 1964 739 2043 inuenerint,
787 1983 1184 2048 nequaquam
1234 1969 1384 2030 sunt
1435 1966 1602 2031 inter
1656 1968 2008 2032 haereticos
2066 1965 2425 2050 deputandi.
2488 1963 2649 2027 tales

358 2089 514 2154 ergo
571 2090 689 2135 uos
743 2071 870 2136 nisi
932 2091 1073 2136 esse
1139 2073 1478 2149 crederem,
1545 2074 1753 2138 nullas
1818 2073 2085 2138 fortasse
2155 2071 2340 2138 uobis
2404 2071 2651 2134 litteras

357 2176 704 2254 mitterem,
763 2197 1143 2259 quamquam
1202 2183 1268 2243 et
1318 2181 1530 2263 ipsum
1585 2180 1973 2244 haereticum
2030 2179 2381 2262 quamlibet
2436 2176 2652 2242 odiosa

359 2283 660 2365 superbia
711 2285 1030 2350 tumidum
1088 2289 1152 2350 et
1204 2287 1564 2369 peruicacia
1616 2288 1821 2352 malae
1878 2287 2295 2352 contentionis
2359 2287 2650 2350 insanum

361 2390 536 2454 sicut
587 2391 920 2456 uitandum
977 2413 1330 2474 monemus,
1385 2415 1462 2459 ne
1517 2394 1799 2459 infirmos
1857 2398 1921 2459 et
1966 2391 2513 2477 paruulos-fallat,
2562 2389 2654 2454 ita

359 2515 486 2560 non
547 2496 902 2577 abnuimus,
960 2499 1470 2582 quibuscumque
1516 2500 1724 2564 modis
1770 2519 2137 2582 possum11S‚
2187 2497 2649 2581 corrigendum.

361 2603 530 2666 unde
576 2602 816 2669 fact-um
856 2609 975 2684 est,
1024 2607 1099 2670 ut
1145 2606 1340 2671 etiam
1385 2606 1461 2670 ad
1509 2606 1847 2671 nonnullos
1896 2605 2375 2670 Donatistarum
2422 2603 2651 2684 prima-

361 2709 490 2773 rios
541 2710 961 2775 scriberemus
1009 2731 1130 2776 non
1179 2713 1771 2778 communicatorias
1816 2713 2083 2791 litterae,
2133 2731 2288 2793 quas
2334 2711 2457 2774 iam
2502 2709 2653 2774 olim

358 2821 620 2898 propter
665 2836 842 2880 suam
899 2819 1382 2900 peruersitatem
1449 2819 1527 2883 ab
1592 2820 1837 2884 unitate
1904 2818 2234 2895 catholica,
2303 2835 2461 2899 quae
2516 2818 2653 2879 toto

363 2921 514 2986 orbe
569 2922 802 2988 diffusa
855 2927 972 3000 est,
1029 2944 1151 2988 non
1207 2925 1546 3007 accipiunt,
1606 2924 1716 2989 sed
1772 2926 1932 2989 tales
1989 2925 2291 3009 priuatas,
2358 2921 2655 3006 qualibus

359 3029 548 3094 nobis
612 3029 712 3094 uti
775 3031 968 3095 etiam
1033 3030 1110 3095 ad
1178 3051 1453 3115 paganos
1517 3033 1689 3098 licet.
1757 3051 1915 3116 quas
1977 3032 2075 3096 illi
2141 3031 2261 3096 etsi
2318 3027 2653 3114 aliquando

545 3245 578 3298 5
615 3244 721 3299 Tit.
761 3247 812 3310 3,
853 3247 1058 3301 10—11

580 3371 656 3424 M
690 3395 758 3417 =
798 3371 916 3424 cod.
953 3371 1316 3426 Monacensis
1358 3375 1518 3426 6266
1554 3389 1597 3428 ε.
1636 3375 1711 3426 X.

582 3459 644 3513 F
691 3483 760 3506 ==
800 3461 916 3514 cod.
956 3459 1398 3530 Salicburyensis
1435 3461 1497 3513 X
1531 3463 1613 3514 29
1648 3478 1689 3516 8.
1729 3461 1973 3516 X—XI.

581 3547 635 3601 A
694 3572 761 3594 =
799 3547 917 3603 cod.
956 3547 1576 3618 Audomaropozitanus
1618 3553 1711 3614 76,
1753 3553 1807 3616 8,
1850 3553 1887 3604 9
1920 3567 1961 3604 a.
2001 3551 2246 3604 X—XI.

581 3637 636 3690 P
689 3661 758 3682 =
799 3637 915 3693 cod.
955 3637 1252 3692 Panaima
1287 3655 1417 3691 nou.
1459 3655 1576 3706 aeq.
1616 3642 1774 3692 1444
1809 3654 1852 3693 s.
1892 3639 2002 3692 XI.

580 3725 638 3780 R
689 3751 756 3772 =
796 3726 913 3781 cod.
951 3725 1102 3780 Mus.
1140 3727 1286 3780 Brit.
1325 3725 1456 3797 Περ.
1501 3731 1536 3780 5
1576 3727 1633 3781 D
1682 3727 1768 3781 VI
1797 3743 1841 3782 s.
1880 3726 2194 3781 ΧΙ-ΧΠ,

438 3851 473 3905 3
514 3851 687 3920 glorie
713 3851 719 3921 ξ
745 3849 954 3904 uleusio
995 3851 1060 3903 M
1206 3852 1420 3920 ceteris]
1462 3851 1657 3904 ceteris
1698 3850 1944 3904 omnibus
1984 3849 2102 3905 edd.
2218 3851 2248 3903 7
2288 3867 2320 3902 a
2356 3851 2419 3903 in
2445 3850 2566 3918 fine
2605 3866 2657 3904 u.

359 3957 490 4002 om..
529 3943 658 3994 m.2
695 3939 827 3993 aad.
864 3940 922 3992 P
1097 3941 1130 3994 8
1169 3940 1406 4005 damnat,
1444 3957 1511 3994 m.
1535 3943 1574 3992 2
1612 3939 1897 3994 damnatus
1933 3941 1991 3993 P
2168 3938 2295 4009 quid
2334 3939 2409 3994 Μ
2444 3938 2499 4004 ((1
2538 3955 2659 4006 exp.

363 4033 520 4095 m.2)
559 4027 672 4082 ΡΑ
870 4027 1048 4098 adque
1083 4029 1158 4082 M
1339 4030 1404 4083 10
1439 4033 1829 4098 peperererunt
1868 4029 2125 4095 (alterum
2162 4045 2219 4082 re
2258 4045 2375 4096 exp.
2414 4045 2481 4081 m.
2503 4028 2553 4097 1)
2589 4027 2665 4080 M

369 4117 438 4171 11
479 4118 538 4170 in
578 4115 830 4186 errorem]
868 4118 1258 4186 interrogarem
1297 4116 1430 4170 ΜΡ
1460 4121 1548 4181 (m.
1574 4120 1614 4170 2
1652 4117 1754 4171 del.
1791 4134 1850 4170 ro
1889 4123 1940 4170 et
1974 4121 2051 4184 m)
2092 4119 2153 4169 ut
2189 4115 2577 4186 interrogarem
2608 4115 2661 4166 A

371 4205 442 4260 14
478 4205 587 4258 nisi
626 4222 724 4259 uos
761 4205 836 4258 M
973 4206 1126 4259 nulla
1161 4207 1213 4259 A
1359 4205 1574 4259 litteras
1614 4203 1771 4259 uobis
1812 4205 1862 4258 P
1948 4205 2015 4258 18
2053 4203 2360 4268 habuimus,
2398 4221 2467 4260 m.
2491 4208 2530 4257 2
2566 4202 2659 4256 ab·

361 4295 586 4348 unimus
623 4293 681 4347 P
903 4295 1171 4364 possimus
1207 4293 1387 4347 MFA
1583 4296 1649 4348 19
1690 4311 1723 4346 a
1758 4294 2048 4356 nonnulliS,
2088 4309 2226 4347 corr.
2264 4310 2333 4346 m.
2355 4297 2386 4346 1
2423 4293 2491 4346 ad
2527 4309 2660 4345 non-

357 4383 552 4438 nullos
589 4381 664 4434 M
767 4383 837 4436 20
875 4381 1313 4436 communitorias
1350 4381 1417 4434 M
1525 4384 1593 4436 23
1634 4385 1697 4436 ut
1732 4383 1784 4434 A
1930 4397 1977 4446 a,
2016 4397 2083 4434 m.
2108 4385 2147 4434 2
2183 4380 2252 4434 ad
2290 4380 2345 4433 P
