<?xml version="1.0" encoding="UTF-8"?>
<!DOCTYPE html PUBLIC "-//W3C//DTD XHTML 1.0 Transitional//EN"
    "http://www.w3.org/TR/xhtml1/DTD/xhtml1-transitional.dtd">
<html xmlns="http://www.w3.org/1999/xhtml" xml:lang="en" lang="en">
 <head>
  <title>
</title>
<meta http-equiv="Content-Type" content="text/html;charset=utf-8" />
  <meta name='ocr-system' content='tesseract 3.04.00' />
  <meta name='ocr-capabilities' content='ocr_page ocr_carea ocr_par ocr_line ocrx_word'/>
</head>
<body>
  <div class='ocr_page' id='page_1' title='image "./corpusscriptoru26wiengoog_0689.png"; bbox 0 0 3184 4959; ppageno 0'>
   <div class='ocr_carea' id='block_1_1' title="bbox 1109 420 2671 493">
    <p class='ocr_par' dir='ltr' id='par_1_1' title="bbox 1109 420 2671 493">
     <span class='ocr_line' id='line_1_1' title="bbox 1109 420 2671 493; baseline 0.005 -18"><span class='ocrx_word' id='word_1_1' title='bbox 1109 420 1641 493; x_wconf 74' lang='lat' dir='ltr'><strong>epistularum</strong></span> <span class='ocrx_word' id='word_1_2' title='bbox 1698 420 1941 477; x_wconf 86' lang='lat' dir='ltr'>CXVIII.</span> <span class='ocrx_word' id='word_1_3' title='bbox 2540 427 2671 491; x_wconf 85' lang='lat'>673</span> 
     </span>
    </p>
   </div>
   <div class='ocr_carea' id='block_1_2' title="bbox 370 604 2669 704">
    <p class='ocr_par' dir='ltr' id='par_1_2' title="bbox 370 604 2669 704">
     <span class='ocr_line' id='line_1_2' title="bbox 370 604 2669 704; baseline 0.001 -22"><span class='ocrx_word' id='word_1_4' title='bbox 370 604 777 703; x_wconf 70' lang='lat' dir='ltr'>interrogent,</span> <span class='ocrx_word' id='word_1_5' title='bbox 864 618 1113 684; x_wconf 90' lang='lat' dir='ltr'>omnino</span> <span class='ocrx_word' id='word_1_6' title='bbox 1190 637 1314 682; x_wconf 89' lang='lat' dir='ltr'>non</span> <span class='ocrx_word' id='word_1_7' title='bbox 1387 617 1603 694; x_wconf 90' lang='lat' dir='ltr'>uide0,</span> <span class='ocrx_word' id='word_1_8' title='bbox 1678 618 1927 699; x_wconf 89' lang='lat' dir='ltr'>quando</span> <span class='ocrx_word' id='word_1_9' title='bbox 2004 618 2259 699; x_wconf 88' lang='lat' dir='ltr'>quidem</span> <span class='ocrx_word' id='word_1_10' title='bbox 2342 620 2469 698; x_wconf 88' lang='lat' dir='ltr'>hic,</span> <span class='ocrx_word' id='word_1_11' title='bbox 2543 640 2669 704; x_wconf 90' lang='lat' dir='ltr'>quo</span> 
     </span>
    </p>
   </div>
   <div class='ocr_carea' id='block_1_3' title="bbox 373 724 2669 809">
    <p class='ocr_par' dir='ltr' id='par_1_3' title="bbox 373 724 2669 809">
     <span class='ocr_line' id='line_1_3' title="bbox 373 724 2669 809; baseline 0 -18"><span class='ocrx_word' id='word_1_12' title='bbox 373 726 452 791; x_wconf 89' lang='lat' dir='ltr'>ad</span> <span class='ocrx_word' id='word_1_13' title='bbox 534 744 606 790; x_wconf 89' lang='lat' dir='ltr'>ea</span> <span class='ocrx_word' id='word_1_14' title='bbox 688 724 990 790; x_wconf 90' lang='lat' dir='ltr'>discenda</span> <span class='ocrx_word' id='word_1_15' title='bbox 1077 724 1346 802; x_wconf 86' lang='lat' dir='ltr'>uenisti,</span> <span class='ocrx_word' id='word_1_16' title='bbox 1432 728 1495 789; x_wconf 86' lang='lat' dir='ltr'>et</span> <span class='ocrx_word' id='word_1_17' title='bbox 1577 724 1817 788; x_wconf 86' lang='lat' dir='ltr'>Romae</span> <span class='ocrx_word' id='word_1_18' title='bbox 1910 729 2201 808; x_wconf 89' lang='lat' dir='ltr'>expertus</span> <span class='ocrx_word' id='word_1_19' title='bbox 2297 744 2385 803; x_wconf 92' lang='lat' dir='ltr'>es,</span> <span class='ocrx_word' id='word_1_20' title='bbox 2481 746 2669 809; x_wconf 89' lang='lat' dir='ltr'>quam</span> 
     </span>
    </p>
   </div>
   <div class='ocr_carea' id='block_1_4' title="bbox 372 829 2673 917">
    <p class='ocr_par' dir='ltr' id='par_1_4' title="bbox 372 829 2673 917">
     <span class='ocr_line' id='line_1_4' title="bbox 372 829 2673 917; baseline 0.001 -21"><span class='ocrx_word' id='word_1_21' title='bbox 372 832 784 917; x_wconf 74' lang='lat' dir='ltr'>neglegenter</span> <span class='ocrx_word' id='word_1_22' title='bbox 866 829 1218 895; x_wconf 79' lang='lat' dir='ltr'>habeantur</span> <span class='ocrx_word' id='word_1_23' title='bbox 1289 833 1354 894; x_wconf 87' lang='lat' dir='ltr'>et</span> <span class='ocrx_word' id='word_1_24' title='bbox 1427 830 1507 894; x_wconf 92' lang='lat' dir='ltr'>ob</span> <span class='ocrx_word' id='word_1_25' title='bbox 1581 830 1703 893; x_wconf 93' lang='lat' dir='ltr'>hoc</span> <span class='ocrx_word' id='word_1_26' title='bbox 1775 848 1979 911; x_wconf 83' lang='lat' dir='ltr'>neque</span> <span class='ocrx_word' id='word_1_27' title='bbox 2054 830 2399 896; x_wconf 87' lang='lat' dir='ltr'>doceantur</span> <span class='ocrx_word' id='word_1_28' title='bbox 2470 852 2673 916; x_wconf 90' lang='lat' dir='ltr'>neque</span> 
     </span>
    </p>
   </div>
   <div class='ocr_carea' id='block_1_5' title="bbox 375 936 2673 1023">
    <p class='ocr_par' dir='ltr' id='par_1_5' title="bbox 375 936 2673 1023">
     <span class='ocr_line' id='line_1_5' title="bbox 375 936 2673 1023; baseline 0.001 -20"><span class='ocrx_word' id='word_1_29' title='bbox 375 939 724 1013; x_wconf 81' lang='lat' dir='ltr'>discantur3</span> <span class='ocrx_word' id='word_1_30' title='bbox 797 940 862 1001; x_wconf 91' lang='lat' dir='ltr'>et</span> <span class='ocrx_word' id='word_1_31' title='bbox 922 937 987 1001; x_wconf 91' lang='lat' dir='ltr'>in</span> <span class='ocrx_word' id='word_1_32' title='bbox 1050 936 1266 1001; x_wconf 84' lang='lat' dir='ltr'>Africa</span> <span class='ocrx_word' id='word_1_33' title='bbox 1327 954 1532 1017; x_wconf 90' lang='lat' dir='ltr'>usque</span> <span class='ocrx_word' id='word_1_34' title='bbox 1599 936 1753 1001; x_wconf 87' lang='lat' dir='ltr'>adeo</span> <span class='ocrx_word' id='word_1_35' title='bbox 1820 936 1895 999; x_wconf 90' lang='lat' dir='ltr'>de</span> <span class='ocrx_word' id='word_1_36' title='bbox 1969 937 2069 1002; x_wconf 90' lang='lat' dir='ltr'>his</span> <span class='ocrx_word' id='word_1_37' title='bbox 2144 937 2673 1023; x_wconf 77' lang='lat' dir='ltr'>interrogatorem</span> 
     </span>
    </p>
   </div>
   <div class='ocr_carea' id='block_1_6' title="bbox 311 1042 2674 1129">
    <p class='ocr_par' dir='ltr' id='par_1_6' title="bbox 311 1042 2674 1129">
     <span class='ocr_line' id='line_1_6' title="bbox 311 1042 2674 1129; baseline -0 -18"><span class='ocrx_word' id='word_1_38' title='bbox 311 1072 337 1111; x_wconf 83' lang='lat'><strong>5</strong></span> <span class='ocrx_word' id='word_1_39' title='bbox 372 1046 606 1129; x_wconf 87' lang='lat' dir='ltr'>pateris</span> <span class='ocrx_word' id='word_1_40' title='bbox 663 1045 999 1122; x_wconf 89' lang='lat' dir='ltr'>neminem,</span> <span class='ocrx_word' id='word_1_41' title='bbox 1054 1047 1131 1109; x_wconf 90' lang='lat' dir='ltr'>ut</span> <span class='ocrx_word' id='word_1_42' title='bbox 1173 1062 1288 1107; x_wconf 90' lang='lat' dir='ltr'>nec</span> <span class='ocrx_word' id='word_1_43' title='bbox 1333 1044 1399 1107; x_wconf 90' lang='lat' dir='ltr'>te</span> <span class='ocrx_word' id='word_1_44' title='bbox 1445 1042 1660 1125; x_wconf 90' lang='lat' dir='ltr'>ipsum</span> <span class='ocrx_word' id='word_1_45' title='bbox 1708 1042 1850 1125; x_wconf 91' lang='lat' dir='ltr'>quis</span> <span class='ocrx_word' id='word_1_46' title='bbox 1908 1043 2187 1126; x_wconf 85' lang='lat' dir='ltr'>patiatur</span> <span class='ocrx_word' id='word_1_47' title='bbox 2239 1045 2527 1110; x_wconf 90' lang='lat' dir='ltr'>inuenias</span> <span class='ocrx_word' id='word_1_48' title='bbox 2576 1065 2674 1110; x_wconf 89' lang='lat' dir='ltr'>ea-</span> 
     </span>
    </p>
   </div>
   <div class='ocr_carea' id='block_1_7' title="bbox 289 1604 339 1643">
    <p class='ocr_par' dir='ltr' id='par_1_7' title="bbox 289 1604 339 1643">
     <span class='ocr_line' id='line_1_7' title="bbox 289 1604 339 1643; baseline 0.04 -2"><span class='ocrx_word' id='word_1_49' title='bbox 289 1604 339 1643; x_wconf 83' lang='lat'>10</span> 
     </span>
    </p>
   </div>
   <div class='ocr_carea' id='block_1_8' title="bbox 292 2666 344 2706">
    <p class='ocr_par' dir='ltr' id='par_1_8' title="bbox 292 2666 344 2706">
     <span class='ocr_line' id='line_1_8' title="bbox 292 2666 344 2706; baseline -0.038 0"><span class='ocrx_word' id='word_1_50' title='bbox 292 2666 344 2706; x_wconf 79' lang='lat'>20</span> 
     </span>
    </p>
   </div>
   <div class='ocr_carea' id='block_1_9' title="bbox 375 1148 2679 2088">
    <p class='ocr_par' dir='ltr' id='par_1_9' title="bbox 375 1148 2679 2088">
     <span class='ocr_line' id='line_1_9' title="bbox 376 1148 2673 1235; baseline 0.001 -20"><span class='ocrx_word' id='word_1_51' title='bbox 376 1170 496 1235; x_wconf 91' lang='lat' dir='ltr'>que</span> <span class='ocrx_word' id='word_1_52' title='bbox 541 1151 753 1234; x_wconf 88' lang='lat' dir='ltr'>inopia</span> <span class='ocrx_word' id='word_1_53' title='bbox 798 1150 1114 1233; x_wconf 89' lang='lat' dir='ltr'>episcopis</span> <span class='ocrx_word' id='word_1_54' title='bbox 1163 1148 1525 1231; x_wconf 85' lang='lat' dir='ltr'>exponenda</span> <span class='ocrx_word' id='word_1_55' title='bbox 1562 1168 1636 1213; x_wconf 89' lang='lat' dir='ltr'>ea</span> <span class='ocrx_word' id='word_1_56' title='bbox 1682 1150 1936 1213; x_wconf 87' lang='lat' dir='ltr'>mittere</span> <span class='ocrx_word' id='word_1_57' title='bbox 1976 1152 2243 1234; x_wconf 61' lang='lat' dir='ltr'>cogam,</span> <span class='ocrx_word' id='word_1_58' title='bbox 2294 1153 2477 1234; x_wconf 86' lang='lat' dir='ltr'>quasi</span> <span class='ocrx_word' id='word_1_59' title='bbox 2524 1171 2673 1218; x_wconf 88' lang='lat' dir='ltr'>uero</span> 
     </span>
     <span class='ocr_line' id='line_1_10' title="bbox 375 1254 2673 1341; baseline 0.001 -20"><span class='ocrx_word' id='word_1_60' title='bbox 375 1259 486 1323; x_wconf 92' lang='lat' dir='ltr'>isti</span> <span class='ocrx_word' id='word_1_61' title='bbox 541 1257 842 1341; x_wconf 82' lang='lat' dir='ltr'>episcopi,</span> <span class='ocrx_word' id='word_1_62' title='bbox 909 1256 1102 1320; x_wconf 86' lang='lat' dir='ltr'>etiam</span> <span class='ocrx_word' id='word_1_63' title='bbox 1168 1256 1224 1319; x_wconf 88' lang='lat' dir='ltr'>si</span> <span class='ocrx_word' id='word_1_64' title='bbox 1289 1254 1729 1321; x_wconf 77' lang='lat' dir='ltr'>adulescentes</span> <span class='ocrx_word' id='word_1_65' title='bbox 1786 1256 2028 1335; x_wconf 89' lang='lat' dir='ltr'>eodem,</span> <span class='ocrx_word' id='word_1_66' title='bbox 2096 1277 2221 1341; x_wconf 90' lang='lat' dir='ltr'>quo</span> <span class='ocrx_word' id='word_1_67' title='bbox 2277 1262 2349 1323; x_wconf 87' lang='lat' dir='ltr'>tu</span> <span class='ocrx_word' id='word_1_68' title='bbox 2414 1258 2673 1341; x_wconf 77' lang='lat' dir='ltr'>raperiS,</span> 
     </span>
     <span class='ocr_line' id='line_1_11' title="bbox 375 1362 2675 1449; baseline 0 -20"><span class='ocrx_word' id='word_1_69' title='bbox 375 1365 568 1429; x_wconf 90' lang='lat' dir='ltr'>animi</span> <span class='ocrx_word' id='word_1_70' title='bbox 633 1364 850 1429; x_wconf 89' lang='lat' dir='ltr'>ardore</span> <span class='ocrx_word' id='word_1_71' title='bbox 905 1363 1012 1427; x_wconf 87' lang='lat' dir='ltr'>uel</span> <span class='ocrx_word' id='word_1_72' title='bbox 1073 1362 1289 1446; x_wconf 87' lang='lat' dir='ltr'>potius</span> <span class='ocrx_word' id='word_1_73' title='bbox 1346 1382 1550 1427; x_wconf 89' lang='lat' dir='ltr'>errore</span> <span class='ocrx_word' id='word_1_74' title='bbox 1610 1362 1790 1445; x_wconf 83' lang='lat' dir='ltr'>quasi</span> <span class='ocrx_word' id='word_1_75' title='bbox 1856 1364 2097 1445; x_wconf 89' lang='lat' dir='ltr'>aliquid</span> <span class='ocrx_word' id='word_1_76' title='bbox 2150 1384 2454 1449; x_wconf 87' lang='lat' dir='ltr'>magnum</span> <span class='ocrx_word' id='word_1_77' title='bbox 2519 1365 2675 1429; x_wconf 89' lang='lat' dir='ltr'>haec</span> 
     </span>
     <span class='ocr_line' id='line_1_12' title="bbox 377 1468 2678 1553; baseline -0.001 -17"><span class='ocrx_word' id='word_1_78' title='bbox 377 1471 619 1536; x_wconf 82' lang='lat' dir='ltr'>discere</span> <span class='ocrx_word' id='word_1_79' title='bbox 687 1471 1004 1545; x_wconf 89' lang='lat' dir='ltr'>curarunt,</span> <span class='ocrx_word' id='word_1_80' title='bbox 1072 1487 1275 1550; x_wconf 89' lang='lat' dir='ltr'>usque</span> <span class='ocrx_word' id='word_1_81' title='bbox 1341 1468 1418 1532; x_wconf 87' lang='lat' dir='ltr'>ad</span> <span class='ocrx_word' id='word_1_82' title='bbox 1486 1486 1674 1534; x_wconf 89' lang='lat' dir='ltr'>canos</span> <span class='ocrx_word' id='word_1_83' title='bbox 1740 1468 2133 1551; x_wconf 86' lang='lat' dir='ltr'>episcopales</span> <span class='ocrx_word' id='word_1_84' title='bbox 2202 1472 2266 1534; x_wconf 91' lang='lat' dir='ltr'>et</span> <span class='ocrx_word' id='word_1_85' title='bbox 2328 1490 2532 1553; x_wconf 90' lang='lat' dir='ltr'>usque</span> <span class='ocrx_word' id='word_1_86' title='bbox 2598 1471 2678 1534; x_wconf 88' lang='lat' dir='ltr'>ad</span> 
     </span>
     <span class='ocr_line' id='line_1_13' title="bbox 378 1575 2678 1659; baseline -0.001 -16"><span class='ocrx_word' id='word_1_87' title='bbox 378 1578 704 1643; x_wconf 87' lang='lat' dir='ltr'>cathedras</span> <span class='ocrx_word' id='word_1_88' title='bbox 754 1576 1221 1640; x_wconf 90' lang='lat' dir='ltr'>ecclesiasticas</span> <span class='ocrx_word' id='word_1_89' title='bbox 1271 1594 1344 1639; x_wconf 89' lang='lat' dir='ltr'>ea</span> <span class='ocrx_word' id='word_1_90' title='bbox 1399 1576 1521 1640; x_wconf 91' lang='lat' dir='ltr'>sibi</span> <span class='ocrx_word' id='word_1_91' title='bbox 1576 1575 1641 1640; x_wconf 92' lang='lat' dir='ltr'>in</span> <span class='ocrx_word' id='word_1_92' title='bbox 1691 1576 1995 1641; x_wconf 87' lang='lat' dir='ltr'>memoria</span> <span class='ocrx_word' id='word_1_93' title='bbox 2041 1575 2265 1641; x_wconf 82' lang='lat' dir='ltr'>durare</span> <span class='ocrx_word' id='word_1_94' title='bbox 2312 1582 2678 1659; x_wconf 87' lang='lat' dir='ltr'>paterentur</span> 
     </span>
     <span class='ocr_line' id='line_1_14' title="bbox 380 1682 2677 1765; baseline 0 -16"><span class='ocrx_word' id='word_1_95' title='bbox 380 1687 510 1763; x_wconf 88' lang='lat' dir='ltr'>aut,</span> <span class='ocrx_word' id='word_1_96' title='bbox 577 1684 631 1748; x_wconf 93' lang='lat' dir='ltr'>si</span> <span class='ocrx_word' id='word_1_97' title='bbox 695 1683 821 1765; x_wconf 88' lang='lat' dir='ltr'>ipsi</span> <span class='ocrx_word' id='word_1_98' title='bbox 885 1682 1145 1760; x_wconf 87' lang='lat' dir='ltr'>uellent,</span> <span class='ocrx_word' id='word_1_99' title='bbox 1210 1701 1334 1746; x_wconf 92' lang='lat' dir='ltr'>non</span> <span class='ocrx_word' id='word_1_100' title='bbox 1397 1682 1509 1746; x_wconf 90' lang='lat' dir='ltr'>illa</span> <span class='ocrx_word' id='word_1_101' title='bbox 1575 1682 1769 1747; x_wconf 89' lang='lat' dir='ltr'>etiam</span> <span class='ocrx_word' id='word_1_102' title='bbox 1828 1682 1902 1747; x_wconf 89' lang='lat' dir='ltr'>de</span> <span class='ocrx_word' id='word_1_103' title='bbox 1967 1683 2317 1748; x_wconf 88' lang='lat' dir='ltr'>inuitorum</span> <span class='ocrx_word' id='word_1_104' title='bbox 2384 1684 2677 1749; x_wconf 87' lang='lat' dir='ltr'>cordibus</span> 
     </span>
     <span class='ocr_line' id='line_1_15' title="bbox 381 1789 2677 1874; baseline -0 -18"><span class='ocrx_word' id='word_1_105' title='bbox 381 1809 567 1856; x_wconf 86' lang='lat' dir='ltr'>curae</span> <span class='ocrx_word' id='word_1_106' title='bbox 620 1789 894 1855; x_wconf 89' lang='lat' dir='ltr'>maiores</span> <span class='ocrx_word' id='word_1_107' title='bbox 949 1789 1401 1874; x_wconf 83' lang='lat' dir='ltr'>grauioresque</span> <span class='ocrx_word' id='word_1_108' title='bbox 1459 1790 1859 1855; x_wconf 85' lang='lat' dir='ltr'>secluderent</span> <span class='ocrx_word' id='word_1_109' title='bbox 1912 1791 2042 1868; x_wconf 89' lang='lat' dir='ltr'>aut,</span> <span class='ocrx_word' id='word_1_110' title='bbox 2102 1790 2157 1855; x_wconf 93' lang='lat' dir='ltr'>si</span> <span class='ocrx_word' id='word_1_111' title='bbox 2204 1791 2417 1873; x_wconf 88' lang='lat' dir='ltr'>aliqua</span> <span class='ocrx_word' id='word_1_112' title='bbox 2464 1810 2534 1855; x_wconf 91' lang='lat' dir='ltr'>ex</span> <span class='ocrx_word' id='word_1_113' title='bbox 2584 1791 2677 1855; x_wconf 91' lang='lat' dir='ltr'>eis</span> 
     </span>
     <span class='ocr_line' id='line_1_16' title="bbox 382 1896 2677 1975; baseline -0 -13"><span class='ocrx_word' id='word_1_114' title='bbox 382 1898 448 1962; x_wconf 92' lang='lat' dir='ltr'>in</span> <span class='ocrx_word' id='word_1_115' title='bbox 505 1896 730 1963; x_wconf 88' lang='lat' dir='ltr'>animis</span> <span class='ocrx_word' id='word_1_116' title='bbox 789 1916 1006 1961; x_wconf 88' lang='lat' dir='ltr'>eorum</span> <span class='ocrx_word' id='word_1_117' title='bbox 1064 1896 1260 1961; x_wconf 87' lang='lat' dir='ltr'>nimia</span> <span class='ocrx_word' id='word_1_118' title='bbox 1315 1897 1769 1961; x_wconf 88' lang='lat' dir='ltr'>consuetudine</span> <span class='ocrx_word' id='word_1_119' title='bbox 1826 1900 2238 1975; x_wconf 85' lang='lat' dir='ltr'>remanerent,</span> <span class='ocrx_word' id='word_1_120' title='bbox 2302 1917 2427 1963; x_wconf 91' lang='lat' dir='ltr'>non</span> <span class='ocrx_word' id='word_1_121' title='bbox 2486 1898 2677 1962; x_wconf 88' lang='lat' dir='ltr'>etiam</span> 
     </span>
     <span class='ocr_line' id='line_1_17' title="bbox 378 2002 2679 2088; baseline 0 -20"><span class='ocrx_word' id='word_1_122' title='bbox 378 2004 520 2088; x_wconf 86' lang='lat' dir='ltr'>ipsa</span> <span class='ocrx_word' id='word_1_123' title='bbox 573 2003 890 2069; x_wconf 91' lang='lat' dir='ltr'>obliuione</span> <span class='ocrx_word' id='word_1_124' title='bbox 955 2002 1222 2086; x_wconf 86' lang='lat' dir='ltr'>sepelire</span> <span class='ocrx_word' id='word_1_125' title='bbox 1285 2002 1552 2067; x_wconf 87' lang='lat' dir='ltr'>mallent</span> <span class='ocrx_word' id='word_1_126' title='bbox 1624 2004 1951 2067; x_wconf 84' lang='lat' dir='ltr'>recordata</span> <span class='ocrx_word' id='word_1_127' title='bbox 2016 2024 2204 2087; x_wconf 85' lang='lat' dir='ltr'>quam</span> <span class='ocrx_word' id='word_1_128' title='bbox 2275 2004 2517 2086; x_wconf 87' lang='lat' dir='ltr'>ineptia</span> <span class='ocrx_word' id='word_1_129' title='bbox 2584 2024 2679 2068; x_wconf 90' lang='lat' dir='ltr'>re·</span> 
     </span>
    </p>
   </div>
   <div class='ocr_carea' id='block_1_10' title="bbox 317 2107 2682 2193">
    <p class='ocr_par' dir='ltr' id='par_1_10' title="bbox 317 2107 2682 2193">
     <span class='ocr_line' id='line_1_18' title="bbox 317 2107 2682 2193; baseline -0.001 -17"><span class='ocrx_word' id='word_1_130' title='bbox 317 2138 342 2177; x_wconf 83' lang='lat'>5</span> <span class='ocrx_word' id='word_1_131' title='bbox 381 2110 686 2193; x_wconf 89' lang='lat' dir='ltr'>spondere</span> <span class='ocrx_word' id='word_1_132' title='bbox 759 2108 1066 2190; x_wconf 89' lang='lat' dir='ltr'>quaesita,</span> <span class='ocrx_word' id='word_1_133' title='bbox 1144 2126 1290 2172; x_wconf 89' lang='lat' dir='ltr'>cum</span> <span class='ocrx_word' id='word_1_134' title='bbox 1363 2108 1426 2171; x_wconf 91' lang='lat' dir='ltr'>in</span> <span class='ocrx_word' id='word_1_135' title='bbox 1491 2107 1634 2190; x_wconf 90' lang='lat' dir='ltr'>ipsa</span> <span class='ocrx_word' id='word_1_136' title='bbox 1700 2110 1891 2171; x_wconf 88' lang='lat' dir='ltr'>etiam</span> <span class='ocrx_word' id='word_1_137' title='bbox 1958 2108 2230 2173; x_wconf 87' lang='lat' dir='ltr'>scholari</span> <span class='ocrx_word' id='word_1_138' title='bbox 2295 2109 2559 2175; x_wconf 83' lang='lat' dir='ltr'>leuitate</span> <span class='ocrx_word' id='word_1_139' title='bbox 2618 2112 2682 2174; x_wconf 87' lang='lat' dir='ltr'>et</span> 
     </span>
    </p>
   </div>
   <div class='ocr_carea' id='block_1_11' title="bbox 379 2213 2688 3152">
    <p class='ocr_par' dir='ltr' id='par_1_11' title="bbox 379 2213 2688 3152">
     <span class='ocr_line' id='line_1_19' title="bbox 379 2213 2678 2298; baseline 0 -18"><span class='ocrx_word' id='word_1_140' title='bbox 379 2216 709 2280; x_wconf 90' lang='lat' dir='ltr'>rhetoricis</span> <span class='ocrx_word' id='word_1_141' title='bbox 741 2214 1057 2280; x_wconf 83' lang='lat' dir='ltr'>cathedris</span> <span class='ocrx_word' id='word_1_142' title='bbox 1093 2213 1181 2277; x_wconf 87' lang='lat' dir='ltr'>ita</span> <span class='ocrx_word' id='word_1_143' title='bbox 1223 2214 1620 2279; x_wconf 89' lang='lat' dir='ltr'>obmutuisse</span> <span class='ocrx_word' id='word_1_144' title='bbox 1660 2217 1848 2298; x_wconf 88' lang='lat' dir='ltr'>atque</span> <span class='ocrx_word' id='word_1_145' title='bbox 1888 2214 2288 2298; x_wconf 89' lang='lat' dir='ltr'>obtorpuisse</span> <span class='ocrx_word' id='word_1_146' title='bbox 2325 2216 2678 2296; x_wconf 88' lang='lat' dir='ltr'>uideantur,</span> 
     </span>
     <span class='ocr_line' id='line_1_20' title="bbox 379 2321 2680 2406; baseline -0.001 -19"><span class='ocrx_word' id='word_1_147' title='bbox 379 2327 454 2388; x_wconf 88' lang='lat' dir='ltr'>ut</span> <span class='ocrx_word' id='word_1_148' title='bbox 491 2342 527 2386; x_wconf 89' lang='lat' dir='ltr'>a</span> <span class='ocrx_word' id='word_1_149' title='bbox 557 2322 932 2406; x_wconf 88' lang='lat' dir='ltr'>Carthagine</span> <span class='ocrx_word' id='word_1_150' title='bbox 961 2321 1344 2404; x_wconf 89' lang='lat' dir='ltr'>Hipponem,</span> <span class='ocrx_word' id='word_1_151' title='bbox 1385 2338 1510 2402; x_wconf 90' lang='lat' dir='ltr'>quo</span> <span class='ocrx_word' id='word_1_152' title='bbox 1551 2321 1773 2402; x_wconf 83' lang='lat' dir='ltr'>exponi</span> <span class='ocrx_word' id='word_1_153' title='bbox 1813 2322 2081 2405; x_wconf 89' lang='lat' dir='ltr'>possint,</span> <span class='ocrx_word' id='word_1_154' title='bbox 2120 2322 2432 2387; x_wconf 85' lang='lat' dir='ltr'>mittenda</span> <span class='ocrx_word' id='word_1_155' title='bbox 2470 2323 2680 2387; x_wconf 87' lang='lat' dir='ltr'>existi-</span> 
     </span>
     <span class='ocr_line' id='line_1_21' title="bbox 381 2427 2679 2511; baseline -0.001 -18"><span class='ocrx_word' id='word_1_156' title='bbox 381 2432 648 2507; x_wconf 87' lang='lat' dir='ltr'>mentur,</span> <span class='ocrx_word' id='word_1_157' title='bbox 708 2428 820 2492; x_wconf 92' lang='lat' dir='ltr'>ubi</span> <span class='ocrx_word' id='word_1_158' title='bbox 875 2431 1006 2491; x_wconf 88' lang='lat' dir='ltr'>tam</span> <span class='ocrx_word' id='word_1_159' title='bbox 1069 2427 1331 2492; x_wconf 87' lang='lat' dir='ltr'>insolita</span> <span class='ocrx_word' id='word_1_160' title='bbox 1387 2429 1578 2509; x_wconf 88' lang='lat' dir='ltr'>atque</span> <span class='ocrx_word' id='word_1_161' title='bbox 1636 2428 1888 2492; x_wconf 91' lang='lat' dir='ltr'>omnino</span> <span class='ocrx_word' id='word_1_162' title='bbox 1954 2430 2286 2511; x_wconf 83' lang='lat' dir='ltr'>peregrina</span> <span class='ocrx_word' id='word_1_163' title='bbox 2350 2431 2516 2507; x_wconf 88' lang='lat' dir='ltr'>sunt,</span> <span class='ocrx_word' id='word_1_164' title='bbox 2584 2432 2679 2507; x_wconf 87' lang='lat' dir='ltr'>ut,</span> 
     </span>
     <span class='ocr_line' id='line_1_22' title="bbox 382 2533 2679 2617; baseline -0.001 -16"><span class='ocrx_word' id='word_1_165' title='bbox 382 2536 436 2601; x_wconf 92' lang='lat' dir='ltr'>si</span> <span class='ocrx_word' id='word_1_166' title='bbox 491 2535 726 2601; x_wconf 88' lang='lat' dir='ltr'>uellem</span> <span class='ocrx_word' id='word_1_167' title='bbox 789 2533 1210 2617; x_wconf 88' lang='lat' dir='ltr'>respondendi</span> <span class='ocrx_word' id='word_1_168' title='bbox 1267 2552 1418 2599; x_wconf 88' lang='lat' dir='ltr'>cura</span> <span class='ocrx_word' id='word_1_169' title='bbox 1480 2533 1787 2616; x_wconf 87' lang='lat' dir='ltr'>inspicere</span> <span class='ocrx_word' id='word_1_170' title='bbox 1853 2534 2097 2616; x_wconf 90' lang='lat' dir='ltr'>aliquid</span> <span class='ocrx_word' id='word_1_171' title='bbox 2161 2535 2381 2600; x_wconf 91' lang='lat' dir='ltr'>uolens</span> <span class='ocrx_word' id='word_1_172' title='bbox 2438 2534 2679 2612; x_wconf 89' lang='lat' dir='ltr'>uidere,</span> 
     </span>
     <span class='ocr_line' id='line_1_23' title="bbox 382 2640 2686 2726; baseline -0.001 -19"><span class='ocrx_word' id='word_1_173' title='bbox 382 2662 506 2726; x_wconf 91' lang='lat' dir='ltr'>quo</span> <span class='ocrx_word' id='word_1_174' title='bbox 551 2642 741 2706; x_wconf 90' lang='lat' dir='ltr'>modo</span> <span class='ocrx_word' id='word_1_175' title='bbox 789 2640 869 2705; x_wconf 86' lang='lat' dir='ltr'>ad</span> <span class='ocrx_word' id='word_1_176' title='bbox 916 2640 1313 2717; x_wconf 88' lang='lat' dir='ltr'>sententiam,</span> <span class='ocrx_word' id='word_1_177' title='bbox 1363 2659 1521 2723; x_wconf 89' lang='lat' dir='ltr'>quae</span> <span class='ocrx_word' id='word_1_178' title='bbox 1569 2640 1727 2706; x_wconf 91' lang='lat' dir='ltr'>mihi</span> <span class='ocrx_word' id='word_1_179' title='bbox 1766 2641 2130 2724; x_wconf 88' lang='lat' dir='ltr'>exponenda</span> <span class='ocrx_word' id='word_1_180' title='bbox 2168 2645 2361 2721; x_wconf 87' lang='lat' dir='ltr'>esset,</span> <span class='ocrx_word' id='word_1_181' title='bbox 2410 2642 2686 2723; x_wconf 88' lang='lat' dir='ltr'>desuper</span> 
     </span>
     <span class='ocr_line' id='line_1_24' title="bbox 380 2746 2681 2831; baseline -0 -17"><span class='ocrx_word' id='word_1_182' title='bbox 380 2750 672 2814; x_wconf 84' lang='lat' dir='ltr'>ueniatur</span> <span class='ocrx_word' id='word_1_183' title='bbox 718 2751 829 2812; x_wconf 86' lang='lat' dir='ltr'>aut</span> <span class='ocrx_word' id='word_1_184' title='bbox 874 2746 950 2811; x_wconf 89' lang='lat' dir='ltr'>ab</span> <span class='ocrx_word' id='word_1_185' title='bbox 1001 2766 1073 2811; x_wconf 88' lang='lat' dir='ltr'>ea</span> <span class='ocrx_word' id='word_1_186' title='bbox 1111 2746 1405 2830; x_wconf 87' lang='lat' dir='ltr'>deinceps</span> <span class='ocrx_word' id='word_1_187' title='bbox 1445 2766 1607 2831; x_wconf 86' lang='lat' dir='ltr'>quae</span> <span class='ocrx_word' id='word_1_188' title='bbox 1646 2750 2080 2812; x_wconf 84' lang='lat' dir='ltr'>contexeretur</span> <span class='ocrx_word' id='word_1_189' title='bbox 2125 2750 2345 2826; x_wconf 86' lang='lat' dir='ltr'>oratic,</span> <span class='ocrx_word' id='word_1_190' title='bbox 2395 2748 2681 2814; x_wconf 90' lang='lat' dir='ltr'>codicem</span> 
     </span>
     <span class='ocr_line' id='line_1_25' title="bbox 380 2853 2683 2940; baseline 0.001 -21"><span class='ocrx_word' id='word_1_191' title='bbox 380 2874 637 2940; x_wconf 90' lang='lat' dir='ltr'>prorsus</span> <span class='ocrx_word' id='word_1_192' title='bbox 666 2855 948 2919; x_wconf 90' lang='lat' dir='ltr'>inuenire</span> <span class='ocrx_word' id='word_1_193' title='bbox 979 2872 1102 2919; x_wconf 89' lang='lat' dir='ltr'>non</span> <span class='ocrx_word' id='word_1_194' title='bbox 1131 2874 1408 2937; x_wconf 86' lang='lat' dir='ltr'>possem.</span> <span class='ocrx_word' id='word_1_195' title='bbox 1438 2854 1536 2918; x_wconf 90' lang='lat' dir='ltr'>illi</span> <span class='ocrx_word' id='word_1_196' title='bbox 1568 2858 1782 2919; x_wconf 89' lang='lat' dir='ltr'>autem</span> <span class='ocrx_word' id='word_1_197' title='bbox 1816 2853 2368 2939; x_wconf 85' lang='lat' dir='ltr'>Carthaginienses</span> <span class='ocrx_word' id='word_1_198' title='bbox 2397 2856 2683 2921; x_wconf 89' lang='lat' dir='ltr'>rhetores</span> 
     </span>
     <span class='ocr_line' id='line_1_26' title="bbox 382 2960 2688 3047; baseline 0 -21"><span class='ocrx_word' id='word_1_199' title='bbox 382 2963 437 3026; x_wconf 94' lang='lat' dir='ltr'>si</span> <span class='ocrx_word' id='word_1_200' title='bbox 493 2962 643 3026; x_wconf 91' lang='lat' dir='ltr'>huic</span> <span class='ocrx_word' id='word_1_201' title='bbox 690 2964 802 3028; x_wconf 89' lang='lat' dir='ltr'>tuo</span> <span class='ocrx_word' id='word_1_202' title='bbox 861 2962 1074 3027; x_wconf 87' lang='lat' dir='ltr'>studio</span> <span class='ocrx_word' id='word_1_203' title='bbox 1124 2962 1482 3039; x_wconf 84' lang='lat' dir='ltr'>defuerunt,</span> <span class='ocrx_word' id='word_1_204' title='bbox 1541 2982 1665 3025; x_wconf 91' lang='lat' dir='ltr'>non</span> <span class='ocrx_word' id='word_1_205' title='bbox 1714 2960 1902 3025; x_wconf 90' lang='lat' dir='ltr'>modo</span> <span class='ocrx_word' id='word_1_206' title='bbox 1954 2981 1991 3025; x_wconf 86' lang='lat' dir='ltr'>a</span> <span class='ocrx_word' id='word_1_207' title='bbox 2032 2982 2137 3025; x_wconf 91' lang='lat' dir='ltr'>me</span> <span class='ocrx_word' id='word_1_208' title='bbox 2182 2980 2303 3027; x_wconf 91' lang='lat' dir='ltr'>non</span> <span class='ocrx_word' id='word_1_209' title='bbox 2352 2962 2688 3047; x_wconf 88' lang='lat' dir='ltr'>reprehen-</span> 
     </span>
     <span class='ocr_line' id='line_1_27' title="bbox 382 3069 2683 3152; baseline 0 -20"><span class='ocrx_word' id='word_1_210' title='bbox 382 3071 636 3145; x_wconf 86' lang='lat' dir='ltr'>duntur,</span> <span class='ocrx_word' id='word_1_211' title='bbox 705 3069 818 3133; x_wconf 92' lang='lat' dir='ltr'>sed</span> <span class='ocrx_word' id='word_1_212' title='bbox 884 3069 1076 3133; x_wconf 89' lang='lat' dir='ltr'>etiam</span> <span class='ocrx_word' id='word_1_213' title='bbox 1149 3069 1594 3152; x_wconf 87' lang='lat' dir='ltr'>adprobantur,</span> <span class='ocrx_word' id='word_1_214' title='bbox 1672 3069 1729 3134; x_wconf 92' lang='lat' dir='ltr'>si</span> <span class='ocrx_word' id='word_1_215' title='bbox 1790 3070 1953 3133; x_wconf 83' lang='lat' dir='ltr'>forte</span> <span class='ocrx_word' id='word_1_216' title='bbox 2018 3070 2145 3134; x_wconf 92' lang='lat' dir='ltr'>iam</span> <span class='ocrx_word' id='word_1_217' title='bbox 2208 3070 2499 3134; x_wconf 86' lang='lat' dir='ltr'>recolunt</span> <span class='ocrx_word' id='word_1_218' title='bbox 2560 3088 2683 3135; x_wconf 91' lang='lat' dir='ltr'>non</span> 
     </span>
    </p>
   </div>
   <div class='ocr_carea' id='block_1_12' title="bbox 321 3174 2685 3259">
    <p class='ocr_par' dir='ltr' id='par_1_12' title="bbox 321 3174 2685 3259">
     <span class='ocr_line' id='line_1_28' title="bbox 321 3174 2685 3259; baseline -0 -19"><span class='ocrx_word' id='word_1_219' title='bbox 321 3202 344 3240; x_wconf 81' lang='lat'>5</span> <span class='ocrx_word' id='word_1_220' title='bbox 379 3176 805 3240; x_wconf 85' lang='lat' dir='ltr'>Romanorum</span> <span class='ocrx_word' id='word_1_221' title='bbox 861 3177 1137 3241; x_wconf 87' lang='lat' dir='ltr'>fororum</span> <span class='ocrx_word' id='word_1_222' title='bbox 1187 3176 1300 3239; x_wconf 90' lang='lat' dir='ltr'>sed</span> <span class='ocrx_word' id='word_1_223' title='bbox 1348 3174 1733 3239; x_wconf 83' lang='lat' dir='ltr'>Graecorum</span> <span class='ocrx_word' id='word_1_224' title='bbox 1784 3176 2260 3259; x_wconf 76' lang='lat' dir='ltr'>gymnasiorum</span> <span class='ocrx_word' id='word_1_225' title='bbox 2305 3176 2432 3240; x_wconf 90' lang='lat' dir='ltr'>ista</span> <span class='ocrx_word' id='word_1_226' title='bbox 2478 3175 2685 3240; x_wconf 90' lang='lat' dir='ltr'>solere</span> 
     </span>
    </p>
   </div>
   <div class='ocr_carea' id='block_1_13' title="bbox 383 3282 2683 3369">
    <p class='ocr_par' dir='ltr' id='par_1_13' title="bbox 383 3282 2683 3369">
     <span class='ocr_line' id='line_1_29' title="bbox 383 3282 2683 3369; baseline 0.001 -24"><span class='ocrx_word' id='word_1_227' title='bbox 383 3300 524 3347; x_wconf 89' lang='lat' dir='ltr'>esse</span> <span class='ocrx_word' id='word_1_228' title='bbox 590 3282 949 3347; x_wconf 86' lang='lat' dir='ltr'>certamina.</span> <span class='ocrx_word' id='word_1_229' title='bbox 1015 3286 1088 3347; x_wconf 90' lang='lat' dir='ltr'>tu</span> <span class='ocrx_word' id='word_1_230' title='bbox 1151 3302 1303 3347; x_wconf 90' lang='lat' dir='ltr'>uero</span> <span class='ocrx_word' id='word_1_231' title='bbox 1370 3300 1514 3348; x_wconf 90' lang='lat' dir='ltr'>cum</span> <span class='ocrx_word' id='word_1_232' title='bbox 1583 3286 1647 3347; x_wconf 91' lang='lat' dir='ltr'>et</span> <span class='ocrx_word' id='word_1_233' title='bbox 1710 3282 1774 3348; x_wconf 92' lang='lat' dir='ltr'>in</span> <span class='ocrx_word' id='word_1_234' title='bbox 1841 3282 2173 3369; x_wconf 83' lang='lat' dir='ltr'>gymnasia</span> <span class='ocrx_word' id='word_1_235' title='bbox 2230 3282 2683 3367; x_wconf 87' lang='lat' dir='ltr'>cogitationem</span> 
     </span>
    </p>
   </div>
   <div class='ocr_carea' id='block_1_14' title="bbox 381 3520 2691 4393">
    <p class='ocr_par' dir='ltr' id='par_1_14' title="bbox 381 3520 2691 4393">
     <span class='ocr_line' id='line_1_30' title="bbox 458 3520 2681 3594; baseline 0.001 -18"><span class='ocrx_word' id='word_1_236' title='bbox 458 3525 483 3576; x_wconf 94' lang='lat'><strong>1</strong></span> <span class='ocrx_word' id='word_1_237' title='bbox 526 3540 631 3592; x_wconf 88' lang='lat' dir='ltr'>quo</span> <span class='ocrx_word' id='word_1_238' title='bbox 671 3522 758 3591; x_wconf 90' lang='lat' dir='ltr'>ad]</span> <span class='ocrx_word' id='word_1_239' title='bbox 799 3522 943 3592; x_wconf 89' lang='lat' dir='ltr'>quod</span> <span class='ocrx_word' id='word_1_240' title='bbox 978 3522 1034 3576; x_wconf 91' lang='lat' dir='ltr'><strong><em>P</em></strong></span> <span class='ocrx_word' id='word_1_241' title='bbox 1138 3524 1171 3577; x_wconf 88' lang='lat'>5</span> <span class='ocrx_word' id='word_1_242' title='bbox 1212 3521 1301 3591; x_wconf 89' lang='lat' dir='ltr'>qui</span> <span class='ocrx_word' id='word_1_243' title='bbox 1339 3520 1482 3575; x_wconf 86' lang='lat' dir='ltr'>P¹V</span> <span class='ocrx_word' id='word_1_244' title='bbox 1512 3522 1633 3577; x_wconf 77' lang='lat' dir='ltr'>edd.</span> <span class='ocrx_word' id='word_1_245' title='bbox 1781 3540 1847 3578; x_wconf 86' lang='lat' dir='ltr'>ea</span> <span class='ocrx_word' id='word_1_246' title='bbox 1882 3540 2021 3594; x_wconf 90' lang='lat' dir='ltr'>quae</span> <span class='ocrx_word' id='word_1_247' title='bbox 2057 3523 2133 3577; x_wconf 83' lang='lat' dir='ltr'><strong><em>M</em></strong></span> <span class='ocrx_word' id='word_1_248' title='bbox 2264 3525 2297 3577; x_wconf 92' lang='grc'><strong>6</strong></span> <span class='ocrx_word' id='word_1_249' title='bbox 2338 3524 2681 3594; x_wconf 87' lang='lat' dir='ltr'>exponendae</span> 
     </span>
     <span class='ocr_line' id='line_1_31' title="bbox 383 3610 2685 3682; baseline -0 -16"><span class='ocrx_word' id='word_1_250' title='bbox 383 3613 632 3667; x_wconf 89' lang='lat' dir='ltr'>emittere</span> <span class='ocrx_word' id='word_1_251' title='bbox 669 3611 743 3665; x_wconf 88' lang='lat' dir='ltr'><strong><em>M</em></strong></span> <span class='ocrx_word' id='word_1_252' title='bbox 785 3610 1129 3680; x_wconf 85' lang='lat' dir='ltr'>exponendae</span> <span class='ocrx_word' id='word_1_253' title='bbox 1174 3611 1394 3664; x_wconf 84' lang='lat' dir='ltr'>mittere</span> <span class='ocrx_word' id='word_1_254' title='bbox 1430 3611 1485 3664; x_wconf 74' lang='lat' dir='ltr'><strong><em>A</em></strong></span> <span class='ocrx_word' id='word_1_255' title='bbox 1533 3612 1843 3682; x_wconf 85' lang='lat' dir='ltr'>exponende</span> <span class='ocrx_word' id='word_1_256' title='bbox 1892 3612 2163 3681; x_wconf 80' lang='lat' dir='ltr'>amittere,</span> <span class='ocrx_word' id='word_1_257' title='bbox 2200 3629 2267 3665; x_wconf 85' lang='lat' dir='ltr'>m.</span> <span class='ocrx_word' id='word_1_258' title='bbox 2292 3616 2331 3666; x_wconf 82' lang='lat'><em>2</em></span> <span class='ocrx_word' id='word_1_259' title='bbox 2368 3613 2685 3682; x_wconf 83' lang='lat' dir='ltr'>exponenda</span> 
     </span>
     <span class='ocr_line' id='line_1_32' title="bbox 381 3698 2683 3771; baseline 0.001 -16"><span class='ocrx_word' id='word_1_260' title='bbox 381 3702 599 3755; x_wconf 87' lang='lat' dir='ltr'>mittere</span> <span class='ocrx_word' id='word_1_261' title='bbox 636 3701 693 3754; x_wconf 90' lang='lat' dir='ltr'><strong><em>P</em></strong></span> <span class='ocrx_word' id='word_1_262' title='bbox 727 3698 1040 3770; x_wconf 87' lang='lat' dir='ltr'>exponenda</span> <span class='ocrx_word' id='word_1_263' title='bbox 1077 3701 1293 3753; x_wconf 85' lang='lat' dir='ltr'>mittere</span> <span class='ocrx_word' id='word_1_264' title='bbox 1318 3700 1374 3755; x_wconf 84' lang='lat' dir='ltr'><em>R</em></span> <span class='ocrx_word' id='word_1_265' title='bbox 1483 3702 1512 3755; x_wconf 87' lang='lat'><strong>7</strong></span> <span class='ocrx_word' id='word_1_266' title='bbox 1550 3700 1646 3754; x_wconf 85' lang='lat' dir='ltr'>isti</span> <span class='ocrx_word' id='word_1_267' title='bbox 1687 3703 1937 3771; x_wconf 88' lang='lat' dir='ltr'>episcopo</span> <span class='ocrx_word' id='word_1_268' title='bbox 1977 3704 2136 3769; x_wconf 84' lang='lat' dir='ltr'>(corr.</span> <span class='ocrx_word' id='word_1_269' title='bbox 2174 3718 2243 3755; x_wconf 86' lang='lat' dir='ltr'>m.</span> <span class='ocrx_word' id='word_1_270' title='bbox 2266 3705 2297 3754; x_wconf 87' lang='lat'><strong><em>1</em></strong></span> <span class='ocrx_word' id='word_1_271' title='bbox 2334 3702 2597 3771; x_wconf 87' lang='lat' dir='ltr'>episcopi)</span> <span class='ocrx_word' id='word_1_272' title='bbox 2626 3702 2683 3757; x_wconf 82' lang='lat' dir='ltr'><em>R</em></span> 
     </span>
     <span class='ocr_line' id='line_1_33' title="bbox 383 3786 2685 3860; baseline 0.001 -17"><span class='ocrx_word' id='word_1_273' title='bbox 383 3788 624 3860; x_wconf 87' lang='lat' dir='ltr'>episcopi</span> <span class='ocrx_word' id='word_1_274' title='bbox 659 3788 756 3841; x_wconf 86' lang='lat' dir='ltr'>isti</span> <span class='ocrx_word' id='word_1_275' title='bbox 793 3788 914 3842; x_wconf 85' lang='lat' dir='ltr'>edd.</span> <span class='ocrx_word' id='word_1_276' title='bbox 1026 3786 1388 3842; x_wconf 86' lang='lat' dir='ltr'>aduliscenter</span> <span class='ocrx_word' id='word_1_277' title='bbox 1416 3788 1472 3842; x_wconf 91' lang='lat' dir='ltr'><strong><em>P</em></strong></span> <span class='ocrx_word' id='word_1_278' title='bbox 1495 3788 1875 3853; x_wconf 79' lang='lat' dir='ltr'>adolescentis,</span> <span class='ocrx_word' id='word_1_279' title='bbox 1906 3806 2042 3845; x_wconf 78' lang='lat' dir='ltr'>corr.</span> <span class='ocrx_word' id='word_1_280' title='bbox 2072 3807 2141 3843; x_wconf 88' lang='lat' dir='ltr'>m.</span> <span class='ocrx_word' id='word_1_281' title='bbox 2163 3794 2194 3843; x_wconf 87' lang='lat'><strong><em>1</em></strong></span> <span class='ocrx_word' id='word_1_282' title='bbox 2229 3788 2599 3843; x_wconf 82' lang='lat' dir='ltr'>adolescentes</span> <span class='ocrx_word' id='word_1_283' title='bbox 2627 3789 2685 3845; x_wconf 78' lang='lat' dir='ltr'><strong><em>R</em></strong></span> 
     </span>
     <span class='ocr_line' id='line_1_34' title="bbox 383 3876 2685 3949; baseline -0 -17"><span class='ocrx_word' id='word_1_284' title='bbox 383 3879 416 3932; x_wconf 88' lang='lat'>8</span> <span class='ocrx_word' id='word_1_285' title='bbox 455 3876 676 3946; x_wconf 82' lang='lat' dir='ltr'>aliquod</span> <span class='ocrx_word' id='word_1_286' title='bbox 713 3877 768 3929; x_wconf 86' lang='grc' dir='ltr'>Α.</span> <span class='ocrx_word' id='word_1_287' title='bbox 902 3877 936 3929; x_wconf 86' lang='grc'><strong>9</strong></span> <span class='ocrx_word' id='word_1_288' title='bbox 973 3881 1224 3931; x_wconf 85' lang='lat' dir='ltr'>curarent</span> <span class='ocrx_word' id='word_1_289' title='bbox 1259 3878 1334 3931; x_wconf 89' lang='lat' dir='ltr'>P¹</span> <span class='ocrx_word' id='word_1_290' title='bbox 1375 3880 1426 3943; x_wconf 91' lang='lat' dir='ltr'>(e</span> <span class='ocrx_word' id='word_1_291' title='bbox 1465 3883 1608 3946; x_wconf 79' lang='lat' dir='ltr'>exp.)</span> <span class='ocrx_word' id='word_1_292' title='bbox 1660 3877 1711 3929; x_wconf 85' lang='lat' dir='ltr'><em>V</em></span> <span class='ocrx_word' id='word_1_293' title='bbox 1842 3880 1908 3933; x_wconf 90' lang='lat'>10</span> <span class='ocrx_word' id='word_1_294' title='bbox 1948 3878 2083 3932; x_wconf 89' lang='lat' dir='ltr'>dura</span> <span class='ocrx_word' id='word_1_295' title='bbox 2118 3880 2515 3949; x_wconf 82' lang='lat' dir='ltr'>reputarentur,</span> <span class='ocrx_word' id='word_1_296' title='bbox 2552 3894 2621 3933; x_wconf 83' lang='lat' dir='ltr'>m.</span> <span class='ocrx_word' id='word_1_297' title='bbox 2646 3881 2685 3931; x_wconf 82' lang='lat'><em>2</em></span> 
     </span>
     <span class='ocr_line' id='line_1_35' title="bbox 384 3965 2691 4036; baseline -0.001 -15"><span class='ocrx_word' id='word_1_298' title='bbox 384 3967 576 4022; x_wconf 86' lang='lat' dir='ltr'>durare</span> <span class='ocrx_word' id='word_1_299' title='bbox 613 3970 932 4036; x_wconf 87' lang='lat' dir='ltr'>paterentur</span> <span class='ocrx_word' id='word_1_300' title='bbox 965 3966 1024 4019; x_wconf 91' lang='lat' dir='ltr'><strong><em>P</em></strong></span> <span class='ocrx_word' id='word_1_301' title='bbox 1200 3967 1262 4020; x_wconf 93' lang='lat'>11</span> <span class='ocrx_word' id='word_1_302' title='bbox 1305 3968 1420 4036; x_wconf 88' lang='lat' dir='ltr'>ipse</span> <span class='ocrx_word' id='word_1_303' title='bbox 1457 3966 1532 4019; x_wconf 90' lang='lat' dir='ltr'><strong><em>M</em></strong></span> <span class='ocrx_word' id='word_1_304' title='bbox 1742 3967 2057 4034; x_wconf 88' lang='lat' dir='ltr'>inuitorum,</span> <span class='ocrx_word' id='word_1_305' title='bbox 2095 3984 2164 4021; x_wconf 87' lang='lat' dir='ltr'>m.</span> <span class='ocrx_word' id='word_1_306' title='bbox 2187 3971 2227 4022; x_wconf 81' lang='lat'><strong><em>2</em></strong></span> <span class='ocrx_word' id='word_1_307' title='bbox 2272 3965 2577 4020; x_wconf 83' lang='lat' dir='ltr'>inuiderum</span> <span class='ocrx_word' id='word_1_308' title='bbox 2614 3965 2691 4019; x_wconf 90' lang='lat' dir='ltr'><strong><em>M</em></strong></span> 
     </span>
     <span class='ocr_line' id='line_1_36' title="bbox 384 4054 2685 4126; baseline -0.002 -15"><span class='ocrx_word' id='word_1_309' title='bbox 384 4058 454 4111; x_wconf 88' lang='grc'>12</span> <span class='ocrx_word' id='word_1_310' title='bbox 491 4072 550 4110; x_wconf 88' lang='lat' dir='ltr'>se</span> <span class='ocrx_word' id='word_1_311' title='bbox 587 4054 904 4110; x_wconf 85' lang='lat' dir='ltr'>clauderent</span> <span class='ocrx_word' id='word_1_312' title='bbox 939 4058 994 4109; x_wconf 81' lang='lat' dir='ltr'><strong><em>A</em></strong></span> <span class='ocrx_word' id='word_1_313' title='bbox 1071 4054 1138 4110; x_wconf 85' lang='lat'>14</span> <span class='ocrx_word' id='word_1_314' title='bbox 1175 4056 1394 4125; x_wconf 87' lang='lat' dir='ltr'>sepeliri</span> <span class='ocrx_word' id='word_1_315' title='bbox 1431 4074 1484 4109; x_wconf 89' lang='lat' dir='ltr'>m</span> <span class='ocrx_word' id='word_1_316' title='bbox 1591 4056 1781 4126; x_wconf 87' lang='lat' dir='ltr'>inepta</span> <span class='ocrx_word' id='word_1_317' title='bbox 1816 4055 1955 4110; x_wconf 84' lang='lat' dir='ltr'>P¹V</span> <span class='ocrx_word' id='word_1_318' title='bbox 1986 4054 2055 4109; x_wconf 87' lang='lat' dir='ltr'>ad</span> <span class='ocrx_word' id='word_1_319' title='bbox 2092 4056 2281 4126; x_wconf 85' lang='lat' dir='ltr'>inepta</span> <span class='ocrx_word' id='word_1_320' title='bbox 2306 4072 2361 4109; x_wconf 89' lang='lat' dir='ltr'>m</span> <span class='ocrx_word' id='word_1_321' title='bbox 2446 4055 2510 4108; x_wconf 91' lang='grc'>15</span> <span class='ocrx_word' id='word_1_322' title='bbox 2546 4054 2685 4108; x_wconf 91' lang='lat' dir='ltr'>leni-</span> 
     </span>
     <span class='ocr_line' id='line_1_37' title="bbox 382 4144 2681 4214; baseline -0.001 -14"><span class='ocrx_word' id='word_1_323' title='bbox 382 4149 498 4200; x_wconf 86' lang='lat' dir='ltr'>tate</span> <span class='ocrx_word' id='word_1_324' title='bbox 535 4144 591 4198; x_wconf 94' lang='lat' dir='ltr'><strong><em>P</em></strong></span> <span class='ocrx_word' id='word_1_325' title='bbox 771 4145 835 4198; x_wconf 88' lang='lat'>19</span> <span class='ocrx_word' id='word_1_326' title='bbox 875 4160 1018 4207; x_wconf 87' lang='lat' dir='ltr'>cura,</span> <span class='ocrx_word' id='word_1_327' title='bbox 1056 4161 1126 4197; x_wconf 88' lang='lat' dir='ltr'>m.</span> <span class='ocrx_word' id='word_1_328' title='bbox 1148 4148 1188 4199; x_wconf 81' lang='lat'><strong><em>2</em></strong></span> <span class='ocrx_word' id='word_1_329' title='bbox 1225 4152 1352 4199; x_wconf 73' lang='lat' dir='ltr'>cura</span> <span class='ocrx_word' id='word_1_330' title='bbox 1386 4144 1462 4199; x_wconf 88' lang='lat' dir='ltr'><strong><em>M</em></strong></span> <span class='ocrx_word' id='word_1_331' title='bbox 1491 4152 1617 4199; x_wconf 72' lang='lat' dir='ltr'>cura</span> <span class='ocrx_word' id='word_1_332' title='bbox 1654 4146 1710 4201; x_wconf 81' lang='lat' dir='ltr'><em>R</em></span> <span class='ocrx_word' id='word_1_333' title='bbox 1862 4146 2101 4214; x_wconf 87' lang='lat' dir='ltr'>aspicere</span> <span class='ocrx_word' id='word_1_334' title='bbox 2138 4144 2279 4198; x_wconf 78' lang='lat' dir='ltr'>P¹V</span> <span class='ocrx_word' id='word_1_335' title='bbox 2453 4144 2518 4197; x_wconf 84' lang='lat'>21</span> <span class='ocrx_word' id='word_1_336' title='bbox 2562 4145 2681 4214; x_wconf 86' lang='lat' dir='ltr'>aut]</span> 
     </span>
     <span class='ocr_line' id='line_1_38' title="bbox 381 4230 2683 4303; baseline -0.001 -15"><span class='ocrx_word' id='word_1_337' title='bbox 381 4238 446 4288; x_wconf 86' lang='lat' dir='ltr'>ut</span> <span class='ocrx_word' id='word_1_338' title='bbox 480 4232 624 4288; x_wconf 88' lang='lat' dir='ltr'>P¹V</span> <span class='ocrx_word' id='word_1_339' title='bbox 760 4249 898 4301; x_wconf 88' lang='lat' dir='ltr'>quae</span> <span class='ocrx_word' id='word_1_340' title='bbox 936 4232 1188 4302; x_wconf 86' lang='lat' dir='ltr'>deinceps</span> <span class='ocrx_word' id='word_1_341' title='bbox 1225 4231 1282 4287; x_wconf 80' lang='lat' dir='ltr'><em>R</em></span> <span class='ocrx_word' id='word_1_342' title='bbox 1423 4234 1494 4287; x_wconf 83' lang='lat'>22</span> <span class='ocrx_word' id='word_1_343' title='bbox 1533 4234 1975 4303; x_wconf 86' lang='lat' dir='ltr'>carthaginenses</span> <span class='ocrx_word' id='word_1_344' title='bbox 2014 4233 2168 4288; x_wconf 82' lang='lat' dir='ltr'>codd.</span> <span class='ocrx_word' id='word_1_345' title='bbox 2209 4232 2329 4287; x_wconf 79' lang='lat' dir='ltr'>edd.</span> <span class='ocrx_word' id='word_1_346' title='bbox 2493 4230 2561 4285; x_wconf 81' lang='lat'>23</span> <span class='ocrx_word' id='word_1_347' title='bbox 2598 4247 2683 4286; x_wconf 87' lang='lat' dir='ltr'>re—</span> 
     </span>
     <span class='ocr_line' id='line_1_39' title="bbox 384 4320 2471 4393; baseline 0 -16"><span class='ocrx_word' id='word_1_348' title='bbox 384 4322 789 4393; x_wconf 83' lang='lat' dir='ltr'>prehendentur</span> <span class='ocrx_word' id='word_1_349' title='bbox 815 4320 1012 4376; x_wconf 75' lang='lat' dir='ltr'><strong><em>AP¹V</em></strong></span> <span class='ocrx_word' id='word_1_350' title='bbox 1106 4322 1176 4376; x_wconf 81' lang='lat'>25</span> <span class='ocrx_word' id='word_1_351' title='bbox 1212 4321 1388 4376; x_wconf 86' lang='lat' dir='ltr'>forum</span> <span class='ocrx_word' id='word_1_352' title='bbox 1417 4321 1607 4377; x_wconf 83' lang='lat' dir='ltr'>MRV</span> <span class='ocrx_word' id='word_1_353' title='bbox 1737 4323 1911 4377; x_wconf 89' lang='lat' dir='ltr'>solare</span> <span class='ocrx_word' id='word_1_354' title='bbox 1938 4322 1993 4375; x_wconf 75' lang='lat' dir='ltr'><strong><em>A</em></strong></span> <span class='ocrx_word' id='word_1_355' title='bbox 2102 4322 2169 4376; x_wconf 89' lang='grc'>26</span> <span class='ocrx_word' id='word_1_356' title='bbox 2200 4325 2256 4376; x_wconf 89' lang='lat' dir='ltr'>et</span> <span class='ocrx_word' id='word_1_357' title='bbox 2284 4338 2386 4377; x_wconf 86' lang='lat' dir='ltr'>om.</span> <span class='ocrx_word' id='word_1_358' title='bbox 2415 4320 2471 4377; x_wconf 79' lang='lat' dir='ltr'><em>R</em></span> 
     </span>
    </p>
   </div>
   <div class='ocr_carea' id='block_1_15' title="bbox 440 4426 2611 4497">
    <p class='ocr_par' dir='ltr' id='par_1_15' title="bbox 440 4426 2611 4497">
     <span class='ocr_line' id='line_1_40' title="bbox 440 4426 2611 4497; baseline 0.001 -12"><span class='ocrx_word' id='word_1_359' title='bbox 440 4446 681 4497; x_wconf 82' lang='lat' dir='ltr'>xxxnn,</span> <span class='ocrx_word' id='word_1_360' title='bbox 713 4446 832 4496; x_wconf 67' lang='lat' dir='ltr'>Aug.</span> <span class='ocrx_word' id='word_1_361' title='bbox 863 4448 973 4486; x_wconf 70' lang='lat'>2002.</span> <span class='ocrx_word' id='word_1_362' title='bbox 1003 4444 1048 4485; x_wconf 92' lang='lat'>11</span> <span class='ocrx_word' id='word_1_363' title='bbox 1078 4455 1184 4495; x_wconf 76' lang='lat' dir='ltr'>pm</span> <span class='ocrx_word' id='word_1_364' title='bbox 1211 4448 1255 4488; x_wconf 76' lang='lat' dir='ltr'>a.</span> <span class='ocrx_word' id='word_1_365' title='bbox 2540 4426 2611 4480; x_wconf 88' lang='lat'>43</span> 
     </span>
    </p>
   </div>
  </div>
 </body>
</html>
