3184 4959
31 1503 228 1567 '113

1053 452 1589 525 epistularum
1649 452 1892 510 CXVIII.
2488 458 2617 521 677

321 650 562 734 sopitas
635 650 782 715 lites
855 649 1029 715 inani
1103 648 1474 714 curiositate
1556 668 1918 732 recoquere,
2002 667 2149 714 cum
2226 649 2619 730 quorundam

319 758 511 823 etiam
556 756 1038 833 haereticorum,
1088 754 1198 837 qui
1243 754 1498 819 nomine
1547 752 1904 821 Christiano
1954 755 2213 839 gloriari
2258 755 2621 835 uoluerunt,

319 867 394 929 ut
445 863 998 930 Marcionistarum
1065 865 1133 927 et
1188 860 1694 927 sabellianorum
1760 862 2237 945 multorumque
2298 866 2623 947 praeterea

317 972 446 1037 iam
512 970 940 1036 dissensiones
1015 970 1546 1051 quaestionesque
1625 969 1974 1035 sileantur?
2050 972 2261 1034 tamen
2339 969 2394 1035 si
2460 988 2619 1054 opus

256 1104 282 1145 5
322 1080 440 1157 est,
497 1079 573 1143 ut
627 1076 800 1157 dixi,
830 1076 1088 1143 ueritati
1145 1075 1556 1141 aduersantes
1611 1094 2020 1159 praenoscere
2077 1076 2320 1161 aliquas
2370 1080 2435 1141 et
2488 1096 2623 1159 per-

319 1186 622 1249 tractatas
669 1184 900 1249 habere
947 1184 1314 1260 sententiae,
1362 1182 1440 1247 de
1486 1183 1827 1249 haereticis
1874 1184 2114 1267 potiuS,
2164 1184 2275 1266 qui
2332 1203 2401 1249 se
2450 1183 2623 1249 Chri-

321 1291 562 1358 stianos
608 1293 866 1371 uocant,
914 1309 1104 1373 quam
1153 1290 1230 1355 de
1275 1289 1651 1373 Anaxagora
1696 1294 1761 1353 et
1805 1289 2171 1355 Democrito
2220 1289 2405 1356 nobis
2452 1288 2623 1375 cogi-

319 1398 587 1464 tandum
633 1398 778 1464 fuit.

408 1505 528 1569 Ille
593 1506 829 1583 autem,
897 1502 1188 1587 quisquis
1253 1504 1365 1568 abs
1432 1505 1498 1567 te
1553 1503 1917 1586 quaesierit,
1976 1522 2138 1585 quae
2202 1506 2275 1567 tu
2341 1522 2380 1567 a
2440 1502 2623 1568 nobis

237 1638 288 1677 10
323 1610 594 1692 quaeris,
659 1610 898 1689 audiat,
968 1609 1139 1692 quod
1205 1629 1278 1674 ea
1345 1609 1597 1676 doctius
1664 1612 1728 1675 et
1791 1608 2165 1693 prudentius
2228 1610 2494 1675 nescias.
2570 1608 2626 1674 si

325 1716 492 1781 enim
547 1716 1012 1783 Themistocles
1077 1735 1200 1780 non
1257 1716 1526 1793 curauit,
1583 1715 1753 1800 quod
1809 1719 1908 1782 est
1971 1715 2229 1781 habitus
2292 1715 2623 1792 indoctior,

327 1842 471 1888 cum
509 1840 732 1889 canere
770 1822 980 1887 neruis
1016 1823 1081 1887 in
1121 1822 1326 1905 epulis
1364 1826 1746 1902 recusasset,
1794 1823 1905 1888 ubi
1942 1840 2089 1888 cum
2130 1842 2198 1888 se
2236 1823 2476 1887 nescire
2511 1822 2627 1887 illa

327 1929 590 1995 dixisset
651 1928 834 2012 eique
899 1929 1140 1995 dictum
1198 1932 1399 1994 esset:
1456 1926 1647 2008 ‘Quid
1712 1930 1911 2014 igitur
1972 1930 2211 1996 nosti}²>
2270 1928 2624 2012 respondit:

325 2036 504 2101 ‘Rem
565 2036 887 2119 publicam
947 2055 1020 2101 ex
1081 2054 1280 2121 parua
1341 2055 1641 2119 magnam
1706 2036 1951 2115 facere’‚
2017 2036 2437 2102 dubitandum
2504 2036 2625 2101 tibi

235 2170 290 2211 15
327 2147 426 2208 est
471 2142 676 2207 dicere
729 2144 795 2208 te
850 2142 979 2209 ista
1031 2143 1293 2219 nescire,
1353 2162 1500 2207 cum
1548 2143 1627 2221 ei,
1678 2143 1788 2226 qui
1831 2143 2089 2228 rogarit,
2139 2142 2293 2225 quid
2348 2142 2624 2222 noueris,

323 2248 702 2331 respondere
756 2248 969 2331 possis
1025 2268 1214 2315 nosse
1259 2252 1346 2329 te,
1394 2268 1518 2331 quo
1574 2250 1765 2315 modo
1814 2251 2005 2315 etiam
2063 2250 2199 2315 sine
2244 2250 2391 2315 istis
2437 2251 2626 2315 homo

327 2373 468 2420 esse
522 2354 733 2438 possit
786 2356 1058 2421 beatus?
1107 2356 1278 2438 quod
1333 2356 1389 2420 si
1447 2357 1657 2423 adhuc
1710 2376 1831 2422 non
1888 2360 2089 2437 tenes,
2145 2342 2279 2423 tam
2330 2376 2627 2440 peruerse

326 2463 454 2527 ista
509 2462 852 2545 conquiriS,
909 2482 1100 2544 quam
1154 2482 1477 2546 peruerse,
1545 2463 1599 2529 si
1664 2464 1876 2548 aliquo
1934 2464 2213 2547 corporis
2269 2463 2627 2547 periculoso

328 2570 549 2636 morbo
633 2570 1007 2655 grauareriS,
1095 2570 1432 2637 deliciosas
1517 2574 1581 2637 et
1662 2572 2031 2637 tenerrimas
2114 2574 2332 2637 uestes
2414 2568 2629 2654 potius

236 2704 290 2745 so
331 2694 519 2759 quam
581 2676 1046 2743 medicamenta
1108 2678 1517 2760 medicosque
1583 2678 2007 2762 conquireres
2075 2698 2198 2744 non
2264 2678 2428 2742 enim
2494 2675 2627 2740 ullo

327 2782 516 2849 modo
557 2783 898 2849 differenda
933 2788 1036 2849 est
1071 2785 1198 2849 ista
1233 2784 1515 2868 cognitio
1556 2788 1668 2850 aut
1712 2786 1825 2850 illa
1870 2784 2021 2850 huic
2066 2804 2103 2849 a
2146 2787 2213 2849 te
2259 2782 2631 2867 praesertim

327 2890 454 2955 iam
508 2891 574 2955 in
629 2891 750 2956 hac
805 2894 1010 2956 aetate
1066 2892 1173 2955 uel
1229 2890 1512 2957 discendi
1569 2892 1782 2958 ordine
1836 2891 2244 2974 praeferenda
2297 2893 2417 2955 est.
2484 2888 2629 2954 uide

331 2999 566 3075 autem,
635 3017 823 3079 quam
893 2998 1080 3063 facile
1144 3016 1371 3082 posses
1435 2999 1558 3065 hoc
1622 2998 1805 3075 scire,
1870 2998 1925 3065 si
1990 2999 2215 3063 uelles.
2292 2996 2400 3080 qui
2466 2995 2630 3060 enim

331 3104 596 3184 quaerit,
645 3124 770 3186 qua
817 3103 896 3168 ad
953 3105 1204 3170 beatam
1250 3104 1454 3169 uitam
1512 3105 1863 3187 perueniat,
1921 3104 2081 3169 nihil
2128 3104 2301 3169 aliud
2347 3100 2630 3187 profecto

239 3238 296 3279 ει
332 3210 598 3291 quaerit,
655 3210 779 3275 nisi
836 3210 947 3276 ubi
1001 3212 1090 3276 sit
1141 3210 1286 3276 finis
1341 3210 1514 3289 boni,
1569 3211 1693 3277 hoc
1748 3215 1849 3277 est
1902 3211 2013 3277 ubi
2062 3210 2483 3277 constitutum
2544 3208 2633 3273 sit

516 3470 576 3524 11
621 3468 730 3524 Cic.
769 3470 922 3525 Tusc.
965 3469 1102 3542 disp.
1141 3470 1170 3525 Ι
1206 3472 1256 3535 2,
1293 3473 1354 3538 43
1394 3472 1538 3527 Plut.
1578 3471 1763 3527 Them.
1804 3474 1837 3525 2

401 3646 436 3700 3
471 3645 937 3701 marcianistarum
973 3647 1031 3703 R
1065 3647 1498 3702 martionitarum
1533 3648 1609 3701 P¹
1816 3649 1853 3703 4
1892 3648 2366 3718 quaestionesque]
2407 3665 2467 3718 q;
2505 3647 2632 3718 (om.

331 3736 698 3806 quaestiones)
735 3736 810 3790 M
841 3752 980 3805 quae
1017 3740 1070 3791 A
1252 3737 1536 3807 sileantur]
1577 3738 1625 3793 si
1662 3737 1917 3808 legantur
1952 3737 2008 3791 A
2185 3740 2369 3791 tamen
2410 3738 2479 3807 si]
2517 3740 2633 3791 tam

329 3825 561 3879 inmensi
596 3824 651 3879 A
759 3827 792 3879 6
831 3825 1131 3879 sententias
1167 3826 1370 3881 habere
1405 3826 1462 3882 R
1604 3826 1897 3895 hereticus,
1935 3842 2075 3881 corr.
2113 3843 2183 3881 m.
2204 3831 2235 3879 1
2270 3824 2526 3880 hereticis
2561 3825 2638 3879 M

332 3917 365 3969 9
405 3914 736 3984 quaesiuerit
761 3914 956 3981 flrm
1099 3917 1161 3969 tu
1201 3913 1252 3984 a]
1291 3917 1390 3968 tua
1425 3913 1537 3969 ΑΡ
1571 3918 1663 3979 (m.
1683 3917 1723 3968 2
1760 3918 1821 3969 tu
1859 3918 1910 3981 a)
2025 3914 2086 3969 11
2130 3912 2329 3983 abitus,
2366 3918 2494 3969 m.2
2527 3913 2625 3969 ha-

329 4002 480 4057 bitus
513 4002 572 4056 P
750 4003 814 4056 12
855 4002 1014 4071 epha,
1051 4018 1188 4059 corr.
1224 4019 1294 4057 m.
1316 4007 1347 4055 1
1383 4001 1556 4073 epulis
1592 4003 1667 4055 P¹
1886 4018 1943 4056 se
1982 4002 2211 4072 nescire]
2250 4019 2528 4057 senescere
2565 4002 2640 4056 M

335 4092 402 4145 13
441 4090 621 4163 eique]
664 4094 722 4145 et
757 4107 896 4161 quae
922 4090 997 4144 M
1029 4095 1194 4160 atque
1222 4091 1278 4145 A
1305 4092 1470 4160 atque
1508 4090 1560 4145 ei
1597 4091 1720 4146 edd.
1826 4092 1892 4146 14
1930 4094 2016 4145 est
2049 4091 2154 4145 tibi
2192 4092 2315 4147 edd.
2416 4092 2481 4146 18
2508 4108 2632 4163 per-

333 4196 486 4234 uerse
523 4179 592 4249 si]
631 4194 887 4249 peruersa
924 4183 954 4230 ὅ
989 4177 1115 4232 MA
1334 4177 1400 4231 19
1439 4176 1736 4232 deliciasm
1923 4178 1993 4232 20
2033 4178 2362 4250 conquir-eris
2397 4179 2474 4233 M
2506 4196 2633 4235 con-

332 4270 516 4338 quires
551 4268 692 4323 P¹V
787 4268 852 4323 21
893 4266 1012 4337 illa]
1053 4267 1239 4322 ullam
1335 4268 1405 4321 23
1443 4268 1621 4338 possis
1658 4266 1731 4321 M
1855 4266 1991 4322 scire
2026 4266 2133 4321 hoc
2166 4266 2224 4322 R
2321 4268 2393 4323 24
2420 4267 2635 4337 quaerit

333 4356 418 4411 bis
453 4357 530 4411 M
671 4358 800 4427 qua]
843 4356 1112 4427 quomodo
1151 4356 1273 4411 edd.
1383 4356 1452 4410 25
1490 4356 1615 4410 finis
1653 4356 1728 4411 sit
1761 4356 1818 4410 R
1960 4355 2125 4410 foinis
2163 4358 2218 4425 (o
2257 4360 2401 4425 exp.)
2438 4356 2495 4409 P
