3184 4959
1158 465 1694 532 epistularum
1752 463 1865 519 cn.
2525 468 2654 530 563

356 663 462 726 uel
492 660 671 725 iubet
700 661 806 724 uel
837 659 1033 744 cupit,
1055 659 1147 723 ita
1176 659 1283 742 pia
1309 659 1636 723 humilitas
1671 659 1774 723 uel
1803 659 2132 724 hominum
2153 661 2258 724 uel
2287 661 2656 745 angelorum

360 771 722 831 sanctorum
766 767 922 831 haec
960 766 1085 831 sibi
1124 765 1335 831 oblata
1371 765 1698 830 recusauit
1734 768 1815 840 et,
1866 765 1966 829 cui
2007 765 2400 841 deberentur,
2451 770 2658 832 osten-

362 874 471 938 dit.
523 873 704 938 cuius
751 873 844 937 rei
890 871 1414 936 manifestissima
1458 871 1519 935 in
1572 871 1767 936 sacris
1812 871 2046 937 litteris
2092 873 2324 937 nostris
2375 875 2660 957 exempla

362 981 812 1046 monstrantur.

188 1085 264 1147 21
302 1113 326 1149 ⁵
450 1086 805 1168 Dispertita
870 1088 1081 1150 autem
1148 1085 1383 1149 diuinis
1442 1084 1713 1167 eloquiis
1771 1084 2076 1150 sacrificia
2131 1105 2243 1168 pro
2299 1089 2660 1170 temporum

367 1192 794 1277 congruentia,
852 1196 926 1257 ut
980 1192 1104 1256 alia
1156 1191 1380 1256 fierent
1434 1195 1575 1257 ante
1633 1190 2210 1256 manifestationem
2265 1194 2416 1258 noui
2468 1197 2662 1258 testa-

366 1299 583 1376 menti,
632 1299 800 1382 quod
839 1317 911 1363 ex
954 1299 1095 1382 ipsa
1138 1316 1291 1362 uera
1328 1300 1393 1361 et
1434 1297 1626 1362 unius
1675 1298 2019 1362 sacerdotis
2065 1299 2348 1377 uictima,
2398 1300 2517 1365 hoc
2565 1302 2664 1365 est

368 1425 439 1470 ex
502 1405 649 1470 fuso
720 1404 955 1470 Christi
1020 1405 1326 1489 sanguine
1390 1405 1808 1482 ministratur,
1875 1409 1942 1469 et
2005 1405 2178 1470 aliud
2241 1425 2427 1486 nunc,
2494 1407 2664 1490 qnod

366 1513 514 1577 huic
586 1511 1085 1576 manifestationi
1160 1529 1530 1594 congruum,
1615 1511 1722 1592 qui
1801 1511 1932 1576 iam
2015 1511 2329 1577 declarato
2411 1514 2663 1579 nomine

282 1643 331 1681 ιο
370 1617 714 1684 Christiani
750 1617 1162 1700 appellamur,
1213 1617 1554 1694 offerimuS‚
1603 1635 1726 1680 non
1767 1618 1976 1681 solum
2016 1617 2402 1703 euangelicis
2439 1638 2664 1684 uerum

370 1725 562 1789 etiam
626 1723 1013 1806 propheticis
1074 1722 1306 1788 litteris
1374 1722 1860 1790 demonstratur.
1927 1723 2198 1788 mutatio
2255 1725 2488 1808 quippe
2543 1745 2662 1790 non

372 1831 473 1895 dei
517 1849 640 1894 non
697 1830 903 1913 ipsius
956 1829 1282 1913 religionis
1340 1829 1451 1894 sed
1508 1829 1960 1894 sacrificiorum
2011 1833 2075 1894 et
2130 1835 2665 1896 sacramentorum

372 1936 746 2019 inpudenter
797 1955 964 2000 nunc
1018 1936 1341 2000 uideretur
1394 1935 1774 2018 praedicata,
1831 1937 1955 2001 nisi
2008 1936 2240 2002 fnisset
2293 1941 2437 2003 ante
2492 1959 2667 2022 prae-

374 2043 561 2108 dicta.
630 2062 817 2124 quem
882 2042 961 2107 ad
1025 2042 1289 2106 modum
1344 2041 1511 2106 enim
1576 2061 1743 2106 unus
1796 2042 2092 2126 idemque
2157 2043 2368 2122 homo,
2437 2046 2494 2110 si
2550 2045 2666 2110 deo

287 2175 337 2214 ιε»
374 2169 555 2215 mane
614 2149 787 2214 aliud
836 2148 1059 2215 offerat
1103 2148 1277 2214 alind
1323 2167 1589 2232 uespere
1645 2167 1757 2232 pro
1807 2149 2216 2233 congruentia
2261 2150 2468 2214 diurni
2511 2154 2670 2215 tem-

371 2256 564 2339 poriS‚
612 2275 733 2322 non
776 2255 963 2320 deum
1012 2258 1221 2321 mutat
1262 2273 1378 2319 nec
1423 2255 1793 2338 religionem
1843 2255 2014 2320 sicut
2057 2275 2170 2321 nec
2219 2256 2512 2335 salutem,
2561 2256 2668 2339 qui

372 2362 495 2428 alio
554 2357 739 2428 modo
796 2381 979 2427 mane
1035 2363 1159 2427 alio
1214 2379 1480 2443 uespere
1538 2361 1797 2438 salutat,
1854 2361 1946 2425 ita
1997 2360 2060 2425 in
2117 2362 2415 2428 uniuerso
2461 2366 2669 2426 tractu

378 2469 799 2546 saeculorum,
856 2488 1003 2534 cum
1050 2467 1224 2533 aliud
1271 2468 1557 2534 oblatum
1605 2472 1705 2532 est
1751 2468 1828 2531 ab
1887 2468 2166 2550 antiquis
2213 2467 2447 2533 sanctis
2496 2467 2670 2532 aliud

378 2577 456 2642 ab
514 2577 628 2652 eis,
685 2577 797 2659 qui
852 2595 1017 2641 nunc
1076 2579 1247 2654 sunt,
1303 2575 1581 2652 offertur,
1649 2595 1772 2640 non
1828 2573 2106 2640 humana
2160 2576 2671 2659 praesumptione

286 2709 337 2746 20
379 2683 489 2748 sed
564 2683 936 2748 auctoritate
1010 2681 1228 2746 diuina
1299 2681 1694 2764 temporibus
1771 2701 2050 2766 congrua
2123 2701 2301 2746 sacra
2370 2681 2674 2766 mysteria

376 2789 787 2868 celebrantur,
835 2809 958 2854 non
1007 2789 1161 2854 deus
1212 2790 1324 2852 aut
1368 2788 1591 2873 religio
1643 2791 2092 2854 commutatur.

378 2995 475 3054 IV.
512 2996 610 3051 DE
648 2995 747 3051 EO
788 2995 990 3062 QUOD
1032 2995 1394 3051 SCRIPTUM
1429 2995 1590 3051 EST:
1629 2995 1718 3050 IN
1759 2995 1924 3063 QUA
1968 2995 2363 3051 MENSURA
2411 2995 2678 3052 MENSI

868 3085 1284 3148 FUERITIS‚
1332 3085 1880 3140 REMETIETUR
1931 3083 2194 3141 VOBIS.

200 3221 283 3284 22
465 3211 601 3275 Iam
666 3230 833 3276 nunc
889 3211 1111 3277 deinde
1176 3211 1533 3292 uideamus,
1603 3213 1788 3296 quale
1853 3212 1960 3291 sit,
2027 3212 2197 3296 quod
2251 3213 2329 3278 de
2382 3231 2680 3278 mensura

288 3355 341 3396 25
379 3317 625 3400 peccati
680 3321 871 3400 atque
938 3318 1237 3401 supplicii
1292 3319 1628 3402 proposuit
1683 3319 1775 3384 sic
1833 3318 2166 3404 euangelio
2223 3318 2676 3414 calumniatus:

558 3544 627 3596 22
664 3543 865 3600 matth.
909 3547 957 3609 7,
990 3546 1031 3600 r2

450 3667 483 3721 5
521 3683 556 3736 p
594 3665 831 3722 MAPG
994 3667 1027 3720 6
1068 3669 1475 3738 congruentiam
1511 3667 1815 3723 HMAPG
1993 3667 2312 3721 testamenti
2353 3667 2396 3734 (i
2435 3682 2500 3721 ex
2539 3683 2677 3722 corr.

378 3771 447 3808 m.
469 3757 527 3820 2)
569 3754 637 3808 H
741 3756 773 3808 7
814 3759 869 3809 et
904 3756 961 3810 in
1000 3757 1159 3810 unius
1199 3757 1277 3826 (in
1316 3757 1420 3814 del.
1459 3775 1528 3813 m.
1548 3759 1610 3828 2)
1647 3757 1757 3812 PG
1796 3759 1853 3810 et
1888 3757 1944 3809 in
1984 3756 2142 3810 unius
2171 3755 2358 3809 ΗΜΛ
2501 3773 2678 3810 sacer-

282 3841 289 3848 “
382 3843 526 3898 dccii
563 3846 623 3899 E
729 3845 762 3898 8
801 3861 863 3898 ex
899 3843 1043 3915 fuso]
1082 3845 1202 3898 fuso
1240 3843 1301 3900 Ε
1335 3845 1502 3900 effuso
1545 3845 1685 3914 aes
1714 3861 1774 3899 ex
1813 3843 1984 3898 effuso
2025 3845 2162 3898 lrm
2289 3845 2322 3898 9
2360 3843 2680 3897 manifesta-

378 3933 549 3997 tione,
589 3947 727 3987 corr.
766 3933 1198 3987 manifestationi
1238 3933 1305 3988 H
1412 3934 1477 3988 10
1516 3933 1810 3988 christiane
1847 3933 1909 3988 Ε
2032 3933 2098 3986 14
2135 3931 2408 4002 idemque]
2445 3932 2590 3985 idem
2625 3931 2688 3986 Ε

384 4023 450 4077 16
474 4022 595 4092 nec]
626 4021 721 4076 sed
749 4021 804 4074 A
912 4023 1051 4076 sicut
1086 4039 1187 4076 nec
1226 4023 1457 4076 salutem
1485 4039 1587 4077 om.
1617 4022 1682 4076 Ε
1783 4022 1959 4076 salute
1996 4020 2043 4076 G
2127 4021 2192 4074 17
2233 4019 2480 4089 uespere]
2518 4018 2680 4074 modo

382 4127 607 4181 uespere
649 4109 699 4164 G
733 4130 739 4134 ·
836 4112 1092 4165 uniuersa
1128 4109 1195 4164 H
1334 4111 1536 4180 tractu]
1578 4113 1853 4165 transacto
1881 4110 1943 4164 Ε
2037 4110 2102 4163 21
2137 4111 2683 4162 non-commutatur

383 4215 486 4252 om.
526 4204 578 4255 A
797 4201 867 4254 22
902 4200 979 4256 IV
1018 4217 1119 4255 om.
1157 4198 1391 4256 MAGG
1429 4205 1624 4270 quarta
1661 4199 1910 4270 quaestio
1947 4199 2010 4252 E
2257 4199 2386 4252 item
2428 4197 2494 4252 de
2534 4214 2596 4251 eo
2641 4197 2689 4250 0

457 4287 523 4343 de
564 4289 855 4343 eo—uobis
893 4306 997 4343 om.
1042 4288 1093 4342 G·
1274 4289 1381 4359 est]
1424 4293 1509 4342 est
1544 4289 1598 4343 in
1641 4288 1929 4358 euangelio
1965 4288 2027 4342 Ε
2229 4288 2298 4341 23
2334 4285 2592 4340 metietur
2629 4283 2694 4339 E

386 4379 455 4431 24
495 4377 689 4434 deinde
728 4395 832 4432 ovn.
872 4380 932 4432 E
1075 4378 1263 4447 quale*
1294 4379 1429 4446 (fuit
1466 4378 1515 4448 s)
1550 4377 1689 4431 HM
1793 4379 1862 4434 25
1902 4378 2002 4448 sic]
2045 4376 2122 4430 sic
2159 4376 2212 4430 in
2252 4377 2314 4430 Ε

2501 4481 2601 4536 36*
