3184 4959
310 1597 357 1634 10

294 2663 349 2704 2⁰

1158 426 1690 496 epistularum
1747 427 1948 483 xcm.
2577 435 2706 498 449

399 617 731 702 frangitur,
799 622 872 683 ut
936 619 1285 684 iniustitiae
1350 620 1653 686 seductus
1711 621 2100 705 adquiescat.
2169 628 2232 688 et
2288 626 2396 707 qui
2443 627 2706 709 phrene-

398 726 599 790 ticum
666 727 829 809 ligat
892 729 957 790 et
1020 726 1129 808 qui
1190 727 1612 811 lethargicum
1679 729 1932 804 excitat,
2007 730 2318 796 ambobus
2393 732 2704 798 molestus

402 834 619 900 ambos
668 838 857 900 amat.
932 834 1075 916 quis
1132 853 1247 898 nos
1302 839 1519 916 potest
1566 836 1846 918 amplius
1895 855 2106 900 amare
2153 857 2344 920 quam
2393 838 2594 904 deus?
2641 844 2706 904 et

397 943 607 1005 tamen
656 959 769 1005 nos
816 959 938 1006 non
988 943 1197 1004 solum
1248 939 1471 1005 docere
1520 942 1808 1006 suauiter
1853 961 2074 1006 uerum
2125 943 2317 1008 etiam
2367 945 2708 1011 salubriter

397 1049 631 1111 terrere
678 1065 801 1111 non
851 1054 1081 1112 cessat.
1130 1048 1429 1112 fomentis
1477 1047 1748 1120 lenibus,
1798 1049 2030 1130 quibus
2079 1052 2466 1126 consolatur,
2515 1071 2704 1134 saepe

398 1153 591 1218 etiam
655 1153 1211 1220 mordacissimum
1278 1153 1810 1219 medicamentum
1869 1155 2300 1222 tribulationis
2351 1158 2702 1242 adiungens

398 1263 645 1326 exercet
706 1261 871 1326 fame
936 1261 1321 1343 patriarchas
1389 1261 1583 1325 etiam
1649 1261 1790 1344 pios
1859 1263 1924 1326 et
1978 1262 2335 1347 religiosos,
2392 1265 2702 1348 populum

396 1370 835 1432 contumacem
882 1369 1103 1450 poenis
1148 1367 1551 1452 grauioribus
1599 1368 1821 1451 agitat,
1871 1387 1992 1434 non
2041 1369 2249 1434 aufert
2293 1371 2372 1435 ab
2411 1373 2702 1453 apostolo

394 1473 731 1538 stimulum
806 1475 1011 1538 carnis
1085 1474 1271 1538 tertio
1348 1476 1633 1557 rogatus,
1700 1477 1774 1539 ut
1838 1474 2146 1540 uirtutem
2209 1476 2274 1540 in
2335 1477 2702 1542 infirmitate

392 1578 695 1662 perficiat.
767 1581 1109 1664 diligamus
1174 1580 1367 1644 etiam
1424 1580 1720 1644 inimicos
1769 1585 2042 1660 nostros,
2091 1583 2242 1664 quia
2286 1583 2406 1647 hoc
2453 1583 2696 1648 iustum

394 1690 495 1752 est
540 1691 603 1750 et
650 1687 771 1751 hoc
818 1687 1142 1769 praecepit
1189 1687 1369 1762 deus,
1418 1689 1504 1751 ut
1552 1686 1806 1752 simus
1853 1686 2024 1751 filii
2083 1689 2348 1771 patris
2407 1689 2696 1759 nostri.

394 1794 529 1874 qui
578 1794 657 1857 in
708 1794 967 1858 caelis
1016 1797 1161 1868 est,
1210 1794 1343 1876 qui
1394 1794 1647 1858 solem
1697 1813 1926 1858 suum
1965 1794 2172 1860 facit
2211 1795 2411 1860 oriri
2453 1814 2700 1878 super

390 1899 648 1966 bonos
714 1905 793 1965 et
846 1901 1101 1965 malos
1160 1903 1239 1964 et
1300 1901 1519 1983 pluit
1567 1919 1812 1982 super
1856 1900 2125 1966 iustos
2173 1905 2254 1964 et
2297 1902 2698 1968 iniustos.

391 2007 503 2072 sed
552 2007 723 2072 sicut
767 2008 894 2072 ista
940 2007 1105 2072 dona
1152 2009 1286 2072 eius
1334 2007 1696 2084 laudamus,
1743 2007 1838 2072 ita
1883 2007 2077 2072 etiam
2124 2008 2379 2092 flagella
2437 2009 2576 2074 eius
2635 2009 2696 2073 in

325 2129 351 2166 5
390 2132 521 2190 eos,
570 2131 731 2195 quos
778 2112 1011 2197 diligit,
1062 2113 1440 2198 cogitemus,

474 2220 674 2284 Putas
722 2220 1034 2284 neminem
1083 2220 1307 2285 debere
1359 2221 1501 2304 cogi
1549 2221 1630 2286 ad
1673 2220 2010 2296 iustitiam,
2050 2239 2192 2284 cum
2237 2222 2410 2306 legas
2449 2227 2692 2304 patrem

386 2327 661 2394 familias
744 2327 979 2392 dixisse
1061 2328 1292 2392 seruis:
1378 2327 1853 2409 ‘Quoscumque
1937 2327 2328 2405 inueneritis,
2414 2328 2693 2411 cogite

388 2434 738 2514 intrare‘,
840 2453 982 2499 cum
1059 2435 1237 2519 legas
1314 2434 1507 2499 etiam
1580 2435 1794 2517 ipsum
1858 2433 2063 2515 pn'mo
2131 2433 2399 2500 Saulum
2471 2437 2696 2516 postea

384 2541 654 2640 ⁸Paulum
708 2541 787 2606 ad
834 2541 1335 2625 cognoscendam
1388 2545 1451 2606 et
1498 2541 1837 2606 tenendam
1885 2541 2224 2605 ueritatem
2271 2557 2500 2623 magna
2554 2540 2692 2604 uio-

384 2647 583 2712 lentia
650 2645 887 2712 Christi
954 2648 1245 2732 cogentis
1312 2666 1451 2712 esse
1518 2649 1944 2730 compulsum,
2002 2647 2124 2711 nisi
2181 2646 2342 2711 forte
2391 2645 2690 2710 cariorem

384 2758 573 2836 putas
620 2754 985 2820 hominibus
1032 2773 1173 2820 esse
1219 2755 1557 2836 pecuniam
1592 2754 1702 2818 uel
1740 2756 1992 2837 qualem
2029 2754 2188 2818 libet
2223 2751 2692 2836 possessionem

386 2879 571 2942 quam
636 2861 847 2925 lucem
910 2862 1121 2931 istam,
1189 2879 1349 2943 quae
1416 2861 1620 2926 oculis
1677 2862 1995 2944 carpitur?
2053 2859 2213 2924 hanc
2272 2859 2382 2924 ille
2429 2857 2690 2924 caelesti

383 2985 540 3032 uoce
596 2971 952 3051 prostratus
1018 2968 1231 3032 subito
1308 2967 1609 3032 amissam
1679 2986 1799 3032 non
1866 2966 2286 3049 recuperauit,
2353 2964 2478 3028 nisi
2545 2983 2690 3028 cum

386 3077 637 3138 sanctae
704 3075 1209 3156 incorporaretur
1272 3073 1600 3138 ecclesiae.
1669 3077 1734 3138 et
1788 3077 1978 3157 putas
2036 3072 2278 3137 nullam
2337 3071 2472 3136 uim
2516 3070 2692 3134 adhi-

385 3179 655 3243 bendam
721 3198 860 3244 esse
926 3179 1185 3259 homini,
1254 3185 1327 3243 ut
1389 3181 1466 3243 ab
1534 3180 1760 3244 erroris
1816 3179 2094 3263 pernicie
2159 3177 2484 3256 liberetur,
2542 3196 2690 3242 cum

386 3287 599 3368 ipsum
692 3285 900 3362 deum,
990 3305 1115 3368 quo
1206 3305 1390 3351 nemo
1473 3304 1586 3350 nos
1670 3285 1894 3350 utilius
1981 3285 2220 3367 diligit,
2307 3283 2690 3348 certissimis

388 3393 689 3475 exemplis
754 3393 876 3457 hoc
940 3393 1145 3458 facere
1212 3393 1432 3458 uideas
1510 3397 1576 3456 et
1641 3391 1968 3458 Christum
2045 3391 2266 3455 audias
2344 3390 2686 3456 dicentem:

566 3585 594 3636 7
638 3583 770 3639 Gen.
813 3584 901 3650 12,
941 3585 1035 3647 103
1071 3585 1157 3647 26,
1200 3585 1255 3648 1;
1296 3584 1383 3648 41,
1424 3584 1654 3645 54-42,
1697 3583 1751 3644 1;
1792 3583 1882 3652 43,
1924 3583 1947 3636 1
2090 3583 2124 3634 s
2161 3581 2215 3637 11
2256 3582 2376 3637 cor.
2421 3584 2503 3646 12,
2545 3583 2686 3636 7—9

390 3672 457 3726 10
493 3673 687 3726 Matth.
728 3675 778 3740 5,
815 3674 1028 3728 44—45
1215 3673 1279 3725 17
1307 3672 1438 3726 Luc.
1475 3673 1559 3739 14,
1587 3671 1801 3726 21—23
1960 3671 2024 3724 18
2063 3671 2184 3726 Act.
2213 3672 2262 3732 9,
2295 3671 2472 3724 3-18

458 3795 490 3848 3
527 3812 653 3864 non,
690 3813 758 3850 m.
780 3800 819 3850 2
856 3815 955 3850 nos
994 3797 1049 3850 P
1151 3798 1186 3850 4
1223 3795 1415 3850 docere
1454 3813 1553 3850 nos
1590 3813 1700 3850 11011
1737 3796 1912 3850 solum
1950 3795 2003 3848 L
2131 3796 2160 3848 7
2199 3794 2506 3863 religiosuS,
2547 3809 2684 3849 corr.

385 3888 505 3938 m.1
542 3884 824 3954 religiosos
860 3884 937 3938 M
1062 3886 1127 3938 10
1166 3884 1476 3953 diligamus,
1514 3901 1628 3938 ras.
1670 3884 1948 3954 diligimus
1988 3887 2050 3936 ut
2084 3883 2202 3936 uid.
2243 3883 2296 3934 P
2427 3883 2486 3935 11
2527 3897 2684 3952 prae-

387 3973 521 4042 cipit
556 3989 610 4026 m
752 3973 953 4028 scimus
991 3973 1043 4026 L
1183 3974 1247 4026 12
1284 3973 1421 4028 facit
1457 3973 1628 4026 solem
1666 3989 1820 4026 suum
1859 3972 1915 4025 P
1948 3971 2068 4026 edd.
2209 3971 2278 4026 13
2315 3971 2506 4034 bonus,
2544 3984 2683 4024 corr.

386 4061 555 4116 bonos
592 4061 665 4115 M
802 4063 979 4116 iustos
1018 4065 1075 4115 et
1110 4062 1305 4124 iustos,
1343 4078 1481 4116 corr.
1520 4079 1587 4120 m,
1609 4067 1638 4114 1
1673 4063 1849 4116 iustos
1887 4065 1944 4116 et
1978 4061 2212 4114 iniustos
2247 4059 2322 4112 M
2448 4058 2513 4110 14
2551 4056 2683 4110 Μα-

384 4150 532 4218 gella
566 4151 639 4204 M
766 4152 831 4204 16
867 4152 993 4221 lega
1029 4151 1084 4204 P
1219 4151 1283 4204 18
1324 4151 1487 4204 etiarn
1526 4167 1633 4204 om.
1680 4151 1726 4204 0
1857 4151 1925 4204 20
1963 4152 2220 4218 cogentes
2259 4147 2386 4212 (del.
2424 4163 2492 4200 m.
2517 4149 2577 4212 2)
2613 4143 2690 4198 M

386 4240 451 4293 21
496 4257 601 4308 qua
1134 4239 1346 4308 capitur
1372 4239 1495 4292 MA
1578 4238 1650 4292 23
1687 4241 1992 4308 prostratus
2031 4255 2162 4292 uoce
2203 4237 2342 4290 lrm
2381 4237 2683 4302 prostratus

386 4327 589 4381 lumine
626 4330 745 4387 δᾶ.
1124 4327 1342 4380 missam
1386 4327 1433 4380 G
1536 4327 1608 4380 24
1645 4328 1788 4380 uiam
1827 4327 1954 4380 MA

446 4436 945 4557 11111*,Au3.nect.
974 4451 1023 4492 11
1108 4463 1151 4490 rs
1171 4455 1215 4494 ε.
2542 4428 2613 4481 29

638 4688 739 4746 8,,
