3184 4959
256 2463 295 2522 Ν,

299 1633 347 1670 10

301 2171 349 2209 15

985 468 1013 502 c
1034 451 1103 518 pi
1128 456 1197 502 st
1222 451 1345 503 ula
1367 466 1517 502 rum
1574 449 1814 508 LXXIX.
1875 450 2078 504 Lxxx.
2550 455 2675 517 347

386 645 589 710 adhuc
647 643 891 726 aliquot
944 643 1079 708 dies
1136 643 1463 708 nobiscum
1522 649 2006 723 remoraturum,
2051 647 2305 728 repente
2363 653 2680 728 comperta

390 752 728 818 occasione.
764 749 1005 834 nauigii
1044 749 1199 814 mihi
1237 749 1585 832 pridianam
1627 768 1807 814 suam
1844 751 2294 834 profectionem
2333 753 2456 817 iam
2501 761 2680 818 nocte

390 859 736 943 suggessit.
806 859 957 940 quid
1022 858 1316 936 facerem,
1384 877 1529 922 cum
1598 877 1744 922 eum
1809 865 2024 924 tenere
2087 878 2208 925 non
2273 879 2528 944 possem
2596 865 2680 926 et.

390 967 537 1049 quia
592 965 667 1029 ad
726 984 865 1042 uos,
924 983 1067 1029 cum
1128 964 1359 1047 quibus
1430 965 1486 1028 ei
1552 965 1786 1030 melius
1851 969 2042 1042 esset,
2109 967 2502 1049 properabat,
2567 989 2680 1032 nec

388 1073 443 1137 si
486 1093 765 1157 possem,
815 1072 1127 1137 deberem.
1174 1071 1433 1154 proinde
1478 1089 1684 1155 pauca
1729 1071 1884 1136 haec
1928 1072 2078 1138 ilico
2117 1074 2352 1157 arripui
2391 1074 2680 1139 dictanda

388 1183 577 1262 atque
634 1179 943 1244 mittenda
996 1178 1351 1262 prolixioris
1410 1179 1723 1262 epistulae
1779 1198 1882 1242 me
1941 1179 2243 1244 confitens
2311 1181 2680 1246 debitorem.

388 1305 531 1350 cum
577 1291 726 1368 post
771 1285 1043 1351 reditum
1092 1286 1547 1351 uenerabilium
1588 1287 1856 1350 fratrum
1895 1290 2250 1352 nostrorum
2295 1289 2676 1372 collegarum

386 1413 669 1459 meorum
732 1393 961 1457 Theasi
1038 1395 1101 1456 et
1153 1392 1359 1457 Euodi
1425 1395 1698 1476 primum
1765 1393 1964 1457 uestri
2033 1413 2102 1456 ex
2165 1397 2342 1476 parte
2409 1395 2679 1460 satiatus

385 1501 583 1565 fuero.
645 1500 904 1564 uberius
974 1499 1139 1564 enim
1206 1501 1281 1563 ad
1348 1519 1463 1563 nos
1528 1499 1591 1563 in
1651 1519 1864 1564 eorum
1923 1501 2289 1583 pectoribus
2348 1505 2410 1566 et
2465 1503 2679 1567 oribus

386 1627 501 1672 uos
560 1627 699 1672 esse
756 1610 1060 1672 uenturos
1116 1608 1243 1672 iam
1301 1608 1551 1690 iamque
1607 1607 1670 1671 in
1731 1606 1964 1672 Christi
2031 1609 2281 1673 nomine
2341 1613 2528 1693 atque
2577 1611 2680 1675 ad·

386 1715 616 1781 iutorio
682 1733 1030 1798 speramus.
1108 1735 1251 1780 cum
1318 1715 1473 1780 haec
1536 1715 1978 1782 scriberemus,
2037 1721 2102 1780 et
2153 1735 2266 1798 per
2319 1717 2676 1782 unanimem

388 1823 585 1887 filium
636 1826 921 1887 nostrum
972 1821 1381 1906 Tagastensis
1439 1821 1743 1886 ecclesiae
1797 1821 2240 1905 presbyterum
2287 1823 2681 1888 Foitunatia-

386 1951 535 1994 num
584 1931 849 1996 Romam
896 1929 1345 2013 nauigaturum
1392 1929 1579 1992 aliam
1631 1927 1974 2010 epistulam
2012 1931 2234 2011 paucis
2273 1933 2418 1994 ante
2457 1930 2680 1996 diebus

388 2038 509 2102 iam
562 2036 871 2102 dederam.
919 2055 1085 2100 nunc
1133 2055 1301 2120 ergo,
1352 2035 1525 2118 quod
1568 2037 1766 2114 soleo,
1825 2055 2000 2119 rogo,
2059 2041 2152 2114 ut,
2210 2037 2378 2120 quod
2436 2037 2680 2102 soletis.

387 2143 665 2208 faciatis:
735 2143 926 2208 oretis
982 2163 1093 2225 pro
1161 2142 1364 2219 nobis,
1432 2145 1506 2206 ut
1569 2142 1854 2206 uideat
1918 2142 2284 2208 dominus
2355 2144 2678 2208 bumili-

388 2254 639 2315 tatem
706 2254 1061 2316 nostram
1131 2255 1207 2314 et
1278 2250 1637 2315 laborem
1715 2255 2076 2316 nostrum
2155 2255 2229 2315 et
2307 2252 2680 2317 dimittat

390 2358 649 2422 omnia
695 2362 1031 2440 peccata
1093 2360 1391 2422 nostra.

478 2465 787 2546 Conloqui
836 2467 1047 2529 autem
1097 2465 1427 2528 uobiscum
1480 2463 1632 2528 talia
1680 2465 1887 2548 cupi0.
1929 2465 1982 2528 si
2022 2465 2386 2548 dignemini,
2426 2466 2676 2536 litteris.

390 2571 603 2654 qualia
657 2571 951 2654 conloqui
1005 2589 1362 2652 possemne,
1420 2572 1475 2634 si
1534 2590 1744 2635 coram
1801 2571 2032 2634 uestris
2089 2570 2382 2636 sensibus
2431 2571 2677 2636 adesse·

297 2707 321 2742 2
388 2697 551 2744 mus,
618 2697 761 2743 ecce
819 2679 992 2742 illam
1054 2676 1625 2761 quaestiunculam.
1693 2697 1878 2759 quam
1945 2697 2144 2761 nuper
2204 2696 2676 2761 proposueram,

388 2789 709 2868 tamquam
761 2783 816 2850 si
861 2804 1157 2868 praesens
1204 2784 1519 2866 praesenti
1566 2784 1730 2848 inter
1776 2783 1994 2848 dulces
2032 2784 2320 2866 loquelas
2360 2785 2675 2853 obderem.

387 2893 569 2973 plane
637 2891 991 2956 Christiano
1055 2890 1382 2955 intellectu
1451 2891 1516 2954 et
1582 2890 1918 2954 deuotione
1985 2890 2240 2954 soluisti
2304 2890 2414 2956 sed
2489 2891 2676 2956 nimis

389 2999 623 3063 cursim
686 3001 749 3062 et
812 2997 1103 3062 breuiter.
1180 3001 1401 3079 posset
1466 2998 1698 3079 quippe
1762 2997 1850 3060 ibi
1917 2997 2240 3079 aliquanto
2306 2997 2549 3063 diutius
2615 3004 2680 3063 et

567 3263 630 3316 15
670 3262 757 3314 ΡΒ.
796 3261 882 3318 24.
925 3263 987 3314 18

462 3386 484 3437 l
529 3385 727 3455 alique,
766 3403 833 3438 m.
856 3389 895 3437 2
932 3385 1143 3454 aliquot
1180 3385 1233 3437 P
1268 3383 1485 3452 aliquod
1526 3384 1585 3436 F
1748 3387 2077 3438 moraturum
2107 3385 2152 3451 f
2167 3385 2304 3438 lrm
2483 3388 2516 3438 2
2555 3403 2675 3455 pro-

386 3473 599 3528 dianam
640 3473 745 3527 ΓΑ
890 3475 1277 3544 professionem
1313 3475 1369 3527 1²
1500 3477 1531 3528 3
1572 3489 1784 3542 possem
1826 3477 1876 3535 (e
1915 3489 1982 3526 ex
2018 3489 2155 3530 corr.
2195 3491 2260 3526 m.
2283 3473 2332 3542 1)
2369 3474 2424 3526 Ρ
2553 3475 2589 3527 4
2627 3475 2674 3528 ei

387 3581 484 3617 om.
524 3563 579 3617 R
619 3565 667 3617 ci
708 3565 747 3628 (i
786 3581 853 3617 ex
891 3569 1026 3630 ras)
1066 3565 1119 3616 P
1241 3567 1273 3617 5
1314 3564 1459 3618 illico
1499 3565 1632 3617 haec
1671 3563 1790 3618 edd.
1899 3563 1934 3616 6
1973 3566 2136 3632 atque
2175 3563 2445 3616 mittenda
2481 3579 2584 3616 om.
2625 3564 2674 3615 A

454 3671 537 3706 me
574 3671 661 3707 om
717 3653 771 3706 P
964 3653 997 3704 8
1036 3653 1236 3706 theosii
1272 3653 1431 3722 (corr.
1470 3669 1537 3706 m.
1564 3658 1589 3704 1
1628 3651 1924 3714 theodosii)
1964 3656 2018 3704 et
2057 3651 2234 3704 euodii
2275 3651 2348 3704 Ρι
2385 3651 2582 3706 theasii
2623 3657 2676 3705 et

386 3743 563 3796 euodii
601 3743 655 3798 R
678 3761 711 3796 a
734 3761 785 3796 m
820 3743 1068 3796 'l'herasii
1107 3747 1159 3794 et
1198 3741 1396 3796 Euodii
1433 3747 1549 3796 cett.
1590 3741 1710 3797 edd.
1857 3744 2040 3794 uestra
2064 3741 2138 3793 1³¹
2239 3742 2271 3793 9
2311 3740 2516 3808 oribus]
2557 3757 2675 3794 ora-

334 3861 345 3872 ·
386 3833 626 3888 tionibus
664 3833 784 3886 edcl.
817 3838 1109 3900 praeter-m
1213 3833 1277 3886 10
1316 3832 1423 3884 iam
1451 3847 1553 3886 om.
1583 3830 1693 3884 ΓΑ
1840 3833 2004 3899 atque
2043 3832 2092 3898 (t
2126 3830 2186 3882 in
2225 3846 2364 3887 raes
2399 3831 2513 3896 fuit
2540 3829 2596 3894 d)
2629 3831 2682 3882 P

386 3922 558 3990 adque
595 3921 657 3975 F
781 3923 840 3974 11
883 3921 1167 3974 scriberem
1189 3939 1241 3973 m
1388 3921 1550 3974 etiam
1589 3919 1666 3972 1³¹
1703 3919 1822 3976 edd.
1971 3919 2300 3972 unianimum
2339 3919 2393 3971 P
2520 3921 2586 3972 12
2623 3945 2678 3970 *a

386 4017 465 4074 (te
502 4011 663 4078 eras.)
702 4011 1071 4080 thegastensis
1110 4010 1163 4062 P
1264 4011 1327 4062 13
1367 4010 1527 4063 aliam
1570 4015 1736 4077 (post.
1779 4025 1810 4061 a
1845 4009 1908 4061 in
1937 4024 2047 4061 ras.
2087 4012 2224 4061 m.11
2265 4005 2324 4058 F
2419 4008 2486 4060 15
2511 4009 2600 4059 ut*
2627 4007 2682 4059 P

457 4097 603 4166 deus,
642 4115 779 4154 corr.
816 4116 885 4153 m.
912 4103 939 4150 1
977 4098 1224 4152 dominus
1262 4097 1322 4152 F
1354 4098 1483 4151 deus
1521 4097 1652 4152 P¹R
1690 4097 1807 4151 edd.
1942 4099 2004 4151 17
2045 4113 2209 4166 pecca
2245 4096 2304 4148 1⁴*
2392 4095 2458 4148 18
2495 4094 2676 4148 nobis-

388 4203 505 4240 cum
542 4189 597 4241 P
752 4188 797 4240 si
838 4187 1137 4257 dignemini
1175 4188 1373 4241 litteris
1412 4188 1549 4241 talia
1585 4187 1742 4256 cupio
1780 4185 1852 4240 Pl
2015 4184 2167 4254 copio
2205 4185 2258 4236 A
2403 4183 2448 4235 si
2487 4200 2588 4236 om.
2629 4183 2682 4236 P

386 4277 455 4330 20
494 4277 953 4346 questi-unculam
995 4279 1049 4340 (a
1086 4293 1151 4330 ex
1189 4293 1326 4330 corr.
1366 4293 1433 4330 m.
1457 4281 1504 4329 1³
1546 4277 1601 4330 P
1739 4276 1803 4328 21
1847 4276 1894 4328 si
1930 4290 2032 4329 om.
2071 4274 2126 4326 P
2275 4273 2343 4326 23
2383 4273 2576 4325 cursim
2615 4291 2680 4325 er

387 4384 514 4420 ras..
542 4367 666 4434 fisi!
703 4383 913 4420 cursum
957 4365 1013 4418 F
1150 4365 1225 4419 ibi
1263 4381 1367 4421 om.
1406 4365 1587 4418 ΓΑΡι
1630 4365 1713 4430 (in
1749 4365 1861 4431 fine
1895 4369 1974 4427 u.)
