3184 4959
520 437 647 501 402
1246 437 1298 488 S.
1356 434 1626 489 Aureli
1679 434 2115 504 Augustini

520 626 1082 704 Antiochenorum,
1149 627 1357 706 Ponti,
1427 626 1750 706 Galatiae,
1828 627 2266 712 Cappadociae
2343 632 2822 712 ceterarumque

520 731 689 798 orbis
736 735 1013 817 partium
1061 734 1137 798 ab
1196 734 1505 816 apostolis
1552 735 1614 798 in
1666 733 1918 800 Christo
1968 733 2440 800 aedificatarum
2489 741 2600 801 aut
2634 755 2824 802 nosse

518 840 732 924 potuit
776 846 887 906 aut
934 840 1213 906 damnari
1260 859 1297 904 a
1341 841 1527 906 uobis
1568 841 1822 914 meruit,
1873 840 2022 923 quia
2059 861 2178 906 non
2216 841 2474 926 potuit?
2514 846 2580 908 et
2613 847 2824 908 tamen

519 949 610 1012 eis
678 967 798 1014 non
863 947 1347 1013 communicatis
1404 951 1470 1010 et
1525 947 1739 1012 dicitis
1796 965 1918 1012 non
1978 967 2118 1012 esse
2168 947 2559 1014 Christianos
2607 953 2672 1014 et
2717 969 2824 1014 eos

516 1053 905 1136 rebaptizare
981 1052 1314 1118 conamini.
1394 1053 1546 1134 quid
1622 1053 1872 1118 dicam?
1949 1053 2101 1136 quid
2166 1059 2434 1137 querar?
2498 1060 2611 1120 aut
2673 1055 2824 1138 quid
2889 1081 2916 1120 ε

520 1161 907 1225 exclamem?
992 1159 1049 1224 si
1131 1179 1275 1224 cum
1360 1158 1614 1224 homine
1701 1159 1957 1225 cordato
2040 1161 2287 1243 loquor,
2369 1161 2824 1246 indignationis

517 1267 709 1332 huius
786 1267 1040 1331 aculeos
1117 1270 1329 1331 tecum
1402 1266 1742 1350 participo;
1821 1287 1964 1332 nam
2043 1267 2226 1332 uides
2291 1269 2605 1351 profecto,
2666 1287 2824 1350 quae

522 1373 817 1446 dicerem,
867 1373 923 1438 si
970 1374 1205 1438 uellem
1264 1373 1489 1439 dicere.
2781 1449 2788 1456 .

607 1483 702 1545 An
780 1480 942 1545 forte
1015 1481 1301 1546 fecerunt
1372 1481 1537 1546 inter
1621 1499 1689 1544 se
1755 1481 2024 1546 maiores
2089 1481 2292 1546 uestri
2357 1480 2695 1546 concilium
2762 1483 2828 1545 et

521 1587 984 1654 damnauerunt
1045 1593 1293 1671 praeter
1358 1607 1425 1652 se
1480 1590 1690 1652 totum
1749 1589 1964 1654 orbem
2013 1587 2483 1654 Christianum?
2530 1586 2700 1653 itane
2747 1588 2826 1653 ad
2865 1613 2916 1650 ιο

520 1695 638 1760 hoc
702 1695 1009 1778 perducta
1072 1700 1172 1761 est
1232 1714 1442 1759 rerum
1509 1695 1916 1770 existimati0‚
1973 1697 2050 1759 ut
2105 1694 2446 1760 concilium
2501 1692 2826 1760 Maximia-

520 1803 828 1880 nensium,
896 1803 1005 1885 qui
1061 1803 1135 1867 de
1193 1806 1410 1866 uestra
1464 1801 1852 1885 praecisione
1910 1801 2178 1885 praecisi
2227 1804 2398 1880 sunt,
2447 1800 2598 1884 quia
2640 1798 2826 1865 uobis

520 1901 865 1990 comparati
900 1908 1273 1991 paucissimi
1310 1913 1479 1984 sunt,
1518 1926 1640 1973 non
1680 1909 1896 1974 ualeat
1931 1908 2239 1973 aduersus
2279 1925 2398 1973 uos
2437 1910 2503 1971 et
2537 1909 2824 1971 uestrum

523 2015 861 2078 concilium
912 2015 1123 2080 ualeat
1168 2014 1475 2080 aduersus
1537 2020 1828 2100 gentes
1895 2015 2444 2080 hereditatem
2512 2013 2828 2080 Christi

523 2125 600 2186 et
662 2119 1283 2204 possessionem
1360 2120 1537 2185 eius
1612 2120 2013 2184 terminos
2089 2123 2403 2185 terrae?
2478 2119 2702 2195 miror,
2771 2118 2827 2183 si
2865 2147 2912 2182 με

525 2227 712 2293 habet
778 2226 841 2290 in
909 2246 1167 2309 corpore
1234 2227 1632 2310 sanguinem,
1701 2227 1808 2308 qui
1875 2227 1952 2290 de
2011 2227 2126 2290 hac
2183 2246 2248 2291 re
2305 2246 2428 2292 non
2485 2225 2824 2291 erubescit.

518 2333 793 2399 rescribe
842 2333 919 2397 ad
965 2334 1109 2408 ista,
1158 2352 1426 2416 quaes03
1478 2355 1513 2397 a
1558 2333 1880 2398 nonnullis
1929 2332 2118 2408 enim,
2179 2333 2412 2415 quibus
2469 2353 2592 2398 non
2645 2331 2828 2415 potui

518 2459 641 2503 non
700 2439 970 2518 credere,
1031 2439 1252 2503 audiui
1306 2443 1369 2504 te
1425 2439 1908 2520 rescripturum,
1973 2439 2028 2505 si
2092 2439 2209 2503 tibi
2277 2438 2636 2504 scriberem.
2699 2437 2825 2502 iam

521 2549 711 2612 etiam
776 2546 1017 2628 pridem
1087 2546 1235 2612 misi
1298 2565 1491 2612 unam
1557 2546 1924 2627 epistulam,
1994 2565 2182 2628 quam
2243 2550 2453 2610 utrum
2511 2545 2824 2628 acceperis

521 2654 625 2719 uel
691 2655 748 2718 ei
804 2653 1203 2737 responderis
1261 2658 1326 2717 et
1378 2653 1541 2718 forte
1599 2671 1717 2735 ego
1777 2657 1953 2718 tuam
2001 2673 2120 2718 non
2173 2653 2544 2735 acceperim,
2593 2651 2823 2716 nesci0.
2863 2679 2914 2711 ιω

520 2780 681 2826 nunc
731 2761 979 2824 interim
1028 2765 1199 2843 peto,
1250 2760 1330 2824 ad
1376 2759 1531 2824 haec
1589 2759 1966 2840 respondere
2014 2779 2092 2824 ne
2139 2759 2443 2842 grauem,
2494 2757 2664 2840 quod
2706 2757 2825 2820 tibi

520 2868 792 2932 uidetur.
860 2867 972 2932 sed
1040 2867 1168 2930 noli
1234 2869 1296 2930 te
1353 2867 1418 2930 in
1475 2865 1633 2930 alias
1691 2866 1916 2930 tollere
1965 2867 2398 2948 quaestionem
2467 2864 2615 2929 hinc
2661 2863 2826 2928 enim

520 2976 709 3056 caput
758 2977 854 3039 est
903 2972 1411 3039 ordinatissimae
1458 2972 1916 3054 inquisitioniS,
1967 2991 2078 3036 cur
2125 2971 2403 3037 schisma
2439 2971 2680 3035 factum
2719 2967 2822 3033 sit.

610 3077 775 3143 Nam
824 3082 888 3142 et
932 3081 1213 3143 terrenae
1259 3080 1613 3159 potestates
1663 3098 1808 3143 cum
1857 3078 2302 3142 schismaticos
2340 3079 2824 3160 persequuntur,

523 3205 596 3250 ea
640 3186 861 3268 regula
909 3203 978 3248 se
1036 3185 1402 3262 defendunt,
1461 3205 1583 3268 qua
1639 3185 1795 3250 dicit
1851 3186 2209 3268 apostolus:
2277 3183 2427 3264 Qui
2489 3182 2826 3248 resistit
2859 3212 2912 3253 25

524 3292 957 3374 potestati,
1009 3292 1135 3356 dei
1186 3293 1689 3357 ordinationi
1734 3291 2102 3368 1·esistit;
2144 3292 2280 3374 qui
2328 3291 2822 3356 autem·1·esi·

522 3401 777 3476 stunt,
854 3398 1021 3480 ipsi
1098 3399 1261 3464 sibi
1344 3399 1750 3463 iudicium
1837 3398 2314 3480 adquirunt;
2401 3398 2820 3480 principes

523 3504 729 3569 enim
808 3523 953 3568 non
1023 3508 1211 3569 sunt
1274 3504 1557 3569 timori
1622 3505 1826 3569 bono
1895 3505 2117 3588 operi
2185 3504 2322 3570 sed
2388 3505 2618 3569 malo.
2694 3504 2820 3567 uis

704 3748 769 3801 14
807 3747 897 3802 ΡΒ.
937 3747 987 3808 2.
1027 3747 1060 3800 8
1172 3748 1239 3801 25
1278 3747 1429 3800 Rom.
1475 3747 1555 3808 13,
1596 3748 1737 3800 2-4

590 3889 627 3942 4
666 3890 721 3942 et
758 3893 887 3941 ante
925 3887 1106 3942 dicitis
1144 3887 1247 3941 del.
1286 3905 1354 3942 m.
1378 3891 1416 3941 2
1452 3887 1507 3940 P
1721 3891 1753 3942 5
1803 3887 1977 3942 dicam
2029 3885 2181 3956 quid]
2234 3887 2409 3941 dicam
2451 3891 2548 3941 aut
2584 3885 2713 3956 quid
2749 3883 2826 3938 M

521 3981 552 4033 6
590 3976 809 4032 homine
846 3977 945 4046 (av
986 3981 1150 4043 eras.)
1191 3976 1246 4029 P
1348 3977 1381 4031 8
1422 3975 1600 4031 dicere
1641 3978 1835 4030 uellem
1877 3977 1930 4032 R
2051 3977 2115 4031 13
2155 3975 2589 4031 uos—aduersus
2627 3991 2729 4028 om.
2766 3975 2822 4028 P

524 4067 591 4119 14
625 4064 1096 4135 hereditatemque
1131 4065 1188 4120 R
1280 4067 1343 4120 15
1382 4067 1559 4120 minor
1597 4069 1649 4120 A
1726 4065 1791 4119 17
1830 4065 2094 4120 rescribat
2129 4066 2240 4119 ista
2269 4069 2322 4118 A
2400 4065 2465 4118 18
2495 4081 2604 4118 non
2634 4079 2738 4118 om.
2764 4061 2821 4118 R

523 4156 587 4208 19
628 4155 813 4224 etiam]
855 4155 997 4208 enim
1036 4155 1087 4205 P
1248 4154 1478 4224 pridem]
1520 4153 1740 4224 quidem
1777 4154 1834 4209 R
1996 4154 2256 4225 acciperis
2305 4153 2364 4208 F
2529 4155 2599 4208 22
2649 4153 2820 4206 nolite

518 4243 575 4296 in
614 4245 666 4296 A
800 4245 870 4298 25
909 4244 1037 4313 quia
1074 4243 1116 4311 (i
1152 4249 1294 4310 exp.)
1337 4243 1389 4296 P
1537 4243 1803 4312 potestati
1837 4243 2048 4296 resistit
2083 4241 2202 4298 edd.
2377 4244 2446 4316 26
2485 4241 2820 4297 ordinationi

519 4348 633 4387 ras,
672 4335 761 4397 (ex
797 4332 1137 4385 ordinatione
1160 4331 1213 4400 y)
1250 4331 1309 4384 F
1412 4334 1480 4384 ‘28
1518 4331 1649 4386 boni
1691 4332 1868 4401 operis
1907 4331 1960 4384 P
2100 4332 2262 4398 malo,
2302 4349 2368 4384 m.
2391 4335 2431 4384 2
2465 4331 2594 4384 mali
2635 4331 2685 4383 P
