3184 4959
571 442 654 504 66
1286 440 1340 493 S.
1397 440 1673 495 Aureli
1728 441 2170 510 Augustini

569 636 822 717 propter
896 634 1095 697 multo
1177 633 1400 697 melius
1475 654 1591 699 nec
1654 635 1825 699 iuste
1893 636 2191 718 cuiquam
2254 638 2607 715 irascimur,
2676 656 2863 718 quam

569 743 752 805 uelut
806 743 969 803 inst»
1023 740 1343 805 irascendo
1391 742 1452 805 in
1503 742 1775 807 alicuius
1825 742 2039 807 odium
2086 744 2215 807 irae
2262 746 2511 809 occulta
2554 744 2859 809 facilitate.

572 848 944 913 delabimur.
1023 848 1080 910 in
1161 848 1536 931 recipiendis
1616 850 1779 914 enim
1846 850 2210 931 hospitibus
2278 852 2514 935 ignotis
2580 851 2860 915 solemus

571 954 774 1018 dicere
857 958 1051 1017 multo
1131 976 1268 1019 esse
1343 955 1574 1019 melius
1654 956 1891 1020 malum
1969 958 2286 1023 hominem
2363 958 2608 1040 perpeti
2676 976 2861 1039 quam

569 1062 830 1125 forsitan
903 1084 1010 1143 per
1077 1063 1491 1143 ignorantiam
1559 1062 1805 1127 excludi
1874 1064 2132 1138 bonum,
2200 1064 2349 1128 dum
2408 1083 2732 1142 cauemm,
2787 1084 2861 1128 ne
2922 1090 2945 1127 ⁵

571 1169 911 1251 recipiatur
985 1170 1212 1233 nmlnS.
1267 1169 1404 1232 'sed
1469 1169 1532 1231 in
1601 1169 1931 1235 affectibus
1999 1171 2190 1234 animi
2258 1174 2473 1235 contra
2538 1174 2653 1235 est.
2718 1190 2863 1235 nam

572 1276 1145 1357 incomparabiliter
1211 1276 1530 1341 salubrius
1598 1279 1697 1342 est
1751 1278 1877 1341 irae
1936 1278 2125 1341 etiam
2180 1278 2349 1342 iuste
2404 1277 2685 1359 pulsanti
2740 1297 2862 1341 non

571 1383 806 1465 aperire
857 1384 1170 1463 penetrale
1223 1384 1426 1447 cordis
1475 1404 1665 1465 quam
1714 1384 2045 1447 admittere
2092 1403 2215 1448 non
2252 1384 2435 1447 facile
2474 1402 2863 1449 recessuram

571 1492 636 1551 et
689 1503 1134 1569 peruenturam
1197 1490 1271 1552 de
1340 1492 1596 1555 surculo
1664 1491 1741 1554 ad
1806 1491 2067 1557 trabem.
2135 1490 2324 1554 audet
2389 1491 2623 1573 quippe
2688 1490 2863 1572 inpu-

573 1596 788 1659 denter
837 1598 1022 1659 etiam
1075 1616 1352 1660 erescere
1403 1598 1617 1672 citiuS‚
1668 1618 1855 1679 quam
1922 1602 2203 1679 putatur.
2270 1617 2389 1662 non
2440 1597 2603 1661 enim
2654 1597 2865 1661 erube·
2906 1624 2948 1660 ιο

574 1703 696 1767 scit
749 1703 812 1765 in
873 1703 1168 1767 tenebris.
1229 1724 1372 1767 eum
1433 1724 1625 1786 super
1681 1724 1817 1767 eam
1878 1704 1975 1769 sol
2023 1706 2345 1771 occiderit.
2395 1705 2623 1769 recolis
2674 1706 2863 1775 certe,

575 1827 698 1889 qua
753 1828 898 1873 cura
960 1816 1020 1872 et
1081 1817 1312 1891 quanta
1382 1811 1809 1875 sollicitudine
1874 1812 2001 1876 ista
2066 1812 2445 1893 sciipserim‚
2514 1810 2569 1877 si
2614 1812 2863 1883 recolis,

575 1916 726 1997 quid
772 1936 1018 1979 mecum
1073 1937 1266 1999 nuper
1313 1918 1374 1979 in
1424 1918 1649 1981 itinere
1698 1918 1969 1999 quodam
2016 1919 2273 1981 locutus
2324 1918 2433 1983 sis,

661 2023 938 2087 Fratrem
1001 2024 1304 2088 senorum
1373 2028 1436 2089 et
1502 2026 1611 2107 qui
1678 2044 1821 2089 cum
1888 2045 1961 2089 eo
2028 2029 2179 2089 sunt
2234 2024 2606 2089 salutamus,
2672 2023 2864 2088 etiam

573 2130 732 2213 ipsis
809 2134 1073 2193 fortaz-w-
1153 2132 1597 2205 s‹:riberemuS‚
1677 2132 1731 2195 si
1806 2152 1915 2215 per
1990 2132 2459 2196 festinationem
2532 2130 2863 2213 perlatoris
2908 2158 2952 2196 ιε.

573 2237 812 2301 liceret.
881 2245 1023 2317 peto
1091 2246 1328 2319 autem,
1387 2244 1460 2303 ut
1517 2238 1685 2321 apud
1743 2240 2009 2303 eundem
2064 2239 2321 2303 fratrem
2380 2242 2665 2302 nostrum
2720 2236 2865 2301 Vic-

572 2347 792 2407 torem.
857 2345 954 2409 cni
1017 2366 1132 2425 ago
1194 2346 1383 2409 etiam
1443 2346 1607 2430 apud
1656 2350 1842 2411 -tuam
1902 2346 2306 2410 sanctitatem
2366 2346 2623 2428 gratiam,
2674 2342 2865 2425 quod,

575 2450 1047 2515 Constantinam
1108 2474 1250 2517 enm
1307 2458 1615 2535 pergeret,
1674 2453 1997 2527 indicauit,
2054 2452 2327 2536 petendo
2384 2452 2670 2529 adiuues,
2726 2470 2865 2533 pro·

571 2560 714 2638 pter
773 2560 1120 2639 negotium,
1172 2560 1338 2641 qnod
1404 2561 1539 2641 ipse
1606 2560 1805 2637 nouit,
1874 2560 1949 2623 de
2018 2580 2139 2641 quo
2208 2559 2659 2643 grauissimum
2714 2576 2865 2639 pon-

573 2666 692 2729 ‹lus
737 2684 849 2747 pro
917 2688 980 2727 ea
1054 2688 1114 2728 re
1184 2668 1456 2731 multum
1516 2668 1911 2750 deprecantis
1976 2667 2259 2731 Nectarii
2324 2666 2580 2730 maioris
2638 2664 2862 2747 patior,
2906 2698 2953 2731 ευ

571 2791 681 2853 per
729 2772 1046 2836 Calamam
1100 2794 1372 2838 remeare
1417 2794 1492 2838 ne
1551 2778 1878 2858 grauetur;
1938 2774 2031 2838 sic
2096 2774 2263 2838 enim
2326 2772 2621 2856 promisit
2684 2769 2861 2833 mihi.

573 2880 735 2942 uale.

755 3070 813 3125 ll
867 3072 995 3139 Eph.
1039 3077 1086 3135 4,
1128 3080 1194 3125 2⁶5

649 3248 672 3300 l
715 3248 910 3299 ..iusto
951 3250 1024 3299 ·in
1067 3266 1226 3301 eru-sn·
1267 3250 1341 3301 1'2
1529 3251 1560 3302 2
1600 3250 1735 3317 irae]
1778 3250 1859 3301 ira
1897 3252 1953 3302 et
1988 3247 2303 3303 MFAP¹R
2326 3264 2363 3301 α
2398 3246 2533 3300 mira
2570 3250 2627 3301 et
2662 3247 2717 3301 P
2750 3246 2863 3299 irae

573 3340 689 3387 cett.
730 3334 848 3388 edd.
1034 3340 1064 3385 :3
1107 3339 1358 3407 solemus]
1397 3338 1502 3391 ista
1539 3338 1771 3391 solemus
1810 3338 1883 3390 M
2058 3339 2089 3390 5
2130 3338 2493 3391 innocentiam
2532 3335 2587 3389 P
2741 3340 2857 3388 ne'lt

576 3437 793 3492 (parua
832 3428 963 3476 mss,
1001 3426 1060 3477 F
1143 3428 1168 3477 ἵ
1214 3428 1374 3481 etiam
1412 3428 1520 3481 irae
1559 3428 1679 3481 edd.
1768 3428 1801 3480 8
1841 3426 2015 3479 cordis
2052 3425 2331 3496 penetrale
2368 3425 2422 3479 R
2531 3424 2779 3478 amittere
2808 3423 2869 3478 F

575 3514 608 3563 9
647 3514 723 3581 et]
764 3514 830 3565 ad
871 3518 917 3563 ,Α
1069 3518 1274 3567 ‹an-nlo
1313 3516 1385 3569 M
1525 3515 1893 3585 imp·udenter
1918 3514 1993 3567 P¹
2028 3514 2397 3585 imprudenter
2424 3514 2478 3567 P
2511 3511 2867 3583 inprudenter

573 3600 752 3654 MFA
867 3605 927 3654 l·.’
969 3611 1091 3669 qna!
1133 3622 1288 3671 quam
1328 3622 1523 3673 magna
1557 3606 1614 3659 R
1735 3606 1799 3658 15
1839 3604 2070 3657 fortasse
2108 3604 2240 3673 ipsis
2279 3602 2397 3656 edd.
2543 3602 2771 3655 forsitan
2808 3600 2865 3653 R.
2960 3613 2969 3623 ·

644 3707 740 3760 pro
769 3690 1117 3743 sest-inatimn·
1161 3692 1185 3743 -ί
1221 3696 1440 3763 propter
1463 3694 1869 3746 festinationem
1903 3690 1953 3745 R
2029 3694 2093 3747 16
2124 3692 2264 3761 apud
2292 3708 2395 3745 om.
2416 3692 2490 3744 Ρι
2570 3692 2632 3745 17
2662 3690 2863 3745 sancti·

571 3781 742 3831 tatem
777 3784 927 3831 tuam
968 3784 1019 3835 1:
1137 3784 1196 3833 μ’
1239 3798 1354 3835 cum
1396 3783 1790 3835 constantinam
1828 3782 1885 3835 Β.
1995 3782 2370 3845 constantiam,
2410 3783 2701 3835 corn-ml
2740 3796 2863 3833 con-

571 3868 868 3921 stantinam
917 3872 963 3919 I’
1069 3874 1136 3921 20)
1177 3872 1260 3939 ω]
1299 3887 1331 3923 a
1366 3870 1498 3923 ΜΡ
1529 3870 1629 3923 hac
1670 3870 1827 3923 Aac
1936 3871 2009 3923 22
2046 3870 2190 3940 uale]
2228 3868 2388 3923 ualde
2428 3869 2482 3923 P
