<?xml version="1.0" encoding="UTF-8"?>
<!DOCTYPE html PUBLIC "-//W3C//DTD XHTML 1.0 Transitional//EN"
    "http://www.w3.org/TR/xhtml1/DTD/xhtml1-transitional.dtd">
<html xmlns="http://www.w3.org/1999/xhtml" xml:lang="en" lang="en">
 <head>
  <title>
</title>
<meta http-equiv="Content-Type" content="text/html;charset=utf-8" />
  <meta name='ocr-system' content='tesseract 3.04.00' />
  <meta name='ocr-capabilities' content='ocr_page ocr_carea ocr_par ocr_line ocrx_word'/>
</head>
<body>
  <div class='ocr_page' id='page_1' title='image "./corpusscriptoru26wiengoog_0403.png"; bbox 0 0 3184 4959; ppageno 0'>
   <div class='ocr_carea' id='block_1_1' title="bbox 1134 431 2704 502">
    <p class='ocr_par' dir='ltr' id='par_1_1' title="bbox 1134 431 2704 502">
     <span class='ocr_line' id='line_1_1' title="bbox 1134 431 2704 502; baseline 0.004 -18"><span class='ocrx_word' id='word_1_1' title='bbox 1134 432 1668 502; x_wconf 80' lang='lat' dir='ltr'><strong>epistularum</strong></span> <span class='ocrx_word' id='word_1_2' title='bbox 1724 431 1986 486; x_wconf 84' lang='lat' dir='ltr'>LXXXII.</span> <span class='ocrx_word' id='word_1_3' title='bbox 2576 434 2704 498; x_wconf 79' lang='grc'>387</span> 
     </span>
    </p>
   </div>
   <div class='ocr_carea' id='block_1_2' title="bbox 230 627 2712 2634">
    <p class='ocr_par' dir='ltr' id='par_1_2' title="bbox 230 627 2712 2634">
     <span class='ocr_line' id='line_1_2' title="bbox 408 627 2704 712; baseline 0 -20"><span class='ocrx_word' id='word_1_4' title='bbox 408 634 633 693; x_wconf 87' lang='lat' dir='ltr'>trunco</span> <span class='ocrx_word' id='word_1_5' title='bbox 692 646 807 692; x_wconf 88' lang='lat' dir='ltr'>suo</span> <span class='ocrx_word' id='word_1_6' title='bbox 865 627 1075 692; x_wconf 83' lang='lat' dir='ltr'>nixum</span> <span class='ocrx_word' id='word_1_7' title='bbox 1134 627 1327 692; x_wconf 87' lang='lat' dir='ltr'>nullis</span> <span class='ocrx_word' id='word_1_8' title='bbox 1384 627 1872 694; x_wconf 86' lang='lat' dir='ltr'>sustentandum</span> <span class='ocrx_word' id='word_1_9' title='bbox 1939 628 2339 694; x_wconf 84' lang='lat' dir='ltr'><strong>adminiculis</strong></span> <span class='ocrx_word' id='word_1_10' title='bbox 2407 629 2704 712; x_wconf 78' lang='lat' dir='ltr'>erigatur,</span> 
     </span>
     <span class='ocr_line' id='line_1_3' title="bbox 412 733 2706 821; baseline 0 -23"><span class='ocrx_word' id='word_1_11' title='bbox 412 734 665 800; x_wconf 86' lang='lat' dir='ltr'>mallem</span> <span class='ocrx_word' id='word_1_12' title='bbox 722 733 847 798; x_wconf 90' lang='lat' dir='ltr'>iam</span> <span class='ocrx_word' id='word_1_13' title='bbox 904 735 969 800; x_wconf 88' lang='lat' dir='ltr'>in</span> <span class='ocrx_word' id='word_1_14' title='bbox 1026 733 1319 800; x_wconf 86' lang='lat' dir='ltr'>omnibus</span> <span class='ocrx_word' id='word_1_15' title='bbox 1376 734 1619 800; x_wconf 85' lang='lat' dir='ltr'>Latinis</span> <span class='ocrx_word' id='word_1_16' title='bbox 1677 736 2074 802; x_wconf 80' lang='lat' dir='ltr'>cucurbitam</span> <span class='ocrx_word' id='word_1_17' title='bbox 2127 737 2284 821; x_wconf 74' lang='lat' dir='ltr'>legi3</span> <span class='ocrx_word' id='word_1_18' title='bbox 2351 755 2472 802; x_wconf 87' lang='lat' dir='ltr'>non</span> <span class='ocrx_word' id='word_1_19' title='bbox 2539 735 2706 800; x_wconf 89' lang='lat' dir='ltr'>enim</span> 
     </span>
     <span class='ocr_line' id='line_1_4' title="bbox 410 841 2708 926; baseline 0 -20"><span class='ocrx_word' id='word_1_20' title='bbox 410 844 645 907; x_wconf 85' lang='lat' dir='ltr'>frustra</span> <span class='ocrx_word' id='word_1_21' title='bbox 688 841 809 906; x_wconf 90' lang='lat' dir='ltr'>hoc</span> <span class='ocrx_word' id='word_1_22' title='bbox 855 844 1010 923; x_wconf 86' lang='lat' dir='ltr'>puto</span> <span class='ocrx_word' id='word_1_23' title='bbox 1060 841 1465 925; x_wconf 79' lang='lat' dir='ltr'>septuaginta</span> <span class='ocrx_word' id='word_1_24' title='bbox 1508 841 1825 924; x_wconf 82' lang='lat' dir='ltr'>posuisse,</span> <span class='ocrx_word' id='word_1_25' title='bbox 1863 843 1988 907; x_wconf 88' lang='lat' dir='ltr'>nisi</span> <span class='ocrx_word' id='word_1_26' title='bbox 2025 843 2174 926; x_wconf 87' lang='lat' dir='ltr'>quia</span> <span class='ocrx_word' id='word_1_27' title='bbox 2210 847 2274 909; x_wconf 90' lang='lat' dir='ltr'>et</span> <span class='ocrx_word' id='word_1_28' title='bbox 2311 843 2458 908; x_wconf 90' lang='lat' dir='ltr'>huic</span> <span class='ocrx_word' id='word_1_29' title='bbox 2499 843 2708 907; x_wconf 88' lang='lat' dir='ltr'>simile</span> 
     </span>
     <span class='ocr_line' id='line_1_5' title="bbox 412 949 715 1014; baseline 0 0"><span class='ocrx_word' id='word_1_30' title='bbox 412 949 715 1014; x_wconf 81' lang='lat' dir='ltr'>sciebant.</span> 
     </span>
     <span class='ocr_line' id='line_1_6' title="bbox 230 1054 2707 1140; baseline -0.001 -17"><span class='ocrx_word' id='word_1_31' title='bbox 230 1060 375 1123; x_wconf 76' lang='lat'>36⁵</span> <span class='ocrx_word' id='word_1_32' title='bbox 504 1054 673 1120; x_wconf 87' lang='lat' dir='ltr'>Satis</span> <span class='ocrx_word' id='word_1_33' title='bbox 732 1073 854 1133; x_wconf 88' lang='lat' dir='ltr'>me,</span> <span class='ocrx_word' id='word_1_34' title='bbox 910 1055 1105 1119; x_wconf 89' lang='lat' dir='ltr'>immo</span> <span class='ocrx_word' id='word_1_35' title='bbox 1162 1055 1431 1120; x_wconf 85' lang='lat' dir='ltr'>fortasse</span> <span class='ocrx_word' id='word_1_36' title='bbox 1484 1059 1632 1140; x_wconf 90' lang='lat' dir='ltr'>plus</span> <span class='ocrx_word' id='word_1_37' title='bbox 1691 1075 1878 1140; x_wconf 86' lang='lat' dir='ltr'>quam</span> <span class='ocrx_word' id='word_1_38' title='bbox 1937 1057 2092 1121; x_wconf 87' lang='lat' dir='ltr'>satis</span> <span class='ocrx_word' id='word_1_39' title='bbox 2149 1057 2354 1122; x_wconf 89' lang='lat' dir='ltr'>tribus</span> <span class='ocrx_word' id='word_1_40' title='bbox 2412 1055 2707 1140; x_wconf 87' lang='lat' dir='ltr'>epistulis</span> 
     </span>
     <span class='ocr_line' id='line_1_7' title="bbox 410 1161 2707 1246; baseline -0.001 -20"><span class='ocrx_word' id='word_1_41' title='bbox 410 1161 541 1226; x_wconf 85' lang='lat' dir='ltr'>tuis</span> <span class='ocrx_word' id='word_1_42' title='bbox 588 1161 988 1246; x_wconf 83' lang='lat' dir='ltr'>respondisse</span> <span class='ocrx_word' id='word_1_43' title='bbox 1036 1162 1320 1237; x_wconf 83' lang='lat' dir='ltr'>arbitror,</span> <span class='ocrx_word' id='word_1_44' title='bbox 1371 1181 1638 1244; x_wconf 87' lang='lat' dir='ltr'>quarum</span> <span class='ocrx_word' id='word_1_45' title='bbox 1687 1163 1844 1227; x_wconf 86' lang='lat' dir='ltr'>duas</span> <span class='ocrx_word' id='word_1_46' title='bbox 1891 1181 2003 1246; x_wconf 89' lang='lat' dir='ltr'>per</span> <span class='ocrx_word' id='word_1_47' title='bbox 2042 1161 2424 1246; x_wconf 79' lang='lat' dir='ltr'>cyprianum</span> <span class='ocrx_word' id='word_1_48' title='bbox 2473 1162 2707 1245; x_wconf 90' lang='lat' dir='ltr'>accepi,</span> 
     </span>
     <span class='ocr_line' id='line_1_8' title="bbox 412 1267 2709 1352; baseline -0.001 -18"><span class='ocrx_word' id='word_1_49' title='bbox 412 1287 599 1334; x_wconf 85' lang='lat' dir='ltr'>unam</span> <span class='ocrx_word' id='word_1_50' title='bbox 666 1289 775 1352; x_wconf 88' lang='lat' dir='ltr'>per</span> <span class='ocrx_word' id='word_1_51' title='bbox 828 1268 1133 1336; x_wconf 86' lang='lat' dir='ltr'>Firmum.</span> <span class='ocrx_word' id='word_1_52' title='bbox 1198 1269 1493 1346; x_wconf 88' lang='lat' dir='ltr'>rescribe,</span> <span class='ocrx_word' id='word_1_53' title='bbox 1552 1267 1722 1351; x_wconf 86' lang='lat' dir='ltr'>quod</span> <span class='ocrx_word' id='word_1_54' title='bbox 1776 1269 1992 1333; x_wconf 90' lang='lat' dir='ltr'>uisum</span> <span class='ocrx_word' id='word_1_55' title='bbox 2047 1269 2260 1346; x_wconf 86' lang='lat' dir='ltr'>fuerit,</span> <span class='ocrx_word' id='word_1_56' title='bbox 2319 1269 2398 1334; x_wconf 87' lang='lat' dir='ltr'>ad</span> <span class='ocrx_word' id='word_1_57' title='bbox 2442 1287 2556 1334; x_wconf 90' lang='lat' dir='ltr'>nos</span> <span class='ocrx_word' id='word_1_58' title='bbox 2603 1269 2709 1332; x_wconf 91' lang='lat' dir='ltr'>uel</span> 
     </span>
     <span class='ocr_line' id='line_1_9' title="bbox 413 1375 2710 1462; baseline -0.001 -20"><span class='ocrx_word' id='word_1_59' title='bbox 413 1377 571 1442; x_wconf 89' lang='lat' dir='ltr'>alios</span> <span class='ocrx_word' id='word_1_60' title='bbox 616 1375 1043 1442; x_wconf 75' lang='lat' dir='ltr'>instruendos,</span> <span class='ocrx_word' id='word_1_61' title='bbox 1092 1375 1249 1441; x_wconf 89' lang='lat' dir='ltr'>dabo</span> <span class='ocrx_word' id='word_1_62' title='bbox 1299 1382 1515 1440; x_wconf 88' lang='lat' dir='ltr'>autem</span> <span class='ocrx_word' id='word_1_63' title='bbox 1563 1394 1816 1458; x_wconf 79' lang='lat' dir='ltr'>operam</span> <span class='ocrx_word' id='word_1_64' title='bbox 1865 1376 2354 1462; x_wconf 88' lang='lat' dir='ltr'>diligentiorem,</span> <span class='ocrx_word' id='word_1_65' title='bbox 2403 1379 2710 1459; x_wconf 88' lang='lat' dir='ltr'>quantum</span> 
     </span>
     <span class='ocr_line' id='line_1_10' title="bbox 410 1482 2710 1564; baseline -0.001 -16"><span class='ocrx_word' id='word_1_66' title='bbox 410 1503 511 1548; x_wconf 91' lang='lat' dir='ltr'>me</span> <span class='ocrx_word' id='word_1_67' title='bbox 559 1483 823 1548; x_wconf 88' lang='lat' dir='ltr'>adiuuat</span> <span class='ocrx_word' id='word_1_68' title='bbox 867 1482 1182 1560; x_wconf 75' lang='lat' dir='ltr'>dominuS,</span> <span class='ocrx_word' id='word_1_69' title='bbox 1235 1487 1307 1548; x_wconf 86' lang='lat' dir='ltr'>ut</span> <span class='ocrx_word' id='word_1_70' title='bbox 1350 1484 1622 1559; x_wconf 84' lang='lat' dir='ltr'>litterae,</span> <span class='ocrx_word' id='word_1_71' title='bbox 1671 1501 1827 1564; x_wconf 89' lang='lat' dir='ltr'>quas</span> <span class='ocrx_word' id='word_1_72' title='bbox 1877 1483 1954 1548; x_wconf 86' lang='lat' dir='ltr'>ad</span> <span class='ocrx_word' id='word_1_73' title='bbox 2001 1486 2066 1548; x_wconf 89' lang='lat' dir='ltr'>te</span> <span class='ocrx_word' id='word_1_74' title='bbox 2112 1483 2343 1561; x_wconf 90' lang='lat' dir='ltr'>scribo,</span> <span class='ocrx_word' id='word_1_75' title='bbox 2399 1483 2573 1564; x_wconf 88' lang='lat' dir='ltr'>prius</span> <span class='ocrx_word' id='word_1_76' title='bbox 2631 1483 2710 1546; x_wconf 87' lang='lat' dir='ltr'>ad</span> 
     </span>
     <span class='ocr_line' id='line_1_11' title="bbox 328 1589 2708 1674; baseline 0.003 -26"><span class='ocrx_word' id='word_1_77' title='bbox 328 1611 375 1648; x_wconf 81' lang='grc' dir='ltr'>ιο</span> <span class='ocrx_word' id='word_1_78' title='bbox 412 1593 475 1654; x_wconf 86' lang='lat' dir='ltr'>te</span> <span class='ocrx_word' id='word_1_79' title='bbox 520 1589 889 1674; x_wconf 86' lang='lat' dir='ltr'>perueniant</span> <span class='ocrx_word' id='word_1_80' title='bbox 936 1609 1125 1673; x_wconf 90' lang='lat' dir='ltr'>quam</span> <span class='ocrx_word' id='word_1_81' title='bbox 1174 1589 1253 1653; x_wconf 88' lang='lat' dir='ltr'>ad</span> <span class='ocrx_word' id='word_1_82' title='bbox 1302 1608 1706 1672; x_wconf 88' lang='lat' dir='ltr'>quemquam,</span> <span class='ocrx_word' id='word_1_83' title='bbox 1755 1607 1792 1652; x_wconf 89' lang='lat' dir='ltr'>a</span> <span class='ocrx_word' id='word_1_84' title='bbox 1837 1607 1962 1671; x_wconf 90' lang='lat' dir='ltr'>quo</span> <span class='ocrx_word' id='word_1_85' title='bbox 2007 1589 2204 1654; x_wconf 89' lang='lat' dir='ltr'>latius</span> <span class='ocrx_word' id='word_1_86' title='bbox 2246 1589 2708 1672; x_wconf 84' lang='lat' dir='ltr'>dispergantur.</span> 
     </span>
     <span class='ocr_line' id='line_1_12' title="bbox 412 1695 2710 1778; baseline -0 -17"><span class='ocrx_word' id='word_1_87' title='bbox 412 1699 614 1762; x_wconf 85' lang='lat' dir='ltr'>fateor</span> <span class='ocrx_word' id='word_1_88' title='bbox 660 1697 827 1762; x_wconf 88' lang='lat' dir='ltr'>enim</span> <span class='ocrx_word' id='word_1_89' title='bbox 872 1716 985 1762; x_wconf 90' lang='lat' dir='ltr'>nec</span> <span class='ocrx_word' id='word_1_90' title='bbox 1032 1696 1189 1760; x_wconf 89' lang='lat' dir='ltr'>mihi</span> <span class='ocrx_word' id='word_1_91' title='bbox 1238 1697 1357 1760; x_wconf 89' lang='lat' dir='ltr'>hoc</span> <span class='ocrx_word' id='word_1_92' title='bbox 1405 1695 1539 1760; x_wconf 76' lang='lat' dir='ltr'>fieri</span> <span class='ocrx_word' id='word_1_93' title='bbox 1586 1696 1754 1762; x_wconf 90' lang='lat' dir='ltr'>uelle</span> <span class='ocrx_word' id='word_1_94' title='bbox 1804 1696 1879 1761; x_wconf 91' lang='lat' dir='ltr'>de</span> <span class='ocrx_word' id='word_1_95' title='bbox 1924 1697 2056 1761; x_wconf 89' lang='lat' dir='ltr'>tuis</span> <span class='ocrx_word' id='word_1_96' title='bbox 2105 1695 2182 1760; x_wconf 89' lang='lat' dir='ltr'>ad</span> <span class='ocrx_word' id='word_1_97' title='bbox 2230 1715 2352 1774; x_wconf 90' lang='lat' dir='ltr'>me,</span> <span class='ocrx_word' id='word_1_98' title='bbox 2401 1695 2572 1778; x_wconf 86' lang='lat' dir='ltr'>quod</span> <span class='ocrx_word' id='word_1_99' title='bbox 2633 1695 2710 1760; x_wconf 90' lang='lat' dir='ltr'>de</span> 
     </span>
     <span class='ocr_line' id='line_1_13' title="bbox 412 1801 2710 1885; baseline -0.001 -19"><span class='ocrx_word' id='word_1_100' title='bbox 412 1803 571 1868; x_wconf 88' lang='lat' dir='ltr'>meis</span> <span class='ocrx_word' id='word_1_101' title='bbox 620 1803 697 1868; x_wconf 87' lang='lat' dir='ltr'>ad</span> <span class='ocrx_word' id='word_1_102' title='bbox 746 1807 807 1868; x_wconf 88' lang='lat' dir='ltr'>te</span> <span class='ocrx_word' id='word_1_103' title='bbox 854 1803 1095 1868; x_wconf 86' lang='lat' dir='ltr'>factum</span> <span class='ocrx_word' id='word_1_104' title='bbox 1142 1803 1495 1868; x_wconf 84' lang='lat' dir='ltr'>iustissime</span> <span class='ocrx_word' id='word_1_105' title='bbox 1544 1804 1929 1885; x_wconf 85' lang='lat' dir='ltr'>expostulas.</span> <span class='ocrx_word' id='word_1_106' title='bbox 1977 1806 2186 1868; x_wconf 87' lang='lat' dir='ltr'>tamen</span> <span class='ocrx_word' id='word_1_107' title='bbox 2236 1803 2486 1884; x_wconf 88' lang='lat' dir='ltr'>placeat</span> <span class='ocrx_word' id='word_1_108' title='bbox 2531 1801 2710 1866; x_wconf 89' lang='lat' dir='ltr'>nobis</span> 
     </span>
     <span class='ocr_line' id='line_1_14' title="bbox 412 1909 2710 1982; baseline 0 -10"><span class='ocrx_word' id='word_1_109' title='bbox 412 1909 683 1974; x_wconf 89' lang='lat' dir='ltr'>inuicem</span> <span class='ocrx_word' id='word_1_110' title='bbox 750 1929 871 1976; x_wconf 90' lang='lat' dir='ltr'>non</span> <span class='ocrx_word' id='word_1_111' title='bbox 936 1913 1182 1974; x_wconf 85' lang='lat' dir='ltr'>tantum</span> <span class='ocrx_word' id='word_1_112' title='bbox 1241 1910 1469 1975; x_wconf 85' lang='lat' dir='ltr'>caritas</span> <span class='ocrx_word' id='word_1_113' title='bbox 1527 1928 1748 1973; x_wconf 89' lang='lat' dir='ltr'>uerum</span> <span class='ocrx_word' id='word_1_114' title='bbox 1806 1909 1994 1974; x_wconf 88' lang='lat' dir='ltr'>etiam</span> <span class='ocrx_word' id='word_1_115' title='bbox 2051 1909 2314 1974; x_wconf 85' lang='lat' dir='ltr'>libertas</span> <span class='ocrx_word' id='word_1_116' title='bbox 2369 1909 2710 1982; x_wconf 83' lang='lat' dir='ltr'>amicitiae,</span> 
     </span>
     <span class='ocr_line' id='line_1_15' title="bbox 416 2015 2710 2100; baseline 0 -20"><span class='ocrx_word' id='word_1_117' title='bbox 416 2035 491 2082; x_wconf 89' lang='lat' dir='ltr'>ne</span> <span class='ocrx_word' id='word_1_118' title='bbox 547 2017 715 2098; x_wconf 87' lang='lat' dir='ltr'>apud</span> <span class='ocrx_word' id='word_1_119' title='bbox 770 2035 871 2080; x_wconf 90' lang='lat' dir='ltr'>me</span> <span class='ocrx_word' id='word_1_120' title='bbox 928 2019 1139 2081; x_wconf 85' lang='lat' dir='ltr'>taceas</span> <span class='ocrx_word' id='word_1_121' title='bbox 1195 2017 1300 2082; x_wconf 91' lang='lat' dir='ltr'>uel</span> <span class='ocrx_word' id='word_1_122' title='bbox 1348 2035 1465 2100; x_wconf 90' lang='lat' dir='ltr'>ego</span> <span class='ocrx_word' id='word_1_123' title='bbox 1516 2016 1682 2099; x_wconf 89' lang='lat' dir='ltr'>apud</span> <span class='ocrx_word' id='word_1_124' title='bbox 1731 2019 1814 2091; x_wconf 89' lang='lat' dir='ltr'>te,</span> <span class='ocrx_word' id='word_1_125' title='bbox 1865 2016 2035 2098; x_wconf 86' lang='lat' dir='ltr'>quod</span> <span class='ocrx_word' id='word_1_126' title='bbox 2081 2015 2144 2080; x_wconf 90' lang='lat' dir='ltr'>in</span> <span class='ocrx_word' id='word_1_127' title='bbox 2194 2017 2429 2080; x_wconf 87' lang='lat' dir='ltr'>nostris</span> <span class='ocrx_word' id='word_1_128' title='bbox 2476 2015 2710 2080; x_wconf 90' lang='lat' dir='ltr'>litteris</span> 
     </span>
     <span class='ocr_line' id='line_1_16' title="bbox 328 2121 2712 2205; baseline 0.002 -21"><span class='ocrx_word' id='word_1_129' title='bbox 328 2145 377 2186; x_wconf 64' lang='grc' dir='ltr'>ιε</span> <span class='ocrx_word' id='word_1_130' title='bbox 416 2123 703 2188; x_wconf 87' lang='lat' dir='ltr'>uicissim</span> <span class='ocrx_word' id='word_1_131' title='bbox 778 2141 891 2188; x_wconf 89' lang='lat' dir='ltr'>nos</span> <span class='ocrx_word' id='word_1_132' title='bbox 966 2127 1201 2198; x_wconf 90' lang='lat' dir='ltr'>mouet,</span> <span class='ocrx_word' id='word_1_133' title='bbox 1278 2143 1351 2188; x_wconf 90' lang='lat' dir='ltr'>eo</span> <span class='ocrx_word' id='word_1_134' title='bbox 1429 2122 1678 2188; x_wconf 87' lang='lat' dir='ltr'>scilicet</span> <span class='ocrx_word' id='word_1_135' title='bbox 1741 2124 1970 2200; x_wconf 83' lang='lat' dir='ltr'>animo,</span> <span class='ocrx_word' id='word_1_136' title='bbox 2037 2123 2144 2205; x_wconf 91' lang='lat' dir='ltr'>qui</span> <span class='ocrx_word' id='word_1_137' title='bbox 2211 2122 2414 2188; x_wconf 87' lang='lat' dir='ltr'>oculis</span> <span class='ocrx_word' id='word_1_138' title='bbox 2479 2123 2583 2186; x_wconf 89' lang='lat' dir='ltr'>dei</span> <span class='ocrx_word' id='word_1_139' title='bbox 2649 2121 2712 2188; x_wconf 90' lang='lat' dir='ltr'>in</span> 
     </span>
     <span class='ocr_line' id='line_1_17' title="bbox 414 2228 2712 2313; baseline -0.001 -19"><span class='ocrx_word' id='word_1_140' title='bbox 414 2231 687 2294; x_wconf 86' lang='lat' dir='ltr'>fraterna</span> <span class='ocrx_word' id='word_1_141' title='bbox 732 2229 1068 2294; x_wconf 86' lang='lat' dir='ltr'>dilectione</span> <span class='ocrx_word' id='word_1_142' title='bbox 1116 2248 1235 2295; x_wconf 89' lang='lat' dir='ltr'>uon</span> <span class='ocrx_word' id='word_1_143' title='bbox 1286 2230 1602 2313; x_wconf 87' lang='lat' dir='ltr'>displicet.</span> <span class='ocrx_word' id='word_1_144' title='bbox 1652 2230 1822 2313; x_wconf 86' lang='lat' dir='ltr'>quod</span> <span class='ocrx_word' id='word_1_145' title='bbox 1871 2229 1926 2294; x_wconf 88' lang='lat' dir='ltr'>si</span> <span class='ocrx_word' id='word_1_146' title='bbox 1973 2231 2134 2294; x_wconf 88' lang='lat' dir='ltr'>inter</span> <span class='ocrx_word' id='word_1_147' title='bbox 2179 2248 2292 2295; x_wconf 91' lang='lat' dir='ltr'>nos</span> <span class='ocrx_word' id='word_1_148' title='bbox 2340 2228 2476 2294; x_wconf 88' lang='lat' dir='ltr'>fieri</span> <span class='ocrx_word' id='word_1_149' title='bbox 2521 2247 2712 2310; x_wconf 88' lang='lat' dir='ltr'>posse</span> 
     </span>
     <span class='ocr_line' id='line_1_18' title="bbox 417 2335 2712 2420; baseline -0.001 -20"><span class='ocrx_word' id='word_1_150' title='bbox 417 2335 551 2400; x_wconf 90' lang='lat' dir='ltr'>sine</span> <span class='ocrx_word' id='word_1_151' title='bbox 613 2335 816 2418; x_wconf 89' lang='lat' dir='ltr'>ipsius</span> <span class='ocrx_word' id='word_1_152' title='bbox 885 2336 1245 2402; x_wconf 84' lang='lat' dir='ltr'>dilectionis</span> <span class='ocrx_word' id='word_1_153' title='bbox 1310 2336 1664 2420; x_wconf 87' lang='lat' dir='ltr'>perniciosa</span> <span class='ocrx_word' id='word_1_154' title='bbox 1729 2336 2070 2402; x_wconf 86' lang='lat' dir='ltr'>offensione</span> <span class='ocrx_word' id='word_1_155' title='bbox 2137 2355 2258 2400; x_wconf 90' lang='lat' dir='ltr'>non</span> <span class='ocrx_word' id='word_1_156' title='bbox 2323 2337 2532 2418; x_wconf 85' lang='lat' dir='ltr'>putas,</span> <span class='ocrx_word' id='word_1_157' title='bbox 2591 2354 2712 2399; x_wconf 87' lang='lat' dir='ltr'>non</span> 
     </span>
     <span class='ocr_line' id='line_1_19' title="bbox 415 2440 2710 2527; baseline 0 -22"><span class='ocrx_word' id='word_1_158' title='bbox 415 2441 545 2508; x_wconf 85' lang='lat' dir='ltr'>fiat.</span> <span class='ocrx_word' id='word_1_159' title='bbox 610 2441 723 2506; x_wconf 89' lang='lat' dir='ltr'>illa</span> <span class='ocrx_word' id='word_1_160' title='bbox 777 2443 939 2506; x_wconf 88' lang='lat' dir='ltr'>enim</span> <span class='ocrx_word' id='word_1_161' title='bbox 1001 2445 1251 2524; x_wconf 69' lang='lat' dir='ltr'>caritas,</span> <span class='ocrx_word' id='word_1_162' title='bbox 1309 2463 1497 2527; x_wconf 88' lang='lat' dir='ltr'>quam</span> <span class='ocrx_word' id='word_1_163' title='bbox 1554 2447 1766 2508; x_wconf 90' lang='lat' dir='ltr'>tecum</span> <span class='ocrx_word' id='word_1_164' title='bbox 1823 2443 2052 2509; x_wconf 89' lang='lat' dir='ltr'>habere</span> <span class='ocrx_word' id='word_1_165' title='bbox 2107 2442 2361 2520; x_wconf 82' lang='lat' dir='ltr'>uellem,</span> <span class='ocrx_word' id='word_1_166' title='bbox 2427 2440 2710 2524; x_wconf 87' lang='lat' dir='ltr'>profecto</span> 
     </span>
     <span class='ocr_line' id='line_1_20' title="bbox 416 2549 2298 2634; baseline 0.001 -22"><span class='ocrx_word' id='word_1_167' title='bbox 416 2550 615 2614; x_wconf 87' lang='lat' dir='ltr'>maior</span> <span class='ocrx_word' id='word_1_168' title='bbox 662 2553 778 2626; x_wconf 88' lang='lat' dir='ltr'>est,</span> <span class='ocrx_word' id='word_1_169' title='bbox 828 2551 938 2616; x_wconf 86' lang='lat' dir='ltr'>sed</span> <span class='ocrx_word' id='word_1_170' title='bbox 984 2550 1217 2616; x_wconf 87' lang='lat' dir='ltr'>melius</span> <span class='ocrx_word' id='word_1_171' title='bbox 1264 2549 1419 2616; x_wconf 89' lang='lat' dir='ltr'>haec</span> <span class='ocrx_word' id='word_1_172' title='bbox 1469 2550 1675 2617; x_wconf 87' lang='lat' dir='ltr'>minor</span> <span class='ocrx_word' id='word_1_173' title='bbox 1722 2569 1910 2634; x_wconf 86' lang='lat' dir='ltr'>quam</span> <span class='ocrx_word' id='word_1_174' title='bbox 1958 2550 2134 2615; x_wconf 89' lang='lat' dir='ltr'>nulla</span> <span class='ocrx_word' id='word_1_175' title='bbox 2180 2551 2298 2614; x_wconf 85' lang='lat' dir='ltr'>est.</span> 
     </span>
    </p>
   </div>
   <div class='ocr_carea' id='block_1_3' title="bbox 410 2759 2720 3898">
    <p class='ocr_par' dir='ltr' id='par_1_3' title="bbox 594 2759 1309 2830">
     <span class='ocr_line' id='line_1_21' title="bbox 594 2759 1309 2830; baseline 0.001 -17"><span class='ocrx_word' id='word_1_176' title='bbox 594 2759 771 2814; x_wconf 82' lang='lat'>8—-12</span> <span class='ocrx_word' id='word_1_177' title='bbox 811 2759 874 2812; x_wconf 83' lang='lat' dir='ltr'>cf.</span> <span class='ocrx_word' id='word_1_178' title='bbox 914 2777 965 2830; x_wconf 94' lang='lat' dir='ltr'>p.</span> <span class='ocrx_word' id='word_1_179' title='bbox 1007 2759 1127 2824; x_wconf 81' lang='lat'>262,</span> <span class='ocrx_word' id='word_1_180' title='bbox 1168 2759 1309 2814; x_wconf 85' lang='lat'>8—9</span> 
     </span>
    </p>

    <p class='ocr_par' dir='ltr' id='par_1_4' title="bbox 417 2885 2715 3096">
     <span class='ocr_line' id='line_1_22' title="bbox 491 2885 2710 3006; baseline -0.002 -16"><span class='ocrx_word' id='word_1_181' title='bbox 491 2938 515 2990; x_wconf 93' lang='lat'>1</span> <span class='ocrx_word' id='word_1_182' title='bbox 557 2885 754 2992; x_wconf 49' lang='lat' dir='ltr'>zil‘xum</span> <span class='ocrx_word' id='word_1_183' title='bbox 794 2937 953 3002; x_wconf 73' lang='lat' dir='ltr'>(ciel)</span> <span class='ocrx_word' id='word_1_184' title='bbox 995 2938 1060 2991; x_wconf 87' lang='lat' dir='ltr'><em>H</em></span> <span class='ocrx_word' id='word_1_185' title='bbox 1198 2937 1406 2990; x_wconf 88' lang='lat' dir='ltr'>nullum</span> <span class='ocrx_word' id='word_1_186' title='bbox 1452 2936 1498 3006; x_wconf 75' lang='lat' dir='ltr'><em>Q</em></span> <span class='ocrx_word' id='word_1_187' title='bbox 1625 2935 1658 2990; x_wconf 82' lang='lat'>2</span> <span class='ocrx_word' id='word_1_188' title='bbox 1696 2937 1750 2988; x_wconf 90' lang='lat' dir='ltr'>iu</span> <span class='ocrx_word' id='word_1_189' title='bbox 1791 2933 2100 2990; x_wconf 85' lang='lat' dir='ltr'>nominibus</span> <span class='ocrx_word' id='word_1_190' title='bbox 2137 2933 2204 2988; x_wconf 89' lang='lat' dir='ltr'><strong><em>H</em></strong></span> <span class='ocrx_word' id='word_1_191' title='bbox 2235 2931 2546 2986; x_wconf 83' lang='lat' dir='ltr'>hominibus</span> <span class='ocrx_word' id='word_1_192' title='bbox 2587 2935 2710 2994; x_wconf 82' lang='lat' dir='ltr'>(om.</span> 
     </span>
     <span class='ocr_line' id='line_1_23' title="bbox 417 3020 2715 3096; baseline -0.001 -19"><span class='ocrx_word' id='word_1_193' title='bbox 417 3025 493 3092; x_wconf 90' lang='lat' dir='ltr'>in)</span> <span class='ocrx_word' id='word_1_194' title='bbox 532 3029 586 3081; x_wconf 77' lang='lat' dir='ltr'><strong><em>A</em></strong></span> <span class='ocrx_word' id='word_1_195' title='bbox 748 3025 782 3078; x_wconf 82' lang='grc'><strong>8</strong></span> <span class='ocrx_word' id='word_1_196' title='bbox 820 3033 997 3096; x_wconf 83' lang='lat' dir='ltr'>pacto,</span> <span class='ocrx_word' id='word_1_197' title='bbox 1036 3041 1174 3080; x_wconf 86' lang='lat' dir='ltr'>corr.</span> <span class='ocrx_word' id='word_1_198' title='bbox 1211 3043 1279 3079; x_wconf 87' lang='lat' dir='ltr'>m.</span> <span class='ocrx_word' id='word_1_199' title='bbox 1302 3031 1333 3080; x_wconf 90' lang='lat'><strong><em>1</em></strong></span> <span class='ocrx_word' id='word_1_200' title='bbox 1368 3028 1503 3095; x_wconf 86' lang='lat' dir='ltr'>puto</span> <span class='ocrx_word' id='word_1_201' title='bbox 1539 3024 1616 3078; x_wconf 83' lang='lat' dir='ltr'><strong><em>M</em></strong></span> <span class='ocrx_word' id='word_1_202' title='bbox 1753 3024 1898 3078; x_wconf 88' lang='lat' dir='ltr'>LXX</span> <span class='ocrx_word' id='word_1_203' title='bbox 1932 3021 2244 3092; x_wconf 68' lang='lat' dir='ltr'><em>PQMPOE</em></span> <span class='ocrx_word' id='word_1_204' title='bbox 2383 3021 2626 3091; x_wconf 82' lang='lat' dir='ltr'>potuisse</span> <span class='ocrx_word' id='word_1_205' title='bbox 2668 3020 2715 3090; x_wconf 81' lang='lat' dir='ltr'><em>Q</em></span> 
     </span>
    </p>

    <p class='ocr_par' dir='ltr' id='par_1_5' title="bbox 410 3111 2720 3898">
     <span class='ocr_line' id='line_1_24' title="bbox 483 3111 2714 3185; baseline -0.003 -16"><span class='ocrx_word' id='word_1_206' title='bbox 483 3113 897 3169; x_wconf 80' lang='lat' dir='ltr'>nisi—fortasse</span> <span class='ocrx_word' id='word_1_207' title='bbox 934 3131 1036 3172; x_wconf 84' lang='lat' dir='ltr'>om.</span> <span class='ocrx_word' id='word_1_208' title='bbox 1076 3116 1111 3168; x_wconf 90' lang='lat'><em>1</em></span> <span class='ocrx_word' id='word_1_209' title='bbox 1253 3120 1311 3169; x_wconf 87' lang='lat' dir='ltr'>et</span> <span class='ocrx_word' id='word_1_210' title='bbox 1347 3131 1449 3170; x_wconf 83' lang='lat' dir='ltr'>om.</span> <span class='ocrx_word' id='word_1_211' title='bbox 1496 3114 1604 3185; x_wconf 62' lang='grc' dir='ltr'>ΟΕ</span> <span class='ocrx_word' id='word_1_212' title='bbox 1708 3115 1739 3168; x_wconf 83' lang='grc'><strong>7</strong></span> <span class='ocrx_word' id='word_1_213' title='bbox 1778 3114 1956 3167; x_wconf 85' lang='lat' dir='ltr'>uisum</span> <span class='ocrx_word' id='word_1_214' title='bbox 1994 3111 2098 3166; x_wconf 90' lang='lat' dir='ltr'>tibi</span> <span class='ocrx_word' id='word_1_215' title='bbox 2137 3111 2306 3164; x_wconf 83' lang='lat' dir='ltr'>fuerit</span> <span class='ocrx_word' id='word_1_216' title='bbox 2347 3112 2378 3164; x_wconf 90' lang='lat'><em>1</em></span> <span class='ocrx_word' id='word_1_217' title='bbox 2518 3111 2609 3164; x_wconf 90' lang='lat' dir='ltr'>nel</span> <span class='ocrx_word' id='word_1_218' title='bbox 2645 3111 2714 3163; x_wconf 88' lang='lat' dir='ltr'>ad</span> 
     </span>
     <span class='ocr_line' id='line_1_25' title="bbox 414 3199 2716 3276; baseline -0.003 -18"><span class='ocrx_word' id='word_1_219' title='bbox 414 3204 551 3258; x_wconf 81' lang='lat' dir='ltr'>alios</span> <span class='ocrx_word' id='word_1_220' title='bbox 592 3203 697 3276; x_wconf 65' lang='grc' dir='ltr'>ΟΕ</span> <span class='ocrx_word' id='word_1_221' title='bbox 854 3205 887 3256; x_wconf 87' lang='grc'>9</span> <span class='ocrx_word' id='word_1_222' title='bbox 926 3202 1153 3258; x_wconf 86' lang='lat' dir='ltr'>adiubat</span> <span class='ocrx_word' id='word_1_223' title='bbox 1190 3202 1293 3258; x_wconf 92' lang='lat' dir='ltr'>HI</span> <span class='ocrx_word' id='word_1_224' title='bbox 1323 3203 1565 3264; x_wconf 87' lang='lat' dir='ltr'>adiuuet,</span> <span class='ocrx_word' id='word_1_225' title='bbox 1606 3218 1746 3256; x_wconf 77' lang='lat' dir='ltr'>corr.</span> <span class='ocrx_word' id='word_1_226' title='bbox 1782 3219 1850 3257; x_wconf 83' lang='lat' dir='ltr'>m.</span> <span class='ocrx_word' id='word_1_227' title='bbox 1874 3207 1904 3255; x_wconf 89' lang='lat'><strong><em>1</em></strong></span> <span class='ocrx_word' id='word_1_228' title='bbox 1941 3201 2167 3256; x_wconf 84' lang='lat' dir='ltr'>adiuuat</span> <span class='ocrx_word' id='word_1_229' title='bbox 2205 3201 2270 3254; x_wconf 79' lang='lat' dir='ltr'><em>M</em></span> <span class='ocrx_word' id='word_1_230' title='bbox 2415 3203 2470 3253; x_wconf 88' lang='lat' dir='ltr'>te</span> <span class='ocrx_word' id='word_1_231' title='bbox 2507 3199 2572 3252; x_wconf 78' lang='lat' dir='ltr'>in</span> <span class='ocrx_word' id='word_1_232' title='bbox 2596 3199 2716 3268; x_wconf 77' lang='lat' dir='ltr'>fine</span> 
     </span>
     <span class='ocr_line' id='line_1_26' title="bbox 410 3288 2710 3361; baseline -0.004 -12"><span class='ocrx_word' id='word_1_233' title='bbox 410 3311 467 3348; x_wconf 78' lang='lat' dir='ltr'>u.</span> <span class='ocrx_word' id='word_1_234' title='bbox 506 3310 609 3349; x_wconf 89' lang='lat' dir='ltr'>om.</span> <span class='ocrx_word' id='word_1_235' title='bbox 646 3293 701 3346; x_wconf 88' lang='lat' dir='ltr'><em>P</em></span> <span class='ocrx_word' id='word_1_236' title='bbox 862 3293 929 3347; x_wconf 87' lang='lat'>10</span> <span class='ocrx_word' id='word_1_237' title='bbox 966 3293 1191 3346; x_wconf 87' lang='lat' dir='ltr'>ueniant</span> <span class='ocrx_word' id='word_1_238' title='bbox 1226 3293 1271 3346; x_wconf 92' lang='lat' dir='ltr'><strong><em>I</em></strong></span> <span class='ocrx_word' id='word_1_239' title='bbox 1406 3309 1439 3348; x_wconf 88' lang='lat' dir='ltr'>a</span> <span class='ocrx_word' id='word_1_240' title='bbox 1474 3308 1576 3346; x_wconf 88' lang='lat' dir='ltr'>om.</span> <span class='ocrx_word' id='word_1_241' title='bbox 1622 3291 1726 3361; x_wconf 79' lang='lat' dir='ltr'>QE</span> <span class='ocrx_word' id='word_1_242' title='bbox 1868 3290 2250 3360; x_wconf 85' lang='lat' dir='ltr'>dispargantur</span> <span class='ocrx_word' id='word_1_243' title='bbox 2287 3291 2326 3343; x_wconf 93' lang='lat' dir='ltr'><em>I</em></span> <span class='ocrx_word' id='word_1_244' title='bbox 2485 3288 2546 3342; x_wconf 86' lang='lat'>11</span> <span class='ocrx_word' id='word_1_245' title='bbox 2589 3289 2710 3356; x_wconf 83' lang='lat' dir='ltr'>nec]</span> 
     </span>
     <span class='ocr_line' id='line_1_27' title="bbox 413 3375 2714 3454; baseline -0.003 -19"><span class='ocrx_word' id='word_1_246' title='bbox 413 3382 517 3454; x_wconf 65' lang='lat' dir='ltr'>hec</span> <span class='ocrx_word' id='word_1_247' title='bbox 552 3381 619 3435; x_wconf 87' lang='lat' dir='ltr'><em>H</em></span> <span class='ocrx_word' id='word_1_248' title='bbox 756 3381 859 3436; x_wconf 88' lang='lat' dir='ltr'>hoc</span> <span class='ocrx_word' id='word_1_249' title='bbox 895 3397 997 3436; x_wconf 89' lang='lat' dir='ltr'>om.</span> <span class='ocrx_word' id='word_1_250' title='bbox 1042 3380 1149 3451; x_wconf 63' lang='grc' dir='ltr'>ΟΕ</span> <span class='ocrx_word' id='word_1_251' title='bbox 1286 3381 1485 3436; x_wconf 89' lang='lat' dir='ltr'>uellem</span> <span class='ocrx_word' id='word_1_252' title='bbox 1516 3385 1591 3446; x_wconf 91' lang='lat' dir='ltr'>(m</span> <span class='ocrx_word' id='word_1_253' title='bbox 1621 3379 1764 3451; x_wconf 68' lang='lat' dir='ltr'>exp.)</span> <span class='ocrx_word' id='word_1_254' title='bbox 1800 3379 1847 3450; x_wconf 75' lang='lat' dir='ltr'><em>Q</em></span> <span class='ocrx_word' id='word_1_255' title='bbox 1956 3379 2022 3434; x_wconf 87' lang='lat'>13</span> <span class='ocrx_word' id='word_1_256' title='bbox 2061 3395 2248 3433; x_wconf 86' lang='lat' dir='ltr'>uerum</span> <span class='ocrx_word' id='word_1_257' title='bbox 2287 3377 2452 3432; x_wconf 82' lang='lat' dir='ltr'>etiam</span> <span class='ocrx_word' id='word_1_258' title='bbox 2486 3375 2714 3430; x_wconf 78' lang='lat' dir='ltr'>libertas</span> 
     </span>
     <span class='ocr_line' id='line_1_28' title="bbox 411 3465 2720 3534; baseline -0.003 -10"><span class='ocrx_word' id='word_1_259' title='bbox 411 3487 516 3524; x_wconf 87' lang='lat' dir='ltr'>om.</span> <span class='ocrx_word' id='word_1_260' title='bbox 557 3473 607 3523; x_wconf 84' lang='lat' dir='ltr'><strong><em>A</em></strong></span> <span class='ocrx_word' id='word_1_261' title='bbox 774 3471 1045 3524; x_wconf 85' lang='lat' dir='ltr'>amicitiae</span> <span class='ocrx_word' id='word_1_262' title='bbox 1085 3469 1307 3524; x_wconf 86' lang='lat' dir='ltr'>libertas</span> <span class='ocrx_word' id='word_1_263' title='bbox 1346 3469 1401 3524; x_wconf 86' lang='lat' dir='ltr'><em>R</em></span> <span class='ocrx_word' id='word_1_264' title='bbox 1586 3470 1652 3523; x_wconf 83' lang='lat'>14</span> <span class='ocrx_word' id='word_1_265' title='bbox 1689 3471 1874 3523; x_wconf 84' lang='lat' dir='ltr'>taceas</span> <span class='ocrx_word' id='word_1_266' title='bbox 1913 3484 2002 3524; x_wconf 85' lang='lat' dir='ltr'>eas</span> <span class='ocrx_word' id='word_1_267' title='bbox 2039 3467 2130 3522; x_wconf 85' lang='lat' dir='ltr'>uel</span> <span class='ocrx_word' id='word_1_268' title='bbox 2168 3468 2209 3520; x_wconf 95' lang='grc' dir='ltr'><strong><em>Ι</em></strong></span> <span class='ocrx_word' id='word_1_269' title='bbox 2373 3466 2428 3519; x_wconf 85' lang='lat' dir='ltr'>iu</span> <span class='ocrx_word' id='word_1_270' title='bbox 2465 3479 2568 3522; x_wconf 85' lang='lat' dir='ltr'>om.</span> <span class='ocrx_word' id='word_1_271' title='bbox 2613 3465 2720 3534; x_wconf 63' lang='grc' dir='ltr'>ΟΕ</span> 
     </span>
     <span class='ocr_line' id='line_1_29' title="bbox 419 3551 2715 3630; baseline -0.004 -16"><span class='ocrx_word' id='word_1_272' title='bbox 419 3561 483 3614; x_wconf 79' lang='grc'>15</span> <span class='ocrx_word' id='word_1_273' title='bbox 520 3559 707 3614; x_wconf 87' lang='lat' dir='ltr'>mobet</span> <span class='ocrx_word' id='word_1_274' title='bbox 744 3559 847 3612; x_wconf 86' lang='lat' dir='ltr'>HI</span> <span class='ocrx_word' id='word_1_275' title='bbox 948 3577 1053 3630; x_wconf 87' lang='lat' dir='ltr'>quo</span> <span class='ocrx_word' id='word_1_276' title='bbox 1096 3561 1145 3612; x_wconf 79' lang='lat' dir='ltr'><strong><em>A</em></strong></span> <span class='ocrx_word' id='word_1_277' title='bbox 1233 3559 1297 3614; x_wconf 90' lang='lat'>16</span> <span class='ocrx_word' id='word_1_278' title='bbox 1338 3557 1587 3630; x_wconf 88' lang='lat' dir='ltr'>dispicet,</span> <span class='ocrx_word' id='word_1_279' title='bbox 1629 3561 1759 3612; x_wconf 82' lang='lat' dir='ltr'>m.2</span> <span class='ocrx_word' id='word_1_280' title='bbox 1796 3557 2052 3626; x_wconf 86' lang='lat' dir='ltr'>displicet</span> <span class='ocrx_word' id='word_1_281' title='bbox 2085 3551 2142 3612; x_wconf 82' lang='lat' dir='ltr'><em>R</em></span> <span class='ocrx_word' id='word_1_282' title='bbox 2181 3555 2468 3625; x_wconf 85' lang='lat' dir='ltr'>displiceat</span> <span class='ocrx_word' id='word_1_283' title='bbox 2505 3555 2564 3607; x_wconf 84' lang='lat' dir='ltr'><strong><em>E</em></strong></span> <span class='ocrx_word' id='word_1_284' title='bbox 2669 3555 2715 3606; x_wconf 82' lang='lat' dir='ltr'>si</span> 
     </span>
     <span class='ocr_line' id='line_1_30' title="bbox 414 3636 2714 3724; baseline -0.004 -22"><span class='ocrx_word' id='word_1_285' title='bbox 414 3649 579 3724; x_wconf 77' lang='lat' dir='ltr'>iuter]</span> <span class='ocrx_word' id='word_1_286' title='bbox 629 3636 743 3704; x_wconf 74' lang='lat' dir='ltr'>sint</span> <span class='ocrx_word' id='word_1_287' title='bbox 780 3649 853 3703; x_wconf 87' lang='lat' dir='ltr'><em>M</em></span> <span class='ocrx_word' id='word_1_288' title='bbox 959 3649 1023 3703; x_wconf 86' lang='lat'>17</span> <span class='ocrx_word' id='word_1_289' title='bbox 1074 3647 1383 3702; x_wconf 83' lang='lat' dir='ltr'>dilectionis</span> <span class='ocrx_word' id='word_1_290' title='bbox 1421 3647 1508 3702; x_wconf 88' lang='lat' dir='ltr'>his</span> <span class='ocrx_word' id='word_1_291' title='bbox 1546 3646 1852 3718; x_wconf 85' lang='lat' dir='ltr'>perniciosa</span> <span class='ocrx_word' id='word_1_292' title='bbox 1887 3645 1954 3700; x_wconf 89' lang='lat' dir='ltr'><strong><em>H</em></strong></span> <span class='ocrx_word' id='word_1_293' title='bbox 2087 3645 2406 3714; x_wconf 86' lang='lat' dir='ltr'>perniciosa,</span> <span class='ocrx_word' id='word_1_294' title='bbox 2443 3643 2506 3696; x_wconf 74' lang='lat' dir='ltr'>in</span> <span class='ocrx_word' id='word_1_295' title='bbox 2541 3659 2714 3710; x_wconf 63' lang='lat' dir='ltr'>’nav-9.</span> 
     </span>
     <span class='ocr_line' id='line_1_31' title="bbox 414 3734 2717 3807; baseline -0.004 -15"><span class='ocrx_word' id='word_1_296' title='bbox 414 3738 573 3793; x_wconf 88' lang='lat' dir='ltr'>ualde</span> <span class='ocrx_word' id='word_1_297' title='bbox 610 3739 806 3793; x_wconf 84' lang='lat' dir='ltr'>nociba</span> <span class='ocrx_word' id='word_1_298' title='bbox 844 3741 879 3793; x_wconf 89' lang='lat'><em>1</em></span> <span class='ocrx_word' id='word_1_299' title='bbox 1001 3737 1066 3792; x_wconf 91' lang='grc'>18</span> <span class='ocrx_word' id='word_1_300' title='bbox 1106 3736 1291 3791; x_wconf 88' lang='lat' dir='ltr'>uellim</span> <span class='ocrx_word' id='word_1_301' title='bbox 1336 3737 1381 3807; x_wconf 79' lang='lat' dir='ltr'><em>Q</em></span> <span class='ocrx_word' id='word_1_302' title='bbox 1512 3738 1576 3791; x_wconf 90' lang='grc'>19</span> <span class='ocrx_word' id='word_1_303' title='bbox 1615 3736 1807 3790; x_wconf 87' lang='lat' dir='ltr'>melior</span> <span class='ocrx_word' id='word_1_304' title='bbox 1845 3735 1904 3788; x_wconf 81' lang='grc' dir='ltr'><em>Ε</em></span> <span class='ocrx_word' id='word_1_305' title='bbox 1936 3734 2056 3790; x_wconf 82' lang='lat' dir='ltr'>edd.</span> <span class='ocrx_word' id='word_1_306' title='bbox 2088 3739 2384 3804; x_wconf 71' lang='lat' dir='ltr'>praeteria</span> <span class='ocrx_word' id='word_1_307' title='bbox 2529 3747 2717 3800; x_wconf 86' lang='lat' dir='ltr'>quam-</span> 
     </span>
     <span class='ocr_line' id='line_1_32' title="bbox 414 3828 680 3898; baseline -0.004 -16"><span class='ocrx_word' id='word_1_308' title='bbox 414 3844 575 3898; x_wconf 86' lang='lat' dir='ltr'>quam</span> <span class='ocrx_word' id='word_1_309' title='bbox 611 3828 680 3881; x_wconf 87' lang='grc' dir='ltr'><em>Η</em></span> 
     </span>
    </p>
   </div>
  </div>
 </body>
</html>
