<?xml version="1.0" encoding="UTF-8"?>
<!DOCTYPE html PUBLIC "-//W3C//DTD XHTML 1.0 Transitional//EN"
    "http://www.w3.org/TR/xhtml1/DTD/xhtml1-transitional.dtd">
<html xmlns="http://www.w3.org/1999/xhtml" xml:lang="en" lang="en">
 <head>
  <title>
</title>
<meta http-equiv="Content-Type" content="text/html;charset=utf-8" />
  <meta name='ocr-system' content='tesseract 3.04.00' />
  <meta name='ocr-capabilities' content='ocr_page ocr_carea ocr_par ocr_line ocrx_word'/>
</head>
<body>
  <div class='ocr_page' id='page_1' title='image "./corpusscriptoru26wiengoog_0644.png"; bbox 0 0 3184 4959; ppageno 0'>
   <div class='ocr_carea' id='block_1_1' title="bbox 548 443 2172 518">
    <p class='ocr_par' dir='ltr' id='par_1_1' title="bbox 548 443 2172 518">
     <span class='ocr_line' id='line_1_1' title="bbox 548 443 2172 518; baseline -0.007 -8"><span class='ocrx_word' id='word_1_1' title='bbox 548 447 676 510; x_wconf 87' lang='grc'><strong>628</strong></span> <span class='ocrx_word' id='word_1_2' title='bbox 913 511 920 518; x_wconf 48' lang='lat'>‚</span> <span class='ocrx_word' id='word_1_3' title='bbox 1297 445 1348 498; x_wconf 90' lang='lat' dir='ltr'><strong>S.</strong></span> <span class='ocrx_word' id='word_1_4' title='bbox 1407 444 1679 498; x_wconf 81' lang='lat' dir='ltr'><strong>Aureli</strong></span> <span class='ocrx_word' id='word_1_5' title='bbox 1736 443 2172 514; x_wconf 74' lang='lat' dir='ltr'><strong>Augustini</strong></span> 
     </span>
    </p>
   </div>
   <div class='ocr_carea' id='block_1_2' title="bbox 451 636 2951 3388">
    <p class='ocr_par' dir='ltr' id='par_1_2' title="bbox 547 636 2947 2534">
     <span class='ocr_line' id='line_1_2' title="bbox 551 636 2847 724; baseline 0 -22"><span class='ocrx_word' id='word_1_6' title='bbox 551 637 901 714; x_wconf 85' lang='lat' dir='ltr'><strong>concordia,</strong></span> <span class='ocrx_word' id='word_1_7' title='bbox 941 636 1182 701; x_wconf 89' lang='lat' dir='ltr'><strong>sidens</strong></span> <span class='ocrx_word' id='word_1_8' title='bbox 1212 637 1511 702; x_wconf 86' lang='lat' dir='ltr'><strong>adiuuare</strong></span> <span class='ocrx_word' id='word_1_9' title='bbox 1541 639 1607 702; x_wconf 84' lang='lat' dir='ltr'><strong>et</strong></span> <span class='ocrx_word' id='word_1_10' title='bbox 1632 638 1818 702; x_wconf 85' lang='lat' dir='ltr'><strong>uobis</strong></span> <span class='ocrx_word' id='word_1_11' title='bbox 1856 638 2183 721; x_wconf 84' lang='lat' dir='ltr'><strong>pacificam</strong></span> <span class='ocrx_word' id='word_1_12' title='bbox 2224 643 2503 704; x_wconf 77' lang='lat' dir='ltr'><strong>mentem</strong></span> <span class='ocrx_word' id='word_1_13' title='bbox 2541 639 2847 724; x_wconf 86' lang='lat' dir='ltr'><strong>inspirare</strong></span> 
     </span>
     <span class='ocr_line' id='line_1_3' title="bbox 552 743 2844 829; baseline 0.001 -21"><span class='ocrx_word' id='word_1_14' title='bbox 552 743 866 828; x_wconf 76' lang='lat' dir='ltr'><strong>dignetur.</strong></span> <span class='ocrx_word' id='word_1_15' title='bbox 915 763 1057 808; x_wconf 87' lang='lat' dir='ltr'><strong>nam</strong></span> <span class='ocrx_word' id='word_1_16' title='bbox 1101 747 1166 808; x_wconf 86' lang='lat' dir='ltr'><strong>et</strong></span> <span class='ocrx_word' id='word_1_17' title='bbox 1209 744 1390 820; x_wconf 82' lang='lat' dir='ltr'><strong>illud,</strong></span> <span class='ocrx_word' id='word_1_18' title='bbox 1443 744 1612 827; x_wconf 89' lang='lat' dir='ltr'><strong>quod</strong></span> <span class='ocrx_word' id='word_1_19' title='bbox 1651 749 1869 808; x_wconf 88' lang='lat' dir='ltr'><strong>contra</strong></span> <span class='ocrx_word' id='word_1_20' title='bbox 1912 765 2027 809; x_wconf 88' lang='lat' dir='ltr'><strong>nos</strong></span> <span class='ocrx_word' id='word_1_21' title='bbox 2068 765 2105 809; x_wconf 88' lang='lat' dir='ltr'><strong>a</strong></span> <span class='ocrx_word' id='word_1_22' title='bbox 2152 750 2367 810; x_wconf 87' lang='lat' dir='ltr'><strong>uestra</strong></span> <span class='ocrx_word' id='word_1_23' title='bbox 2411 751 2589 829; x_wconf 85' lang='lat' dir='ltr'><strong>parte</strong></span> <span class='ocrx_word' id='word_1_24' title='bbox 2636 746 2844 829; x_wconf 85' lang='lat' dir='ltr'><strong>magis</strong></span> 
     </span>
     <span class='ocr_line' id='line_1_4' title="bbox 551 849 2845 936; baseline 0 -20"><span class='ocrx_word' id='word_1_25' title='bbox 551 871 656 916; x_wconf 88' lang='lat' dir='ltr'><strong>ore</strong></span> <span class='ocrx_word' id='word_1_26' title='bbox 728 849 1038 916; x_wconf 89' lang='lat' dir='ltr'><strong>maledico</strong></span> <span class='ocrx_word' id='word_1_27' title='bbox 1105 871 1292 934; x_wconf 85' lang='lat' dir='ltr'><strong>quam</strong></span> <span class='ocrx_word' id='word_1_28' title='bbox 1369 851 1647 916; x_wconf 88' lang='lat' dir='ltr'><strong>ueridico</strong></span> <span class='ocrx_word' id='word_1_29' title='bbox 1728 853 1894 916; x_wconf 86' lang='lat' dir='ltr'><strong>solet</strong></span> <span class='ocrx_word' id='word_1_30' title='bbox 1957 851 2109 916; x_wconf 89' lang='lat' dir='ltr'><strong>dici:</strong></span> <span class='ocrx_word' id='word_1_31' title='bbox 2176 852 2523 917; x_wconf 88' lang='lat' dir='ltr'><strong>Veloces</strong></span> <span class='ocrx_word' id='word_1_32' title='bbox 2596 853 2845 936; x_wconf 88' lang='lat' dir='ltr'><strong>pedes</strong></span> 
     </span>
     <span class='ocr_line' id='line_1_5' title="bbox 553 957 2847 1043; baseline 0 -21"><span class='ocrx_word' id='word_1_33' title='bbox 553 977 822 1024; x_wconf 89' lang='lat' dir='ltr'><strong>eorum</strong></span> <span class='ocrx_word' id='word_1_34' title='bbox 889 957 980 1022; x_wconf 86' lang='lat' dir='ltr'><strong>ad</strong></span> <span class='ocrx_word' id='word_1_35' title='bbox 1046 957 1627 1023; x_wconf 82' lang='lat' dir='ltr'><strong>effundendum</strong></span> <span class='ocrx_word' id='word_1_36' title='bbox 1694 959 2192 1042; x_wconf 83' lang='lat' dir='ltr'><strong>sanguinem,</strong></span> <span class='ocrx_word' id='word_1_37' title='bbox 2257 978 2373 1025; x_wconf 90' lang='lat' dir='ltr'><strong>nos</strong></span> <span class='ocrx_word' id='word_1_38' title='bbox 2439 961 2656 1043; x_wconf 87' lang='lat' dir='ltr'><strong>potius</strong></span> <span class='ocrx_word' id='word_1_39' title='bbox 2717 960 2847 1024; x_wconf 89' lang='lat' dir='ltr'><strong>ista</strong></span> 
     </span>
     <span class='ocr_line' id='line_1_6' title="bbox 547 1064 2940 1149; baseline -0 -19"><span class='ocrx_word' id='word_1_40' title='bbox 547 1066 610 1130; x_wconf 90' lang='lat' dir='ltr'><strong>in</strong></span> <span class='ocrx_word' id='word_1_41' title='bbox 657 1066 854 1131; x_wconf 84' lang='lat' dir='ltr'><strong>tantis</strong></span> <span class='ocrx_word' id='word_1_42' title='bbox 899 1065 1247 1130; x_wconf 76' lang='lat' dir='ltr'><strong>latrociniis</strong></span> <span class='ocrx_word' id='word_1_43' title='bbox 1297 1064 1890 1130; x_wconf 79' lang='lat' dir='ltr'><strong>circumcellionum</strong></span> <span class='ocrx_word' id='word_1_44' title='bbox 1940 1066 2441 1149; x_wconf 83' lang='lat' dir='ltr'><strong>clericorumque</strong></span> <span class='ocrx_word' id='word_1_45' title='bbox 2487 1070 2847 1132; x_wconf 85' lang='lat' dir='ltr'><strong>uestrorum</strong></span> <span class='ocrx_word' id='word_1_46' title='bbox 2910 1089 2940 1129; x_wconf 83' lang='lat'>⁵</span> 
     </span>
     <span class='ocr_line' id='line_1_7' title="bbox 553 1172 2850 1255; baseline 0 -17"><span class='ocrx_word' id='word_1_47' title='bbox 553 1172 788 1254; x_wconf 82' lang='lat' dir='ltr'><strong>experti</strong></span> <span class='ocrx_word' id='word_1_48' title='bbox 863 1191 1107 1246; x_wconf 91' lang='lat' dir='ltr'><strong>sumus,</strong></span> <span class='ocrx_word' id='word_1_49' title='bbox 1191 1173 1301 1252; x_wconf 90' lang='lat' dir='ltr'><strong>qui</strong></span> <span class='ocrx_word' id='word_1_50' title='bbox 1375 1173 1743 1255; x_wconf 82' lang='lat' dir='ltr'><strong>corporibus</strong></span> <span class='ocrx_word' id='word_1_51' title='bbox 1818 1173 2111 1238; x_wconf 89' lang='lat' dir='ltr'><strong>humanis</strong></span> <span class='ocrx_word' id='word_1_52' title='bbox 2188 1174 2377 1238; x_wconf 85' lang='lat' dir='ltr'><strong>caede</strong></span> <span class='ocrx_word' id='word_1_53' title='bbox 2450 1175 2850 1239; x_wconf 84' lang='lat' dir='ltr'><strong>atrocissima</strong></span> 
     </span>
     <span class='ocr_line' id='line_1_8' title="bbox 550 1279 2847 1363; baseline 0.001 -21"><span class='ocrx_word' id='word_1_54' title='bbox 550 1279 807 1344; x_wconf 87' lang='lat' dir='ltr'><strong>laniatis</strong></span> <span class='ocrx_word' id='word_1_55' title='bbox 879 1282 981 1344; x_wconf 85' lang='lat' dir='ltr'><strong>tot</strong></span> <span class='ocrx_word' id='word_1_56' title='bbox 1050 1280 1193 1344; x_wconf 89' lang='lat' dir='ltr'><strong>loca</strong></span> <span class='ocrx_word' id='word_1_57' title='bbox 1263 1282 1624 1343; x_wconf 89' lang='lat' dir='ltr'><strong>nostrorum</strong></span> <span class='ocrx_word' id='word_1_58' title='bbox 1701 1280 2007 1363; x_wconf 85' lang='lat' dir='ltr'><strong>sanguine</strong></span> <span class='ocrx_word' id='word_1_59' title='bbox 2078 1283 2504 1359; x_wconf 76' lang='lat' dir='ltr'><strong>cruentarunt,</strong></span> <span class='ocrx_word' id='word_1_60' title='bbox 2580 1300 2847 1363; x_wconf 90' lang='lat' dir='ltr'><strong>quorum</strong></span> 
     </span>
     <span class='ocr_line' id='line_1_9' title="bbox 553 1385 2847 1470; baseline 0.001 -20"><span class='ocrx_word' id='word_1_61' title='bbox 553 1387 766 1464; x_wconf 88' lang='lat' dir='ltr'><strong>duces,</strong></span> <span class='ocrx_word' id='word_1_62' title='bbox 817 1385 1065 1469; x_wconf 88' lang='lat' dir='ltr'><strong>quando</strong></span> <span class='ocrx_word' id='word_1_63' title='bbox 1113 1389 1176 1450; x_wconf 88' lang='lat' dir='ltr'><strong>te</strong></span> <span class='ocrx_word' id='word_1_64' title='bbox 1223 1385 1679 1469; x_wconf 86' lang='lat' dir='ltr'><strong>ingredientem</strong></span> <span class='ocrx_word' id='word_1_65' title='bbox 1724 1387 1787 1450; x_wconf 90' lang='lat' dir='ltr'><strong>in</strong></span> <span class='ocrx_word' id='word_1_66' title='bbox 1837 1386 1953 1450; x_wconf 86' lang='lat' dir='ltr'><strong>hac</strong></span> <span class='ocrx_word' id='word_1_67' title='bbox 2001 1387 2206 1470; x_wconf 86' lang='lat' dir='ltr'><strong>patria</strong></span> <span class='ocrx_word' id='word_1_68' title='bbox 2250 1405 2397 1451; x_wconf 89' lang='lat' dir='ltr'><strong>cum</strong></span> <span class='ocrx_word' id='word_1_69' title='bbox 2446 1387 2581 1451; x_wconf 89' lang='lat' dir='ltr'><strong>suis</strong></span> <span class='ocrx_word' id='word_1_70' title='bbox 2628 1388 2847 1452; x_wconf 88' lang='lat' dir='ltr'><strong>cuneis</strong></span> 
     </span>
     <span class='ocr_line' id='line_1_10' title="bbox 553 1492 2849 1576; baseline 0.001 -20"><span class='ocrx_word' id='word_1_71' title='bbox 553 1493 964 1570; x_wconf 82' lang='lat' dir='ltr'><strong>deduxerunt,</strong></span> <span class='ocrx_word' id='word_1_72' title='bbox 1014 1492 1130 1557; x_wconf 91' lang='lat' dir='ltr'><strong>deo</strong></span> <span class='ocrx_word' id='word_1_73' title='bbox 1175 1492 1398 1556; x_wconf 88' lang='lat' dir='ltr'><strong>laudes</strong></span> <span class='ocrx_word' id='word_1_74' title='bbox 1446 1494 1611 1558; x_wconf 89' lang='lat' dir='ltr'><strong>inter</strong></span> <span class='ocrx_word' id='word_1_75' title='bbox 1650 1493 1889 1558; x_wconf 83' lang='lat' dir='ltr'><strong>cantica</strong></span> <span class='ocrx_word' id='word_1_76' title='bbox 1938 1493 2403 1559; x_wconf 83' lang='lat' dir='ltr'><strong>conclamantes</strong></span> <span class='ocrx_word' id='word_1_77' title='bbox 2450 1513 2609 1576; x_wconf 89' lang='lat' dir='ltr'><strong>quas</strong></span> <span class='ocrx_word' id='word_1_78' title='bbox 2652 1513 2849 1559; x_wconf 85' lang='lat' dir='ltr'><strong>uoces</strong></span> 
     </span>
     <span class='ocr_line' id='line_1_11' title="bbox 551 1599 2945 1682; baseline -0.001 -17"><span class='ocrx_word' id='word_1_79' title='bbox 551 1599 736 1666; x_wconf 87' lang='lat' dir='ltr'><strong>uelut</strong></span> <span class='ocrx_word' id='word_1_80' title='bbox 769 1600 960 1663; x_wconf 86' lang='lat' dir='ltr'><strong>tubas</strong></span> <span class='ocrx_word' id='word_1_81' title='bbox 1007 1599 1386 1682; x_wconf 84' lang='lat' dir='ltr'><strong>praeliorum</strong></span> <span class='ocrx_word' id='word_1_82' title='bbox 1435 1600 1497 1663; x_wconf 90' lang='lat' dir='ltr'><strong>in</strong></span> <span class='ocrx_word' id='word_1_83' title='bbox 1549 1600 1684 1664; x_wconf 91' lang='lat' dir='ltr'><strong>suis</strong></span> <span class='ocrx_word' id='word_1_84' title='bbox 1725 1599 2019 1664; x_wconf 88' lang='lat' dir='ltr'><strong>omnibus</strong></span> <span class='ocrx_word' id='word_1_85' title='bbox 2066 1600 2413 1665; x_wconf 86' lang='lat' dir='ltr'><strong>latrociniis</strong></span> <span class='ocrx_word' id='word_1_86' title='bbox 2459 1600 2847 1665; x_wconf 85' lang='lat' dir='ltr'><strong>habuerunt!</strong></span> <span class='ocrx_word' id='word_1_87' title='bbox 2885 1624 2945 1662; x_wconf 85' lang='grc' dir='ltr'><strong>ιο</strong></span> 
     </span>
     <span class='ocr_line' id='line_1_12' title="bbox 555 1705 2847 1784; baseline -0 -12"><span class='ocrx_word' id='word_1_88' title='bbox 555 1707 678 1772; x_wconf 87' lang='lat' dir='ltr'><strong>alio</strong></span> <span class='ocrx_word' id='word_1_89' title='bbox 724 1710 936 1771; x_wconf 85' lang='lat' dir='ltr'><strong>tamen</strong></span> <span class='ocrx_word' id='word_1_90' title='bbox 976 1705 1077 1769; x_wconf 90' lang='lat' dir='ltr'><strong>die</strong></span> <span class='ocrx_word' id='word_1_91' title='bbox 1116 1705 1410 1770; x_wconf 84' lang='lat' dir='ltr'><strong>concussi</strong></span> <span class='ocrx_word' id='word_1_92' title='bbox 1449 1723 1521 1770; x_wconf 90' lang='lat' dir='ltr'><strong>ac</strong></span> <span class='ocrx_word' id='word_1_93' title='bbox 1560 1706 1871 1770; x_wconf 86' lang='lat' dir='ltr'><strong>stimulati</strong></span> <span class='ocrx_word' id='word_1_94' title='bbox 1912 1706 2150 1771; x_wconf 84' lang='lat' dir='ltr'><strong>aculeis</strong></span> <span class='ocrx_word' id='word_1_95' title='bbox 2190 1707 2531 1771; x_wconf 88' lang='lat' dir='ltr'><strong>uerborum</strong></span> <span class='ocrx_word' id='word_1_96' title='bbox 2567 1715 2847 1784; x_wconf 85' lang='lat' dir='ltr'><strong>tuorum,</strong></span> 
     </span>
     <span class='ocr_line' id='line_1_13' title="bbox 554 1812 2851 1898; baseline -0 -20"><span class='ocrx_word' id='word_1_97' title='bbox 554 1833 718 1896; x_wconf 86' lang='lat' dir='ltr'><strong>quae</strong></span> <span class='ocrx_word' id='word_1_98' title='bbox 777 1814 844 1876; x_wconf 90' lang='lat' dir='ltr'><strong>in</strong></span> <span class='ocrx_word' id='word_1_99' title='bbox 910 1831 1018 1877; x_wconf 91' lang='lat' dir='ltr'><strong>eos</strong></span> <span class='ocrx_word' id='word_1_100' title='bbox 1093 1831 1204 1896; x_wconf 91' lang='lat' dir='ltr'><strong>per</strong></span> <span class='ocrx_word' id='word_1_101' title='bbox 1266 1812 1582 1878; x_wconf 88' lang='lat' dir='ltr'><strong>Punicum</strong></span> <span class='ocrx_word' id='word_1_102' title='bbox 1646 1814 2051 1897; x_wconf 86' lang='lat' dir='ltr'><strong>interpretem</strong></span> <span class='ocrx_word' id='word_1_103' title='bbox 2117 1814 2385 1878; x_wconf 83' lang='lat' dir='ltr'><strong>honesta</strong></span> <span class='ocrx_word' id='word_1_104' title='bbox 2450 1817 2515 1878; x_wconf 90' lang='lat' dir='ltr'><strong>et</strong></span> <span class='ocrx_word' id='word_1_105' title='bbox 2575 1813 2851 1898; x_wconf 84' lang='lat' dir='ltr'><strong>ingenua</strong></span> 
     </span>
     <span class='ocr_line' id='line_1_14' title="bbox 553 1918 2849 2002; baseline 0 -18"><span class='ocrx_word' id='word_1_106' title='bbox 553 1920 872 1985; x_wconf 79' lang='lat' dir='ltr'><strong>liberta-tis</strong></span> <span class='ocrx_word' id='word_1_107' title='bbox 911 1918 1345 2002; x_wconf 85' lang='lat' dir='ltr'><strong>indignatione</strong></span> <span class='ocrx_word' id='word_1_108' title='bbox 1381 1920 1699 1984; x_wconf 87' lang='lat' dir='ltr'><strong>iaculatus</strong></span> <span class='ocrx_word' id='word_1_109' title='bbox 1731 1939 1797 1984; x_wconf 91' lang='lat' dir='ltr'><strong>es</strong></span> <span class='ocrx_word' id='word_1_110' title='bbox 1826 1918 2014 1984; x_wconf 88' lang='lat' dir='ltr'><strong>factis</strong></span> <span class='ocrx_word' id='word_1_111' title='bbox 2044 1939 2262 1985; x_wconf 86' lang='lat' dir='ltr'><strong>eorum</strong></span> <span class='ocrx_word' id='word_1_112' title='bbox 2298 1920 2595 1985; x_wconf 83' lang='lat' dir='ltr'><strong>inritatus</strong></span> <span class='ocrx_word' id='word_1_113' title='bbox 2632 1921 2849 2002; x_wconf 85' lang='lat' dir='ltr'><strong>potius</strong></span> 
     </span>
     <span class='ocr_line' id='line_1_15' title="bbox 557 2025 2853 2110; baseline 0 -19"><span class='ocrx_word' id='word_1_114' title='bbox 557 2045 742 2109; x_wconf 87' lang='lat' dir='ltr'><strong>quarn</strong></span> <span class='ocrx_word' id='word_1_115' title='bbox 801 2025 1154 2091; x_wconf 85' lang='lat' dir='ltr'><strong>delectatus</strong></span> <span class='ocrx_word' id='word_1_116' title='bbox 1211 2025 1556 2107; x_wconf 80' lang='lat' dir='ltr'><strong>obsequiiS,</strong></span> <span class='ocrx_word' id='word_1_117' title='bbox 1615 2044 1683 2090; x_wconf 91' lang='lat' dir='ltr'><strong>se</strong></span> <span class='ocrx_word' id='word_1_118' title='bbox 1732 2025 1808 2088; x_wconf 90' lang='lat' dir='ltr'><strong>de</strong></span> <span class='ocrx_word' id='word_1_119' title='bbox 1862 2025 2071 2090; x_wconf 87' lang='lat' dir='ltr'><strong>media</strong></span> <span class='ocrx_word' id='word_1_120' title='bbox 2116 2026 2624 2110; x_wconf 84' lang='lat' dir='ltr'><strong>congregatione,</strong></span> <span class='ocrx_word' id='word_1_121' title='bbox 2682 2026 2853 2091; x_wconf 84' lang='lat' dir='ltr'><strong>sicut</strong></span> 
     </span>
     <span class='ocr_line' id='line_1_16' title="bbox 555 2132 2947 2214; baseline -0.001 -16"><span class='ocrx_word' id='word_1_122' title='bbox 555 2133 632 2198; x_wconf 86' lang='lat' dir='ltr'><strong>ab</strong></span> <span class='ocrx_word' id='word_1_123' title='bbox 683 2133 796 2211; x_wconf 82' lang='lat' dir='ltr'><strong>eis,</strong></span> <span class='ocrx_word' id='word_1_124' title='bbox 854 2132 963 2214; x_wconf 91' lang='lat' dir='ltr'><strong>qui</strong></span> <span class='ocrx_word' id='word_1_125' title='bbox 1020 2132 1295 2208; x_wconf 84' lang='lat' dir='ltr'><strong>aderant,</strong></span> <span class='ocrx_word' id='word_1_126' title='bbox 1353 2132 1751 2196; x_wconf 87' lang='lat' dir='ltr'><strong>narrantibus</strong></span> <span class='ocrx_word' id='word_1_127' title='bbox 1809 2132 2025 2196; x_wconf 87' lang='lat' dir='ltr'><strong>audire</strong></span> <span class='ocrx_word' id='word_1_128' title='bbox 2080 2133 2431 2214; x_wconf 75' lang='lat' dir='ltr'><strong>potuimuS,</strong></span> <span class='ocrx_word' id='word_1_129' title='bbox 2488 2132 2848 2197; x_wconf 88' lang='lat' dir='ltr'><strong>furibundis</strong></span> <span class='ocrx_word' id='word_1_130' title='bbox 2889 2159 2947 2196; x_wconf 70' lang='grc' dir='ltr'><strong>ιε</strong></span> 
     </span>
     <span class='ocr_line' id='line_1_17' title="bbox 553 2237 2851 2322; baseline -0.001 -17"><span class='ocrx_word' id='word_1_131' title='bbox 553 2239 837 2305; x_wconf 82' lang='lat' dir='ltr'><strong>motibus</strong></span> <span class='ocrx_word' id='word_1_132' title='bbox 863 2241 1210 2320; x_wconf 89' lang='lat' dir='ltr'><strong>rapuerunt</strong></span> <span class='ocrx_word' id='word_1_133' title='bbox 1237 2257 1352 2303; x_wconf 89' lang='lat' dir='ltr'><strong>nec</strong></span> <span class='ocrx_word' id='word_1_134' title='bbox 1379 2243 1529 2321; x_wconf 85' lang='lat' dir='ltr'><strong>post</strong></span> <span class='ocrx_word' id='word_1_135' title='bbox 1547 2257 1765 2302; x_wconf 87' lang='lat' dir='ltr'><strong>eorum</strong></span> <span class='ocrx_word' id='word_1_136' title='bbox 1794 2237 1987 2322; x_wconf 88' lang='lat' dir='ltr'><strong>pedes</strong></span> <span class='ocrx_word' id='word_1_137' title='bbox 2008 2239 2264 2304; x_wconf 89' lang='lat' dir='ltr'><strong>ueloces</strong></span> <span class='ocrx_word' id='word_1_138' title='bbox 2296 2238 2375 2302; x_wconf 86' lang='lat' dir='ltr'><strong>ad</strong></span> <span class='ocrx_word' id='word_1_139' title='bbox 2405 2238 2851 2304; x_wconf 87' lang='lat' dir='ltr'><strong>effundendum</strong></span> 
     </span>
     <span class='ocr_line' id='line_1_18' title="bbox 555 2345 2853 2429; baseline -0.001 -19"><span class='ocrx_word' id='word_1_140' title='bbox 555 2345 928 2429; x_wconf 87' lang='lat' dir='ltr'><strong>sanguinem</strong></span> <span class='ocrx_word' id='word_1_141' title='bbox 1002 2345 1134 2409; x_wconf 92' lang='lat' dir='ltr'><strong>ulla</strong></span> <span class='ocrx_word' id='word_1_142' title='bbox 1207 2363 1370 2426; x_wconf 85' lang='lat' dir='ltr'><strong>aqua</strong></span> <span class='ocrx_word' id='word_1_143' title='bbox 1439 2345 1806 2428; x_wconf 82' lang='lat' dir='ltr'><strong>pauimenta</strong></span> <span class='ocrx_word' id='word_1_144' title='bbox 1880 2345 2049 2410; x_wconf 88' lang='lat' dir='ltr'><strong>salsa</strong></span> <span class='ocrx_word' id='word_1_145' title='bbox 2110 2345 2386 2422; x_wconf 84' lang='lat' dir='ltr'><strong>lanistis,</strong></span> <span class='ocrx_word' id='word_1_146' title='bbox 2464 2345 2633 2429; x_wconf 90' lang='lat' dir='ltr'><strong>quod</strong></span> <span class='ocrx_word' id='word_1_147' title='bbox 2702 2353 2853 2427; x_wconf 85' lang='lat' dir='ltr'><strong>post</strong></span> 
     </span>
     <span class='ocr_line' id='line_1_19' title="bbox 554 2451 2265 2534; baseline 0 -18"><span class='ocrx_word' id='word_1_148' title='bbox 554 2459 808 2517; x_wconf 84' lang='lat' dir='ltr'><strong>nostros</strong></span> <span class='ocrx_word' id='word_1_149' title='bbox 859 2451 1072 2516; x_wconf 86' lang='lat' dir='ltr'><strong>clerici</strong></span> <span class='ocrx_word' id='word_1_150' title='bbox 1116 2452 1216 2515; x_wconf 88' lang='lat' dir='ltr'><strong>tui</strong></span> <span class='ocrx_word' id='word_1_151' title='bbox 1259 2455 1652 2534; x_wconf 87' lang='lat' dir='ltr'><strong>putauerunt</strong></span> <span class='ocrx_word' id='word_1_152' title='bbox 1697 2470 1840 2516; x_wconf 86' lang='lat' dir='ltr'><strong>esse</strong></span> <span class='ocrx_word' id='word_1_153' title='bbox 1886 2451 2265 2516; x_wconf 83' lang='lat' dir='ltr'><strong>faciendum.</strong></span> 
     </span>
    </p>

    <p class='ocr_par' dir='ltr' id='par_1_3' title="bbox 451 2552 2951 3388">
     <span class='ocr_line' id='line_1_20' title="bbox 451 2552 2851 2641; baseline -0.002 -17"><span class='ocrx_word' id='word_1_154' title='bbox 451 2552 534 2616; x_wconf 88' lang='lat'><strong>15</strong></span> <span class='ocrx_word' id='word_1_155' title='bbox 644 2559 788 2639; x_wconf 87' lang='lat' dir='ltr'><strong>Sed,</strong></span> <span class='ocrx_word' id='word_1_156' title='bbox 855 2562 927 2624; x_wconf 89' lang='lat' dir='ltr'><strong>ut</strong></span> <span class='ocrx_word' id='word_1_157' title='bbox 993 2557 1200 2622; x_wconf 87' lang='lat' dir='ltr'><strong>dicere</strong></span> <span class='ocrx_word' id='word_1_158' title='bbox 1258 2576 1607 2641; x_wconf 86' lang='lat' dir='ltr'><strong>coeperam,</strong></span> <span class='ocrx_word' id='word_1_159' title='bbox 1670 2558 1791 2623; x_wconf 91' lang='lat' dir='ltr'><strong>hoc</strong></span> <span class='ocrx_word' id='word_1_160' title='bbox 1848 2558 1923 2622; x_wconf 92' lang='lat' dir='ltr'><strong>de</strong></span> <span class='ocrx_word' id='word_1_161' title='bbox 1990 2558 2323 2641; x_wconf 87' lang='lat' dir='ltr'><strong>scripturis</strong></span> <span class='ocrx_word' id='word_1_162' title='bbox 2386 2558 2851 2634; x_wconf 88' lang='lat' dir='ltr'><strong>testimonium,</strong></span> 
     </span>
     <span class='ocr_line' id='line_1_21' title="bbox 557 2664 2951 2750; baseline -0.001 -20"><span class='ocrx_word' id='word_1_163' title='bbox 557 2666 722 2750; x_wconf 90' lang='lat' dir='ltr'><strong>quod</strong></span> <span class='ocrx_word' id='word_1_164' title='bbox 759 2667 824 2730; x_wconf 90' lang='lat' dir='ltr'><strong>in</strong></span> <span class='ocrx_word' id='word_1_165' title='bbox 863 2685 978 2732; x_wconf 88' lang='lat' dir='ltr'><strong>nos</strong></span> <span class='ocrx_word' id='word_1_166' title='bbox 1028 2664 1248 2730; x_wconf 85' lang='lat' dir='ltr'><strong>soletis</strong></span> <span class='ocrx_word' id='word_1_167' title='bbox 1286 2666 1492 2750; x_wconf 88' lang='lat' dir='ltr'><strong>magis</strong></span> <span class='ocrx_word' id='word_1_168' title='bbox 1530 2665 1943 2730; x_wconf 87' lang='lat' dir='ltr'><strong>conuiciando</strong></span> <span class='ocrx_word' id='word_1_169' title='bbox 1984 2685 2177 2748; x_wconf 90' lang='lat' dir='ltr'><strong>quam</strong></span> <span class='ocrx_word' id='word_1_170' title='bbox 2220 2665 2539 2749; x_wconf 88' lang='lat' dir='ltr'><strong>probando</strong></span> <span class='ocrx_word' id='word_1_171' title='bbox 2586 2665 2850 2730; x_wconf 84' lang='lat' dir='ltr'><strong>iactare:</strong></span> <span class='ocrx_word' id='word_1_172' title='bbox 2890 2691 2951 2729; x_wconf 70' lang='grc' dir='ltr'><strong>ιο</strong></span> 
     </span>
     <span class='ocr_line' id='line_1_22' title="bbox 559 2770 2850 2855; baseline -0.002 -19"><span class='ocrx_word' id='word_1_173' title='bbox 559 2771 908 2836; x_wconf 89' lang='lat' dir='ltr'><strong>Veloces</strong></span> <span class='ocrx_word' id='word_1_174' title='bbox 964 2771 1208 2853; x_wconf 92' lang='lat' dir='ltr'><strong>pedes</strong></span> <span class='ocrx_word' id='word_1_175' title='bbox 1259 2789 1528 2834; x_wconf 88' lang='lat' dir='ltr'><strong>eorum</strong></span> <span class='ocrx_word' id='word_1_176' title='bbox 1577 2770 1671 2835; x_wconf 89' lang='lat' dir='ltr'><strong>ad</strong></span> <span class='ocrx_word' id='word_1_177' title='bbox 1718 2770 2300 2836; x_wconf 86' lang='lat' dir='ltr'><strong>effundendum</strong></span> <span class='ocrx_word' id='word_1_178' title='bbox 2352 2770 2850 2855; x_wconf 81' lang='lat' dir='ltr'><strong>sanguinem,</strong></span> 
     </span>
     <span class='ocr_line' id='line_1_23' title="bbox 557 2877 2853 2960; baseline -0.001 -18"><span class='ocrx_word' id='word_1_179' title='bbox 557 2879 748 2943; x_wconf 88' lang='lat' dir='ltr'><strong>etiam</strong></span> <span class='ocrx_word' id='word_1_180' title='bbox 795 2881 856 2943; x_wconf 90' lang='lat' dir='ltr'><strong>in</strong></span> <span class='ocrx_word' id='word_1_181' title='bbox 905 2879 1298 2943; x_wconf 85' lang='lat' dir='ltr'><strong>Felicianum</strong></span> <span class='ocrx_word' id='word_1_182' title='bbox 1347 2881 1412 2942; x_wconf 84' lang='lat' dir='ltr'><strong>et</strong></span> <span class='ocrx_word' id='word_1_183' title='bbox 1454 2878 1925 2942; x_wconf 80' lang='lat' dir='ltr'><strong>Praetextatum</strong></span> <span class='ocrx_word' id='word_1_184' title='bbox 1974 2878 2217 2960; x_wconf 89' lang='lat' dir='ltr'><strong>impetu</strong></span> <span class='ocrx_word' id='word_1_185' title='bbox 2264 2877 2629 2940; x_wconf 85' lang='lat' dir='ltr'><strong>uehementi</strong></span> <span class='ocrx_word' id='word_1_186' title='bbox 2676 2896 2853 2960; x_wconf 87' lang='lat' dir='ltr'><strong>gran·</strong></span> 
     </span>
     <span class='ocr_line' id='line_1_24' title="bbox 557 2983 2851 3067; baseline -0.002 -16"><span class='ocrx_word' id='word_1_187' title='bbox 557 2986 815 3067; x_wconf 89' lang='lat' dir='ltr'><strong>diloqua</strong></span> <span class='ocrx_word' id='word_1_188' title='bbox 857 2986 970 3051; x_wconf 89' lang='lat' dir='ltr'><strong>illa</strong></span> <span class='ocrx_word' id='word_1_189' title='bbox 1025 2984 1339 3050; x_wconf 88' lang='lat' dir='ltr'><strong>sententia</strong></span> <span class='ocrx_word' id='word_1_190' title='bbox 1393 2983 1646 3049; x_wconf 89' lang='lat' dir='ltr'><strong>concilii</strong></span> <span class='ocrx_word' id='word_1_191' title='bbox 1704 2983 2073 3067; x_wconf 88' lang='lat' dir='ltr'><strong>Bagaiensis</strong></span> <span class='ocrx_word' id='word_1_192' title='bbox 2130 2983 2438 3047; x_wconf 90' lang='lat' dir='ltr'><strong>euomuit.</strong></span> <span class='ocrx_word' id='word_1_193' title='bbox 2506 3002 2651 3047; x_wconf 89' lang='lat' dir='ltr'><strong>nam</strong></span> <span class='ocrx_word' id='word_1_194' title='bbox 2707 3003 2851 3048; x_wconf 88' lang='lat' dir='ltr'><strong>cum</strong></span> 
     </span>
     <span class='ocr_line' id='line_1_25' title="bbox 558 3088 2850 3173; baseline -0.001 -17"><span class='ocrx_word' id='word_1_195' title='bbox 558 3093 634 3156; x_wconf 91' lang='lat' dir='ltr'><strong>de</strong></span> <span class='ocrx_word' id='word_1_196' title='bbox 682 3091 1082 3169; x_wconf 82' lang='lat' dir='ltr'><strong>Maximiano,</strong></span> <span class='ocrx_word' id='word_1_197' title='bbox 1133 3110 1292 3173; x_wconf 90' lang='lat' dir='ltr'><strong>quae</strong></span> <span class='ocrx_word' id='word_1_198' title='bbox 1337 3091 1480 3155; x_wconf 88' lang='lat' dir='ltr'><strong>uisa</strong></span> <span class='ocrx_word' id='word_1_199' title='bbox 1526 3093 1677 3156; x_wconf 89' lang='lat' dir='ltr'><strong>sunt</strong></span> <span class='ocrx_word' id='word_1_200' title='bbox 1724 3090 2006 3166; x_wconf 87' lang='lat' dir='ltr'><strong>dicenda,</strong></span> <span class='ocrx_word' id='word_1_201' title='bbox 2056 3088 2393 3154; x_wconf 84' lang='lat' dir='ltr'><strong>dixissent:</strong></span> <span class='ocrx_word' id='word_1_202' title='bbox 2440 3089 2595 3154; x_wconf 85' lang='lat' dir='ltr'><strong>‘Nec</strong></span> <span class='ocrx_word' id='word_1_203' title='bbox 2642 3090 2850 3155; x_wconf 89' lang='lat' dir='ltr'><strong>solum</strong></span> 
     </span>
     <span class='ocr_line' id='line_1_26' title="bbox 559 3196 2946 3280; baseline -0 -17"><span class='ocrx_word' id='word_1_204' title='bbox 559 3199 770 3276; x_wconf 88' lang='lat' dir='ltr'><strong>hunc’‚</strong></span> <span class='ocrx_word' id='word_1_205' title='bbox 835 3198 1152 3280; x_wconf 86' lang='lat' dir='ltr'><strong>inquiunt,</strong></span> <span class='ocrx_word' id='word_1_206' title='bbox 1211 3199 1491 3263; x_wconf 85' lang='lat' dir='ltr'><strong>‘sceleris</strong></span> <span class='ocrx_word' id='word_1_207' title='bbox 1558 3197 1660 3261; x_wconf 90' lang='lat' dir='ltr'><strong>sui</strong></span> <span class='ocrx_word' id='word_1_208' title='bbox 1724 3216 1897 3262; x_wconf 90' lang='lat' dir='ltr'><strong>mors</strong></span> <span class='ocrx_word' id='word_1_209' title='bbox 1959 3197 2132 3261; x_wconf 85' lang='lat' dir='ltr'><strong>iusta</strong></span> <span class='ocrx_word' id='word_1_210' title='bbox 2188 3196 2589 3274; x_wconf 88' lang='lat' dir='ltr'><strong>condemnat;</strong></span> <span class='ocrx_word' id='word_1_211' title='bbox 2656 3197 2853 3262; x_wconf 86' lang='lat' dir='ltr'><strong>trahit</strong></span> <span class='ocrx_word' id='word_1_212' title='bbox 2886 3223 2946 3262; x_wconf 76' lang='lat'><strong>2⁵</strong></span> 
     </span>
     <span class='ocr_line' id='line_1_27' title="bbox 561 3301 2853 3388; baseline -0.001 -19"><span class='ocrx_word' id='word_1_213' title='bbox 561 3304 752 3369; x_wconf 85' lang='lat' dir='ltr'><strong>etiam</strong></span> <span class='ocrx_word' id='word_1_214' title='bbox 809 3305 888 3368; x_wconf 87' lang='lat' dir='ltr'><strong>ad</strong></span> <span class='ocrx_word' id='word_1_215' title='bbox 944 3305 1334 3369; x_wconf 88' lang='lat' dir='ltr'><strong>consortium</strong></span> <span class='ocrx_word' id='word_1_216' title='bbox 1391 3304 1669 3369; x_wconf 88' lang='lat' dir='ltr'><strong>criminis</strong></span> <span class='ocrx_word' id='word_1_217' title='bbox 1734 3303 2043 3386; x_wconf 89' lang='lat' dir='ltr'><strong>plurimos</strong></span> <span class='ocrx_word' id='word_1_218' title='bbox 2101 3307 2321 3366; x_wconf 88' lang='lat' dir='ltr'><strong>catena</strong></span> <span class='ocrx_word' id='word_1_219' title='bbox 2375 3303 2709 3388; x_wconf 86' lang='lat' dir='ltr'><strong>sacrilegii,</strong></span> <span class='ocrx_word' id='word_1_220' title='bbox 2775 3301 2853 3367; x_wconf 91' lang='lat' dir='ltr'><strong>de</strong></span> 
     </span>
    </p>
   </div>
   <div class='ocr_carea' id='block_1_3' title="bbox 558 3511 2852 3667">
    <p class='ocr_par' dir='ltr' id='par_1_4' title="bbox 558 3511 2852 3667">
     <span class='ocr_line' id='line_1_28' title="bbox 735 3511 2852 3582; baseline -0.001 -15"><span class='ocrx_word' id='word_1_221' title='bbox 735 3513 768 3567; x_wconf 82' lang='lat'><strong>3</strong></span> <span class='ocrx_word' id='word_1_222' title='bbox 807 3514 893 3566; x_wconf 89' lang='lat' dir='ltr'><strong>Ps.</strong></span> <span class='ocrx_word' id='word_1_223' title='bbox 937 3513 1020 3579; x_wconf 87' lang='lat'><strong>13,</strong></span> <span class='ocrx_word' id='word_1_224' title='bbox 1060 3514 1091 3566; x_wconf 88' lang='grc'><strong>3</strong></span> <span class='ocrx_word' id='word_1_225' title='bbox 1299 3513 1494 3582; x_wconf 83' lang='lat' dir='ltr'><strong>24—p.</strong></span> <span class='ocrx_word' id='word_1_226' title='bbox 1533 3512 1657 3582; x_wconf 82' lang='lat'><strong>629,</strong></span> <span class='ocrx_word' id='word_1_227' title='bbox 1693 3513 1730 3566; x_wconf 87' lang='lat'>4</span> <span class='ocrx_word' id='word_1_228' title='bbox 1767 3511 1905 3581; x_wconf 82' lang='lat' dir='ltr'><strong>Aug.</strong></span> <span class='ocrx_word' id='word_1_229' title='bbox 1945 3515 2135 3567; x_wconf 84' lang='lat' dir='ltr'><strong>contra</strong></span> <span class='ocrx_word' id='word_1_230' title='bbox 2172 3512 2421 3568; x_wconf 70' lang='lat' dir='ltr'><strong>Crescon.</strong></span> <span class='ocrx_word' id='word_1_231' title='bbox 2460 3514 2600 3567; x_wconf 90' lang='lat' dir='ltr'><strong>Don.</strong></span> <span class='ocrx_word' id='word_1_232' title='bbox 2637 3511 2721 3565; x_wconf 91' lang='lat'><strong>111</strong></span> <span class='ocrx_word' id='word_1_233' title='bbox 2755 3511 2852 3574; x_wconf 82' lang='lat'><strong>22;</strong></span> 
     </span>
     <span class='ocr_line' id='line_1_29' title="bbox 558 3601 1705 3667; baseline 0.001 -13"><span class='ocrx_word' id='word_1_234' title='bbox 558 3603 655 3664; x_wconf 79' lang='lat'><strong>253</strong></span> <span class='ocrx_word' id='word_1_235' title='bbox 693 3603 788 3667; x_wconf 85' lang='lat'><strong>59;</strong></span> <span class='ocrx_word' id='word_1_236' title='bbox 827 3601 903 3655; x_wconf 84' lang='lat' dir='ltr'><strong>IV</strong></span> <span class='ocrx_word' id='word_1_237' title='bbox 943 3603 1001 3664; x_wconf 84' lang='lat'><strong>53</strong></span> <span class='ocrx_word' id='word_1_238' title='bbox 1045 3602 1136 3666; x_wconf 77' lang='lat'><strong>123</strong></span> <span class='ocrx_word' id='word_1_239' title='bbox 1179 3603 1271 3666; x_wconf 78' lang='lat'><strong>153</strong></span> <span class='ocrx_word' id='word_1_240' title='bbox 1312 3601 1380 3656; x_wconf 83' lang='grc'><strong>38</strong></span> <span class='ocrx_word' id='word_1_241' title='bbox 1702 3612 1705 3615; x_wconf 86' lang='grc'><strong>’</strong></span> 
     </span>
    </p>
   </div>
   <div class='ocr_carea' id='block_1_4' title="bbox 555 3723 2861 4238">
    <p class='ocr_par' dir='ltr' id='par_1_5' title="bbox 555 3723 2861 4238">
     <span class='ocr_line' id='line_1_30' title="bbox 630 3723 2855 3793; baseline -0.001 -15"><span class='ocrx_word' id='word_1_242' title='bbox 630 3725 662 3778; x_wconf 89' lang='grc'><strong>2</strong></span> <span class='ocrx_word' id='word_1_243' title='bbox 700 3727 886 3777; x_wconf 83' lang='lat' dir='ltr'><strong>nostra</strong></span> <span class='ocrx_word' id='word_1_244' title='bbox 931 3723 1044 3777; x_wconf 83' lang='lat' dir='ltr'><strong>VU</strong></span> <span class='ocrx_word' id='word_1_245' title='bbox 1183 3725 1215 3778; x_wconf 88' lang='lat'>5</span> <span class='ocrx_word' id='word_1_246' title='bbox 1255 3727 1411 3777; x_wconf 84' lang='lat' dir='ltr'><strong>tanto</strong></span> <span class='ocrx_word' id='word_1_247' title='bbox 1449 3723 1506 3776; x_wconf 92' lang='lat' dir='ltr'><strong><em>P</em></strong></span> <span class='ocrx_word' id='word_1_248' title='bbox 1645 3723 1678 3778; x_wconf 87' lang='lat'>8</span> <span class='ocrx_word' id='word_1_249' title='bbox 1716 3723 2061 3793; x_wconf 81' lang='lat' dir='ltr'><strong>ingrediente</strong></span> <span class='ocrx_word' id='word_1_250' title='bbox 2099 3725 2254 3781; x_wconf 83' lang='lat' dir='ltr'><strong>codd.</strong></span> <span class='ocrx_word' id='word_1_251' title='bbox 2296 3725 2431 3778; x_wconf 80' lang='lat' dir='ltr'><strong>lsm</strong></span> <span class='ocrx_word' id='word_1_252' title='bbox 2469 3731 2519 3778; x_wconf 81' lang='lat' dir='ltr'><strong>et</strong></span> <span class='ocrx_word' id='word_1_253' title='bbox 2557 3723 2687 3779; x_wconf 80' lang='lat' dir='ltr'><strong>add.</strong></span> <span class='ocrx_word' id='word_1_254' title='bbox 2726 3739 2855 3779; x_wconf 76' lang='lat' dir='ltr'><strong>con-</strong></span> 
     </span>
     <span class='ocr_line' id='line_1_31' title="bbox 555 3795 2853 3883; baseline -0.001 -16"><span class='ocrx_word' id='word_1_255' title='bbox 555 3814 770 3867; x_wconf 73' lang='lat' dir='ltr'><strong>iectura</strong></span> <span class='ocrx_word' id='word_1_256' title='bbox 805 3811 1204 3876; x_wconf 79' lang='lat' dir='ltr'><strong>ingredientem</strong></span> <span class='ocrx_word' id='word_1_257' title='bbox 1239 3829 1272 3866; x_wconf 82' lang='lat' dir='ltr'><strong>r</strong></span> <span class='ocrx_word' id='word_1_258' title='bbox 1503 3814 1562 3866; x_wconf 89' lang='lat' dir='ltr'><strong>in</strong></span> <span class='ocrx_word' id='word_1_259' title='bbox 1598 3813 1739 3867; x_wconf 83' lang='lat' dir='ltr'><strong>hanc</strong></span> <span class='ocrx_word' id='word_1_260' title='bbox 1774 3815 2008 3883; x_wconf 85' lang='lat' dir='ltr'><strong>patriam</strong></span> <span class='ocrx_word' id='word_1_261' title='bbox 2045 3830 2099 3867; x_wconf 80' lang='lat' dir='ltr'><strong>m</strong></span> <span class='ocrx_word' id='word_1_262' title='bbox 2316 3815 2348 3866; x_wconf 91' lang='lat'>9</span> <span class='ocrx_word' id='word_1_263' title='bbox 2388 3814 2543 3881; x_wconf 81' lang='lat' dir='ltr'><strong>quasi</strong></span> <span class='ocrx_word' id='word_1_264' title='bbox 2590 3811 2701 3867; x_wconf 87' lang='lat' dir='ltr'><strong>VU</strong></span> <span class='ocrx_word' id='word_1_265' title='bbox 2730 3795 2853 3867; x_wconf 67' lang='lat' dir='ltr'><strong>edd.</strong></span> 
     </span>
     <span class='ocr_line' id='line_1_32' title="bbox 562 3901 2857 3970; baseline -0 -13"><span class='ocrx_word' id='word_1_266' title='bbox 562 3904 628 3957; x_wconf 91' lang='grc'><strong>10</strong></span> <span class='ocrx_word' id='word_1_267' title='bbox 665 3901 798 3956; x_wconf 82' lang='lat' dir='ltr'><strong>tuba</strong></span> <span class='ocrx_word' id='word_1_268' title='bbox 845 3901 955 3956; x_wconf 89' lang='lat' dir='ltr'><strong>VU</strong></span> <span class='ocrx_word' id='word_1_269' title='bbox 967 3901 1087 3956; x_wconf 84' lang='lat' dir='ltr'><strong>edd.</strong></span> <span class='ocrx_word' id='word_1_270' title='bbox 1128 3901 1283 3970; x_wconf 81' lang='lat' dir='ltr'><strong>(add.</strong></span> <span class='ocrx_word' id='word_1_271' title='bbox 1323 3902 1388 3955; x_wconf 69' lang='lat' dir='ltr'><strong>im</strong></span> <span class='ocrx_word' id='word_1_272' title='bbox 1421 3919 1452 3955; x_wconf 81' lang='lat' dir='ltr'><strong>r</strong></span> <span class='ocrx_word' id='word_1_273' title='bbox 1488 3903 1805 3956; x_wconf 76' lang='lat' dir='ltr'><strong>coniectura</strong></span> <span class='ocrx_word' id='word_1_274' title='bbox 1843 3902 2054 3969; x_wconf 85' lang='lat' dir='ltr'><strong>tubam)</strong></span> <span class='ocrx_word' id='word_1_275' title='bbox 2202 3901 2433 3956; x_wconf 82' lang='lat' dir='ltr'><strong>aberunt</strong></span> <span class='ocrx_word' id='word_1_276' title='bbox 2470 3901 2525 3954; x_wconf 91' lang='lat' dir='ltr'><em>P</em></span> <span class='ocrx_word' id='word_1_277' title='bbox 2658 3903 2725 3956; x_wconf 88' lang='lat'><strong>14</strong></span> <span class='ocrx_word' id='word_1_278' title='bbox 2758 3903 2857 3956; x_wconf 87' lang='lat' dir='ltr'><strong>sed</strong></span> 
     </span>
     <span class='ocr_line' id='line_1_33' title="bbox 560 3990 2855 4061; baseline 0.001 -15"><span class='ocrx_word' id='word_1_279' title='bbox 560 3991 772 4046; x_wconf 86' lang='lat' dir='ltr'><strong>emedia</strong></span> <span class='ocrx_word' id='word_1_280' title='bbox 807 3990 864 4043; x_wconf 92' lang='lat' dir='ltr'><strong><em>P</em></strong></span> <span class='ocrx_word' id='word_1_281' title='bbox 1006 3992 1069 4044; x_wconf 79' lang='lat'><strong>17</strong></span> <span class='ocrx_word' id='word_1_282' title='bbox 1111 3991 1415 4044; x_wconf 84' lang='lat' dir='ltr'><strong>salsauistis</strong></span> <span class='ocrx_word' id='word_1_283' title='bbox 1463 3992 1576 4046; x_wconf 90' lang='lat' dir='ltr'><strong>VU</strong></span> <span class='ocrx_word' id='word_1_284' title='bbox 1606 3991 1727 4044; x_wconf 82' lang='lat' dir='ltr'><strong>edd.</strong></span> <span class='ocrx_word' id='word_1_285' title='bbox 1867 3993 1933 4045; x_wconf 90' lang='lat'><strong>19</strong></span> <span class='ocrx_word' id='word_1_286' title='bbox 1974 3991 2321 4061; x_wconf 85' lang='lat' dir='ltr'><strong>descripturis</strong></span> <span class='ocrx_word' id='word_1_287' title='bbox 2367 3991 2419 4045; x_wconf 91' lang='lat' dir='ltr'><em>U</em></span> <span class='ocrx_word' id='word_1_288' title='bbox 2549 3991 2620 4044; x_wconf 82' lang='lat'><strong>22</strong></span> <span class='ocrx_word' id='word_1_289' title='bbox 2658 3991 2715 4045; x_wconf 88' lang='lat' dir='ltr'><strong>in</strong></span> <span class='ocrx_word' id='word_1_290' title='bbox 2752 4007 2855 4048; x_wconf 75' lang='lat' dir='ltr'><strong>om.</strong></span> 
     </span>
     <span class='ocr_line' id='line_1_34' title="bbox 560 4079 2859 4150; baseline -0.001 -14"><span class='ocrx_word' id='word_1_291' title='bbox 560 4079 718 4136; x_wconf 81' lang='lat' dir='ltr'><strong>codd.</strong></span> <span class='ocrx_word' id='word_1_292' title='bbox 759 4080 872 4134; x_wconf 80' lang='lat' dir='ltr'><strong>lsr</strong></span> <span class='ocrx_word' id='word_1_293' title='bbox 995 4081 1065 4134; x_wconf 84' lang='lat'><strong>23</strong></span> <span class='ocrx_word' id='word_1_294' title='bbox 1105 4079 1415 4149; x_wconf 82' lang='lat' dir='ltr'><strong>uagaieusis</strong></span> <span class='ocrx_word' id='word_1_295' title='bbox 1462 4079 1572 4134; x_wconf 90' lang='lat' dir='ltr'><strong>VU</strong></span> <span class='ocrx_word' id='word_1_296' title='bbox 1608 4081 1743 4133; x_wconf 75' lang='lat' dir='ltr'><strong>lem</strong></span> <span class='ocrx_word' id='word_1_297' title='bbox 1780 4081 2035 4150; x_wconf 87' lang='lat' dir='ltr'><strong>uagensis</strong></span> <span class='ocrx_word' id='word_1_298' title='bbox 2073 4081 2129 4134; x_wconf 89' lang='lat' dir='ltr'><strong><em>P</em></strong></span> <span class='ocrx_word' id='word_1_299' title='bbox 2160 4080 2501 4150; x_wconf 82' lang='lat' dir='ltr'><strong>Vagiensisr</strong></span> <span class='ocrx_word' id='word_1_300' title='bbox 2624 4081 2695 4134; x_wconf 84' lang='lat'><strong>24</strong></span> <span class='ocrx_word' id='word_1_301' title='bbox 2732 4087 2859 4134; x_wconf 85' lang='lat' dir='ltr'><strong>sunt</strong></span> 
     </span>
     <span class='ocr_line' id='line_1_35' title="bbox 563 4167 2861 4238; baseline -0 -15"><span class='ocrx_word' id='word_1_302' title='bbox 563 4175 722 4230; x_wconf 82' lang='lat' dir='ltr'><strong>(corr.</strong></span> <span class='ocrx_word' id='word_1_303' title='bbox 763 4167 880 4221; x_wconf 79' lang='lat' dir='ltr'><strong>uid.</strong></span> <span class='ocrx_word' id='word_1_304' title='bbox 922 4171 1022 4234; x_wconf 83' lang='lat' dir='ltr'><strong>est,</strong></span> <span class='ocrx_word' id='word_1_305' title='bbox 1058 4167 1156 4221; x_wconf 82' lang='lat' dir='ltr'><strong>sed</strong></span> <span class='ocrx_word' id='word_1_306' title='bbox 1193 4171 1321 4220; x_wconf 88' lang='lat' dir='ltr'><strong>sunt</strong></span> <span class='ocrx_word' id='word_1_307' title='bbox 1355 4169 1689 4235; x_wconf 77' lang='lat' dir='ltr'><strong>restitutum)</strong></span> <span class='ocrx_word' id='word_1_308' title='bbox 1729 4168 1780 4220; x_wconf 92' lang='lat' dir='ltr'><em>P</em></span> <span class='ocrx_word' id='word_1_309' title='bbox 1924 4170 1992 4224; x_wconf 88' lang='grc'><strong>26</strong></span> <span class='ocrx_word' id='word_1_310' title='bbox 2032 4169 2216 4238; x_wconf 84' lang='lat' dir='ltr'><strong>etiam]</strong></span> <span class='ocrx_word' id='word_1_311' title='bbox 2258 4172 2315 4222; x_wconf 90' lang='lat' dir='ltr'><strong>et</strong></span> <span class='ocrx_word' id='word_1_312' title='bbox 2361 4167 2411 4223; x_wconf 82' lang='lat' dir='ltr'><em>V</em></span> <span class='ocrx_word' id='word_1_313' title='bbox 2446 4169 2565 4223; x_wconf 81' lang='lat' dir='ltr'><strong>edd.</strong></span> <span class='ocrx_word' id='word_1_314' title='bbox 2732 4175 2861 4238; x_wconf 72' lang='lat' dir='ltr'><strong>post</strong></span> 
     </span>
    </p>
   </div>
   <div class='ocr_carea' id='block_1_5' title="bbox 560 4256 2857 4401">
    <p class='ocr_par' dir='ltr' id='par_1_6' title="bbox 560 4256 2857 4401">
     <span class='ocr_line' id='line_1_36' title="bbox 562 4256 2857 4328; baseline -0.001 -16"><span class='ocrx_word' id='word_1_315' title='bbox 562 4257 834 4325; x_wconf 86' lang='lat' dir='ltr'><strong>sacrilegii</strong></span> <span class='ocrx_word' id='word_1_316' title='bbox 877 4257 1130 4325; x_wconf 74' lang='lat' dir='ltr'><strong>sequitur</strong></span> <span class='ocrx_word' id='word_1_317' title='bbox 1179 4273 1378 4327; x_wconf 86' lang='lat' dir='ltr'><strong>eosque</strong></span> <span class='ocrx_word' id='word_1_318' title='bbox 1429 4274 1545 4311; x_wconf 87' lang='lat' dir='ltr'><strong>cum</strong></span> <span class='ocrx_word' id='word_1_319' title='bbox 1592 4256 1915 4311; x_wconf 79' lang='lat' dir='ltr'><strong>maximiano</strong></span> <span class='ocrx_word' id='word_1_320' title='bbox 1962 4259 2130 4312; x_wconf 81' lang='lat' dir='ltr'><strong>simili</strong></span> <span class='ocrx_word' id='word_1_321' title='bbox 2174 4259 2469 4313; x_wconf 84' lang='lat' dir='ltr'><strong>seueritate</strong></span> <span class='ocrx_word' id='word_1_322' title='bbox 2520 4257 2857 4328; x_wconf 78' lang='lat' dir='ltr'><strong>dampnauit,</strong></span> 
     </span>
     <span class='ocr_line' id='line_1_37' title="bbox 560 4345 1013 4401; baseline 0.002 -3"><span class='ocrx_word' id='word_1_323' title='bbox 560 4347 656 4400; x_wconf 79' lang='lat' dir='ltr'><strong>sed</strong></span> <span class='ocrx_word' id='word_1_324' title='bbox 693 4345 795 4401; x_wconf 80' lang='lat' dir='ltr'><strong>del.</strong></span> <span class='ocrx_word' id='word_1_325' title='bbox 835 4352 913 4399; x_wconf 75' lang='lat' dir='ltr'><strong>est</strong></span> <span class='ocrx_word' id='word_1_326' title='bbox 958 4345 1013 4399; x_wconf 90' lang='lat' dir='ltr'><strong><em>U</em></strong></span> 
     </span>
    </p>
   </div>
  </div>
 </body>
</html>
