3184 4959
555 435 636 495 44
1259 431 1312 485 S.
1369 432 1645 485 Aureli
1704 432 2138 501 Augustini

475 688 480 693 .
553 630 692 689 tum
759 626 870 691 sit:
947 625 1229 690 ‘Prandit
1292 626 1557 690 sabbato
1624 626 1813 691 Iacob
1881 630 1946 691 et
2008 627 2276 691 recessit
2322 647 2358 691 a
2405 626 2521 692 deo
2582 628 2844 691 salutari

554 740 713 797 suo'.
780 735 844 796 et
899 734 1226 813 apostolus
1279 733 1525 815 quando
1576 735 2103 797 commemorauit
2148 734 2455 799 cecidisse
2503 736 2601 799 tot
2645 734 2843 801 milia.

552 860 673 905 uon
730 840 847 905 ait:
915 839 1154 923 ‘Neque
1210 840 1631 922 prandeamus
1691 840 1975 917 sabbate,
2035 842 2204 905 sicut
2262 841 2359 904 illi
2422 840 2844 923 pranderunt’,

555 948 664 1012 sed
712 947 830 1013 ait:
878 946 1139 1030 Neque
1187 947 1675 1023 fornicemur,
1727 946 1931 1011 sicut
1977 947 2274 1030 quidam
2324 965 2577 1012 eorum
2622 946 2845 1011 forni-

553 1054 705 1117 cati
771 1059 947 1119 sunt
1014 1058 1086 1118 et
1153 1053 1597 1118 ceciderunt
1664 1072 1805 1118 una
1870 1054 1988 1118 (lie
2052 1055 2335 1138 uiginti
2400 1054 2551 1118 tria
2610 1053 2841 1119 milia.
2900 1075 2926 1113 5

553 1161 710 1243 quid
785 1162 908 1225 sibi
983 1161 1176 1225 etiam
1249 1159 1413 1237 uult,
1492 1160 1662 1242 quod
1724 1162 1841 1225 ait:
1908 1160 2142 1225 ‘Sedit
2206 1166 2451 1225 autem
2518 1161 2843 1244 populus

553 1269 998 1332 manducare
1065 1272 1139 1332 et
1201 1268 1458 1332 bibere
1533 1272 1609 1331 et
1684 1273 2178 1333 surrexerunt
2239 1268 2569 1333 ludere’?
2627 1267 2849 1351 posuit

553 1375 805 1457 quidem
880 1379 944 1439 et
1008 1375 1337 1457 apostolus
1403 1376 1525 1439 hoc
1589 1375 2054 1454 testimonium,
2124 1376 2237 1439 sed
2294 1380 2371 1439 ut
2434 1396 2470 1439 a
2534 1374 2845 1439 seruitute

550 1482 887 1558 idolorum,
951 1500 1072 1545 nou
1131 1501 1166 1545 a
1221 1482 1472 1545 sabbati
1537 1481 1797 1565 prandio
1863 1481 2245 1564 prohiberet.
2312 1482 2576 1547 sabbato
2634 1484 2845 1546 autem

551 1587 710 1651 illud
756 1589 998 1652 factum
1047 1606 1188 1652 esse
1233 1588 1356 1651 iste
1404 1606 1526 1651 non
1572 1589 1817 1669 probat,
1868 1589 1999 1665 sed,
2050 1592 2124 1652 ut
2167 1589 2423 1653 libitum
2472 1590 2590 1664 est,
2640 1590 2845 1671 suspi-
2884 1608 2933 1646 ιο

553 1700 748 1758 catur.
799 1695 970 1759 sicut
1015 1698 1230 1758 autem
1274 1694 1409 1757 fieri
1459 1698 1692 1777 potest,
1742 1698 1817 1759 ut
1853 1695 2171 1760 ieiunetur
2220 1699 2303 1774 et,
2355 1714 2500 1760 cum
2536 1695 2845 1759 ieiunium

552 1800 844 1877 soluitur,
903 1801 960 1865 si
1033 1801 1302 1883 quisq'ue
1383 1801 1672 1866 ebriosus
1750 1805 1868 1878 est,
1927 1805 2081 1867 tunc
2139 1802 2507 1880 inebrietur,
2564 1802 2655 1866 ita
2710 1802 2843 1866 fieri

551 1912 784 1991 potest,
841 1912 917 1971 ut
979 1928 1100 1973 non
1164 1908 1485 1971 ieiunetur
1551 1912 1635 1985 et,
1708 1910 1762 1973 si
1828 1912 2252 1992 temperantes
2320 1912 2472 1975 sunt
2534 1909 2845 1985 homineS,

553 2014 1024 2079 modestissime
1079 2014 1476 2096 prandeatur.
1543 2014 1695 2097 quid
1753 2018 1853 2079 est
1909 2035 2058 2100 ergo
2109 2016 2281 2097 quod
2326 2015 2573 2081 sabbati
2620 2017 2843 2079 uolens

553 2121 930 2203 persuadere
1004 2120 1314 2185 ieiunium
1397 2121 1657 2185 adhibet
1739 2122 2102 2205 apostolum
2182 2126 2418 2187 testem
2500 2122 2841 2187 dicentem:
2886 2140 2931 2177 1⁵

551 2228 815 2293 Nolite
863 2227 1230 2292 inebriari
1279 2228 1477 2306 uino,
1528 2228 1603 2292 in
1650 2247 1791 2310 quo
1843 2232 1961 2294 est
2005 2230 2245 2294 omnis
2293 2229 2613 2306 luxuria,
2662 2228 2844 2311 quasi

556 2337 803 2401 dixerit:
862 2335 1096 2399 ‘Nolite
1151 2334 1452 2417 prandere
1502 2336 1789 2414 sabbato,
1838 2336 1986 2419 quia
2028 2336 2119 2400 ibi
2166 2340 2265 2401 est
2312 2335 2515 2401 omnis
2559 2335 2841 2400 luxuria’.

555 2444 723 2508 sicut
769 2447 984 2507 autem
1030 2443 1150 2505 hoc
1196 2444 1603 2523 praeceptum
1644 2443 2089 2525 apostolicum,
2128 2462 2207 2507 ne
2245 2442 2638 2506 inebrientur
2670 2442 2839 2516 uin0‚

552 2552 612 2615 in
689 2570 812 2633 quo
857 2551 990 2613 ‘est
1061 2548 1262 2613 omnis
1340 2549 1607 2626 luxuria,
1684 2550 2061 2615 obseruatur
2116 2569 2153 2613 a
2209 2548 2587 2616 Christianis
2653 2548 2841 2611 deum

550 2657 947 2734 timentibUS,
1021 2655 1268 2738 quando
1343 2656 1652 2738 prandent
1723 2657 1825 2720 die
1890 2656 2223 2734 dominico,
2292 2656 2385 2720 ita
2448 2655 2840 2731 obseruatur,
2878 2672 2929 2710 2⁰

552 2764 797 2847 quando
846 2764 1190 2846 prandetur
1235 2766 1302 2827 et
1349 2762 1633 2829 sabbat0.

469 2868 548 2930 16
638 2870 749 2935 ‘Ut
785 2869 1185 2951 expressius’,
1219 2869 1446 2952 inquit,
1484 2869 1859 2934 ‘errantibus
1900 2870 2347 2948 contradicam,
2385 2886 2569 2933 nemo
2604 2866 2840 2932 ieiunio

553 2974 762 3051 deum,
813 2976 934 3041 etsi
979 2994 1104 3039 non
1151 2981 1562 3059 promeretur,
1624 2977 1926 3049 offendet;
1994 2996 2176 3059 porro
2236 2980 2300 3041 et
2354 2996 2475 3041 non
2532 2974 2841 3039 offendere

551 3082 891 3161 promereri
947 3082 1086 3147 est'.
1154 3081 1294 3164 quis
1350 3082 1470 3147 hoc
1528 3082 1784 3159 diceret,
1841 3082 1966 3147 nisi
2026 3082 2135 3164 qui
2180 3082 2381 3147 nollet
2424 3080 2839 3155 considerare,

555 3186 708 3267 quid
765 3187 1041 3252 diceret?
1109 3208 1257 3272 ergo
1315 3188 1542 3273 pagani
1604 3190 1849 3271 quando
1904 3190 2209 3265 ieiunant,
2266 3208 2388 3253 nou
2442 3188 2588 3253 ideo
2640 3186 2837 3271 magis
2876 3209 2927 3249 ετ»

729 3414 764 3467 4
801 3412 828 3465 Ι
866 3412 987 3469 Cor.
1031 3414 1112 3476 10,
1150 3414 1200 3467 8.
1383 3414 1416 3467 6
1454 3413 1547 3467 Ex.
1587 3414 1673 3475 32.
1714 3416 1771 3479 63
1810 3414 1839 3467 1
1877 3413 1997 3469 Cor.
2043 3414 2124 3476 10,
2164 3414 2195 3467 7
2403 3413 2467 3467 16
2502 3412 2643 3483 Eph.
2682 3415 2731 3475 5,
2772 3412 2838 3465 18

628 3537 650 3589 1
693 3537 930 3591 ωιὶαοοὶ)
972 3538 1116 3606 (fuit
1151 3537 1256 3605 iac)
1297 3536 1374 3589 P²
1515 3538 1775 3591 salutatio
1814 3538 1869 3594 P
1982 3538 2015 3591 3
2054 3536 2280 3589 sabbato
2320 3553 2422 3592 om.
2460 3535 2538 3589 Ρι
2642 3538 2679 3589 4
2713 3536 2837 3589 illo-

551 3642 667 3678 rum
705 3627 779 3679 Ρι
886 3630 918 3683 5
959 3615 1041 3692 de,
1081 3644 1217 3683 cor-r.
1255 3632 1378 3682 m.1
1415 3627 1502 3681 die
1538 3627 1593 3680 P
1700 3630 1732 3682 6
1772 3628 1939 3680 etiam
1976 3643 2077 3680 om.
2117 3626 2193 3679 P¹
2338 3626 2513 3695 quod*
2550 3626 2601 3679 T
2722 3626 2841 3695 agit

551 3714 628 3768 P²
771 3720 949 3771 autem
987 3734 1073 3771 om
1126 3716 1278 3770 P¹1·³
1438 3716 1470 3770 8
1511 3718 1567 3769 et
1603 3732 1704 3769 om.
1751 3716 1802 3768 T
1942 3733 1974 3769 a
2010 3715 2329 3769 seruitutem
2368 3714 2445 3766 Ρι
2592 3716 2651 3768 11
2696 3716 2838 3783 cum]

553 3821 672 3858 eum
710 3804 786 3859 ,Ρ2
910 3807 974 3859 12
1013 3807 1132 3876 quis
1169 3807 1225 3860 P
1259 3806 1380 3860 edd.
1409 3812 1637 3874 praeter
1674 3822 1710 3857 a
1836 3806 1901 3858 13
1938 3808 2309 3873 temperantes
2350 3810 2397 3863 (s
2435 3820 2501 3858 ex
2534 3820 2572 3857 n
2607 3820 2676 3857 m.
2697 3804 2749 3873 1)
2786 3804 2841 3857 Ρ

557 3894 618 3948 15
655 3898 850 3948 testem
889 3911 992 3950 om.
1020 3895 1140 3947 ΗΡ
1233 3897 1297 3949 16
1334 3895 1556 3959 luxorie,
1596 3909 1731 3947 corr.
1769 3894 1979 3947 luxoria
2008 3891 2084 3946 P²
2190 3892 2629 3961 quasi—luxuria
2656 3908 2759 3947 om.
2790 3892 2841 3945 P

555 3984 616 4036 17
658 3982 862 4037 diceret
899 3983 1018 4038 edd.
1125 3984 1352 4045 luxurie,
1393 3998 1529 4037 corr.
1569 3983 1779 4036 luxuria
1814 3982 1893 4033 P2
2004 3982 2070 4035 18
2108 3984 2577 4051 prellllllll'ceptum
2616 3982 2699 4047 (in
2722 3996 2835 4038 rae.

548 4072 720 4138 fuisse
753 4072 872 4128 uid.
913 4076 1148 4142 ceptum)
1194 4073 1245 4125 T
1385 4071 1683 4125 inebrietur
1719 4070 1773 4123 P
1889 4071 2018 4125 uinu
2056 4070 2135 4123 Ρ2
2240 4071 2311 4125 20
2348 4070 2637 4139 prandent]
2676 4084 2835 4139 pran-

550 4160 692 4214 derit
727 4160 804 4215 P²
839 4161 1134 4230 prandetur
1169 4159 1249 4214 1²³
1283 4160 1406 4215 edd.
1545 4160 1615 4213 22
1652 4164 1715 4213 ut
1750 4165 1802 4213 et
1840 4158 2205 4213 contradicam
2242 4176 2344 4216 om.
2384 4159 2573 4213 relicto
2607 4164 2838 4226 utroque

550 4250 666 4304 loco
704 4254 920 4305 10-12
958 4251 992 4303 l.
1029 4250 1214 4318 spatio
1251 4248 1322 4303 Ρ1
1492 4248 1721 4301 ieiunio*
1754 4264 1818 4302 ea:
1854 4247 2088 4301 ieiuniu·
2112 4252 2235 4302 m.1
2272 4248 2325 4300 P
2502 4248 2572 4301 23
2610 4246 2838 4300 offendit

546 4338 734 4393 PP³T
763 4340 884 4397 edd.
995 4340 1063 4393 24
1099 4338 1235 4392 haec
1271 4336 1346 4388 Ρι
