3184 4959
252 2243 327 2306 11

334 1626 387 1666 10

335 2157 389 2198 15

1255 450 1784 519 epistularum
1843 448 1958 504 011.
2587 437 2715 517 553

419 637 601 704 nobis
667 639 793 723 ipsi
864 660 976 724 pro
1044 640 1165 706 diis
1233 642 1367 708 suis
1434 646 1549 708 aut
1609 645 1986 727 respondere
2052 665 2176 710 non
2249 649 2522 728 possunt
2585 649 2716 723 aut,

424 746 480 810 si
523 751 815 829 possunt,
861 747 926 812 in
976 767 1049 812 eo
1096 747 1234 830 ipso
1284 748 1409 814 sibi
1447 751 1640 815 etiam
1688 770 1799 835 pro
1847 754 2064 816 nostra
2108 751 2416 836 religione
2461 771 2720 836 respon-

423 853 613 918 deant
666 853 761 918 ita
815 853 977 918 nihil
1042 854 1347 920 interesse
1414 876 1523 938 pro
1592 855 1846 922 diuersa
1897 859 2258 941 temporum
2308 857 2719 942 locorumque

424 958 853 1042 congruentia,
938 979 1128 1041 quam
1198 960 1471 1026 diuersis
1558 963 1970 1028 sacramentis
2044 963 2312 1042 colatur,
2397 963 2474 1040 si,
2549 963 2718 1047 quod

425 1065 675 1142 colitur,
724 1069 1015 1130 sanctum
1053 1069 1172 1144 est,
1214 1067 1385 1132 sicut
1420 1067 1579 1132 nihil
1617 1068 1884 1133 interest
1916 1088 2029 1153 pro
2069 1069 2324 1134 diuersa
2356 1069 2718 1154 linguarum

422 1170 910 1255 auditorumque
976 1175 1407 1258 congruentia,
1474 1193 1664 1258 quam
1729 1175 2001 1242 diuersis
2067 1177 2240 1242 sonis
2307 1176 2572 1256 dicatur,
2641 1177 2718 1246 si,

425 1278 592 1361 quod
630 1278 881 1357 dicitur,
928 1299 1151 1344 uerum
1190 1283 1308 1360 est,
1358 1280 1509 1346 dum
1557 1282 1680 1347 hoc
1727 1301 1880 1354 sane
1925 1283 2198 1362 intersit,
2248 1283 2418 1366 quod
2461 1283 2719 1368 linguae

424 1401 633 1464 sonos,
673 1385 905 1468 quibus
952 1387 1117 1452 inter
1162 1406 1231 1452 se
1278 1406 1396 1452 sua
1442 1406 1632 1452 sensa
1667 1388 2154 1465 communicent,
2195 1388 2384 1454 etiam
2432 1389 2720 1454 homines

422 1495 606 1575 pacto
648 1492 921 1575 quodam
970 1493 1299 1558 societatis
1344 1493 1682 1559 instituere
1729 1494 1853 1559 sibi
1897 1499 2187 1578 possunt,
2235 1496 2468 1579 quibus
2507 1501 2719 1562 autem

427 1600 623 1665 sacris
699 1600 1020 1664 diuinitati
1093 1605 1527 1686 congruerent,
1613 1603 2010 1668 uoluntatem
2059 1603 2189 1668 'dei
2262 1603 2467 1669 secuti
2549 1607 2718 1682 sunt,

426 1707 535 1790 qui
569 1709 741 1771 recte
788 1711 1152 1791 sapuerunt.
1199 1728 1359 1790 quae
1398 1709 1654 1774 omnino
1700 1729 2047 1793 numquam
2085 1710 2289 1776 defuit
2323 1710 2404 1775 ad
2449 1711 2720 1776 salutem

424 1812 708 1878 iustitiae
762 1814 1113 1897 pietatique
1166 1816 1535 1881 mortalium
1582 1819 1667 1893 et,
1726 1817 1781 1880 si
1827 1837 1952 1900 qua
2007 1818 2067 1882 in
2127 1817 2270 1883 aliis
2327 1821 2520 1902 atque
2577 1817 2720 1883 aliis

425 1919 679 2003 populis
754 1939 877 1985 una
940 1921 1286 2004 eademque
1358 1923 1664 2007 religione
1739 1923 1998 1989 sociatis
2062 1923 2238 1988 uarie
2301 1925 2720 2000 celebrantur,

426 2031 738 2108 quatenus
802 2027 933 2106 fiat,
1008 2028 1355 2111 plurimum
1418 2029 1629 2108 refert,
1705 2049 1830 2112 quo
1897 2033 1962 2095 et
2023 2031 2298 2096 humana
2361 2031 2724 2096 exhortetur

426 2133 531 2196 uel
586 2134 895 2199 toleretur
948 2134 1281 2200 infirmitas
1340 2139 1403 2200 et
1450 2135 1668 2201 diuina
1720 2155 1842 2201 non
1899 2141 2304 2220 oppugnetur
2359 2137 2722 2204 auctoritas.

515 2237 719 2318 Quam
786 2241 863 2306 ob
928 2261 1061 2306 rem
1128 2261 1275 2308 cum
1340 2242 1668 2308 Christum
1732 2241 2018 2308 dicamus
2085 2244 2349 2308 uerbum
2417 2243 2539 2322 dei,
2614 2260 2728 2326 per

425 2347 597 2428 quod
660 2348 831 2413 facta
894 2352 1045 2413 sunt
1109 2349 1339 2426 omnia,
1414 2352 1481 2414 et
1544 2348 1686 2415 ideo
1751 2349 1974 2428 filium,
2043 2351 2193 2431 quia
2251 2350 2539 2426 uerbum,
2605 2367 2720 2416 nec

423 2454 693 2520 uerbum
749 2454 991 2520 dictum
1048 2459 1237 2537 atque
1292 2459 1684 2521 transactum
1742 2455 1853 2520 sed
1909 2456 2079 2537 apud
2130 2455 2718 2520 incommutabilem

422 2564 664 2644 patrem
717 2560 1237 2627 incommutabile
1283 2562 1493 2645 ipsum
1544 2567 1734 2644 atque
1781 2563 2394 2628 incommutabiliter
2439 2581 2716 2640 manens,

426 2669 545 2733 sub
604 2669 788 2734 cuius
843 2669 1151 2754 regimine
1208 2670 1507 2735 uniuersa
1562 2674 1848 2735 creatura
1903 2669 2209 2753 spiritalis
2267 2673 2330 2736 et
2376 2668 2718 2753 corporalis

423 2794 536 2858 pro
592 2777 1006 2862 congruentia
1068 2781 1430 2858 temporum
1494 2778 1908 2860 locorumque
1973 2776 2468 2854 administratur,
2534 2775 2716 2842 cuius

423 2882 841 2950 moderandae
899 2887 965 2947 et
1027 2881 1472 2966 gubernandae
1528 2883 1684 2964 quid
1739 2882 1988 2967 quando
2055 2887 2119 2947 et
2181 2883 2292 2948 ubi
2358 2884 2524 2948 circa
2579 2900 2715 2948 eam

424 2989 559 3054 fieri
606 2993 915 3074 oporteat,
974 2991 1283 3073 sapientia
1329 2993 1393 3055 et
1448 2990 1718 3056 scientia
1766 3008 1958 3072 penes
2014 2990 2228 3071 ipsum
2283 2993 2382 3056 est
2435 2990 2718 3073 profecto

606 3234 671 3288 16
706 3233 825 3286 Ioh.
867 3234 914 3301 1,
957 3233 1093 3287 1—-3

496 3379 529 3430 2
565 3378 685 3445 ipso
724 3392 825 3429 om.
864 3377 920 3430 Δ
954 3376 1061 3446 ipsi
1098 3376 1160 3430 E
1323 3374 1618 3445 respondei·
1655 3375 1709 3428 P
1886 3375 1918 3430 3
1957 3375 2101 3428 inter
2135 3391 2210 3438 se,
2247 3391 2316 3429 m.
2341 3378 2380 3429 2
2413 3374 2624 3438 intere
2667 3373 2718 3428 G

423 3468 457 3520 4
497 3465 845 3522 sacramentis
884 3481 987 3519 om.
1024 3465 1079 3518 A
1228 3467 1259 3518 5
1296 3465 1457 3534 sicut]
1500 3465 1546 3518 si
1582 3465 1644 3519 E
1807 3463 2127 3518 diuersitate
2167 3465 2354 3531 (sitate
2389 3463 2454 3516 in
2487 3464 2628 3530 ras.)
2664 3464 2724 3517 Ε

424 3557 457 3609 6
497 3556 803 3609 auditorum
841 3571 971 3623 qu·e
1012 3555 1154 3622 (ficit
1190 3559 1245 3620 a)
1282 3553 1351 3608 H
1454 3553 1487 3608 8
1526 3569 1690 3607 sonus
1727 3553 1782 3607 Α.
1901 3569 1960 3606 se
1997 3570 2100 3608 om.
2141 3553 2199 3606 E
2302 3552 2718 3612 communicent,

423 3663 491 3700 m.
514 3649 555 3698 2
590 3661 729 3699 corr.
770 3643 1169 3697 communicant
1205 3649 1257 3700 et
1293 3650 1423 3698 anie
1456 3643 1705 3698 homines
1741 3655 1784 3697 8.
1822 3659 1878 3696 u.
1919 3641 2050 3696 add.
2091 3643 2257 3696 ceteri
2301 3641 2352 3696 G
2513 3642 2546 3696 9
2585 3657 2717 3709 quo-

426 3735 549 3788 dam
583 3735 647 3789 in
672 3734 794 3804 fine
828 3750 883 3787 u.
922 3749 1024 3789 om.
1062 3732 1118 3786 P
1270 3732 1375 3786 sibi
1413 3733 1702 3786 instituere
1739 3731 1859 3786 edd.
2019 3731 2306 3784 instituere
2345 3734 2542 3799 (postr.
2583 3729 2620 3784 1.
2657 3731 2720 3782 in

422 3839 538 3879 ras.
562 3840 641 3876 m.
679 3829 743 3876 ut
778 3821 895 3876 uid.
934 3823 985 3890 1)
1022 3822 1075 3873 A
1259 3822 1326 3875 10
1364 3821 1519 3884 sacri,
1556 3837 1626 3873 m.
1648 3823 1688 3873 2
1723 3820 1892 3874 sacris
1935 3819 1982 3873 C
2123 3822 2484 3889 congruerent
2521 3817 2718 3872 diuini-

422 3913 531 3966 tati
554 3911 607 3967 G
716 3910 967 3973 diuinati,
995 3926 1133 3964 corr.
1162 3927 1231 3963 m.
1252 3915 1283 3964 1
1312 3910 1588 3964 diuinitati
1617 3909 1692 3964 M
1796 3908 1904 3978 dei]
1935 3908 1991 3962 di
2017 3909 2078 3962 Ε
2177 3909 2241 3962 12
2270 3909 2468 3978 pietati
2497 3924 2628 3976 qme
2658 3907 2725 3960 H

496 4006 661 4072 atque
705 4001 829 4054 aliis
875 4016 995 4062 om,
1034 4003 1154 4052 m.1
1193 3998 1326 4053 add.
1364 3999 1425 4052 Ε
1466 4003 1634 4068 atque
1669 3998 1725 4053 in
1766 3998 1888 4052 aliis
1913 3998 2111 4066 slrm
2296 3998 2360 4052 13
2399 3997 2620 4066 regione
2657 3995 2725 4050 Η

497 4091 775 4145 societatis
811 4089 873 4143 Ε
976 4087 1294 4149 celebratur,
1332 4104 1472 4144 corr.
1510 4105 1581 4140 m.
1603 4092 1634 4140 1
1672 4087 2015 4142 celebrantur
2049 4086 2122 4139 M
2197 4087 2260 4140 14
2297 4087 2362 4140 fit
2385 4085 2448 4139 Ε
2519 4086 2582 4140 15
2609 4085 2718 4138 tol-

424 4181 627 4234 leretur
662 4179 717 4232 A
756 4177 1045 4232 extollatur
1080 4177 1141 4230 E
1250 4177 1315 4231 16
1352 4175 1420 4230 ob
1459 4193 1571 4229 rem
1610 4192 1714 4230 om.
1751 4176 1813 4230 Ε
1910 4176 1974 4230 17
2011 4173 2118 4238 ide,
2155 4191 2222 4228 m.
2248 4179 2278 4228 1
2314 4189 2450 4228 corr.
2488 4173 2634 4228 idem
2658 4173 2725 4226 H

426 4269 491 4322 21
534 4267 856 4338 congruenti
892 4269 945 4322 A
1092 4267 1251 4320 cuim
1358 4267 1425 4320 22
1466 4265 1609 4334 eam]
1651 4265 1702 4318 ei
1737 4264 1798 4318 E
1915 4263 1984 4318 23
2023 4263 2314 4333 sapientia]
2353 4263 2626 4333 pacientia
2669 4263 2720 4316 G

498 4373 681 4426 panes,
718 4373 787 4409 m.
811 4359 849 4408 2
885 4372 1049 4425 penes
1094 4355 1145 4408 G
1180 4371 1351 4425 paene
1388 4353 1509 4408 MC
