3184 4959
336 1111 359 1149 5

312 1643 363 1682 10

314 2173 365 2212 15

310 2713 365 2752 20

1120 461 1652 530 epistularum
1709 459 1976 512 LXXXII.
2560 461 2686 523 367

392 683 467 726 ne
534 658 1109 724 scandalizarentur
1165 655 1416 732 infirmi,
1476 656 1581 736 qni
1643 675 1712 718 ex
1759 655 2012 720 Iudaeis
2061 655 2246 719 multi
2297 653 2692 718 crediderant

397 773 459 833 et
516 787 587 832 ea
643 763 997 849 respuenda
1051 763 1331 828 nondum
1387 763 1863 846 intellegebant,
1911 781 2076 827 nunc
2127 781 2276 826 uero
2327 761 2691 826 confirmata.

394 895 504 960 per
558 877 656 938 tot
714 875 936 956 gentes
996 870 1282 934 doctrina
1330 870 1568 954 gratiae
1619 869 2036 939 Christianae,
2086 869 2449 933 confirmata
2499 871 2688 932 etiam

394 1002 505 1064 per
571 999 788 1044 omnes
858 978 1093 1043 Christi
1161 978 1461 1042 ecclesias
1528 977 1796 1041 lectione
1862 978 2025 1060 legis
2094 980 2157 1040 et
2220 977 2690 1058 prophetarum,

399 1107 521 1170 quo
570 1086 755 1151 modo
805 1087 959 1148 haec
1005 1084 1453 1168 intellegenda,
1502 1103 1624 1149 non
1675 1083 2067 1148 obseruanda
2111 1085 2476 1158 recitentur,
2525 1083 2692 1164 quis·

398 1194 539 1277 quis
616 1213 689 1257 ea
764 1191 1118 1257 simulando
1196 1211 1381 1275 agere
1446 1191 1742 1268 uoluerit,
1815 1191 2105 1268 insanire,
2175 1211 2286 1255 cur
2349 1191 2508 1255 mihi
2571 1208 2690 1254 non

392 1297 551 1362 licet
613 1299 821 1362 dicere
888 1299 1252 1380 apostolum
1306 1297 1581 1361 Paulum
1641 1302 1706 1362 et
1761 1298 1917 1362 alios
1977 1301 2187 1361 rectae
2235 1297 2383 1361 fidei
2433 1295 2696 1360 Christi-

397 1425 549 1470 anos
612 1409 763 1469 tunc
818 1404 933 1468 illa
986 1409 1203 1468 uetera
1259 1407 1652 1468 sacramenta
1698 1405 2027 1487 paululum
2080 1403 2470 1468 obseruando
2518 1423 2694 1466 uera-

402 1513 558 1576 citer
622 1511 1058 1576 commendare
1128 1510 1450 1588 debuisse,
1514 1530 1590 1575 ne
1656 1515 2033 1594 putarentur
2085 1511 2233 1574 illae
2293 1509 2694 1592 propheticae

402 1618 880 1702 significationis
914 1617 1389 1682 obseruationes
1430 1637 1467 1680 a
1493 1617 1801 1700 piissimis
1833 1618 2120 1700 patribus
2156 1617 2512 1682 custoditae
2539 1620 2696 1680 tam-

400 1743 585 1806 quam
636 1725 967 1807 sacrilegia
1007 1724 1319 1789 diabolica
1358 1745 1393 1787 a
1429 1726 1701 1807 posteris
1743 1725 2130 1790 detestatae?
2179 1725 2301 1788 iam
2347 1723 2510 1788 enim
2551 1742 2692 1786 cum

400 1831 683 1896 uenisset
746 1831 924 1904 fides,
994 1851 1153 1913 quae
1213 1831 1387 1912 prius
1442 1831 1576 1895 illis
1646 1833 2194 1896 obseruationibus
2258 1832 2694 1914 praenuntiata

398 1941 547 2020 post
591 1941 857 2002 mortem
908 1941 969 2002 et
1015 1939 1539 2004 resurrectionem
1589 1939 1827 2003 domini
1874 1941 2154 2004 reuelata
2201 1945 2319 2012 est,
2361 1938 2698 2002 amiserant

397 2047 721 2126 tamquam
772 2045 971 2109 uitam
1022 2045 1213 2110 officii
1263 2045 1383 2109 sui.
1450 2065 1673 2110 uerum
1729 2049 1939 2111 tamen
1999 2047 2170 2112 sicut
2224 2045 2520 2111 defuncta
2568 2063 2696 2109 cor-

398 2169 551 2232 pora
597 2152 1097 2216 necessariorum
1145 2152 1507 2216 deducenda
1554 2155 1731 2218 erant
1777 2153 2048 2237 quodam
2107 2154 2292 2217 modo
2351 2151 2430 2216 ad
2485 2152 2696 2234 sepul-

399 2259 608 2322 turam
654 2277 771 2323 nec
820 2259 1117 2323 simulat-e
1167 2259 1276 2323 sed
1332 2259 1650 2345 religiose,
1709 2279 1827 2326 non
1887 2263 2100 2324 autem
2158 2259 2502 2324 deserenda
2557 2277 2698 2322 con-

398 2364 577 2429 tinuo
626 2367 733 2429 uel
780 2365 1180 2430 inimicorum
1230 2365 1799 2432 obtrectationibus
1847 2371 2171 2449 tamquam
2213 2386 2440 2431 canum
2477 2366 2698 2429 morsi-

400 2470 519 2533 bus
564 2471 950 2552 proicienda.
997 2471 1259 2553 proinde
1308 2491 1469 2536 nunc
1510 2472 1800 2554 quisquis
1843 2471 2361 2547 Christianorum,
2404 2469 2696 2552 quamuis

400 2577 485 2640 sit
557 2596 627 2641 ex
700 2577 975 2656 IudaeiS,
1061 2578 1356 2641 similiter
1440 2597 1513 2642 ea
1597 2578 1908 2642 celebrare
1993 2578 2290 2642 uoluerit.
2375 2581 2696 2657 tamquam

400 2683 641 2767 sopitos
717 2684 957 2750 cineres
1024 2703 1247 2748 eruens
1315 2703 1436 2747 non
1504 2685 1624 2750 erit
1688 2685 1830 2766 pius
1900 2685 2204 2749 deductor
2267 2685 2373 2748 uel
2437 2683 2692 2746 baiulus

402 2790 675 2872 corporis
726 2791 837 2855 sed
884 2791 1118 2873 impius
1170 2792 1533 2873 sepulturae
1582 2791 1871 2857 uiolator.

476 3051 497 3102 1
552 3049 895 3105 crediderant
940 3051 1093 3120 (m.,2
1136 3069 1179 3105 8.
1218 3069 1273 3108 u.
1320 3054 1499 3106 minus
1548 3053 1723 3106 adhuc
1760 3057 1913 3121 tunc)
1963 3070 2059 3123 per
2096 3057 2182 3106 tot
2217 3057 2409 3122 gentes
2449 3051 2694 3107 doctrina

402 3139 611 3208 gratiae
651 3139 977 3194 christianae
1008 3142 1329 3195 confirmata
1357 3145 1413 3195 et
1443 3157 1505 3195 ea
1532 3141 1834 3211 respuenda
1863 3142 2099 3196 nondum
2128 3142 2527 3210 intellegebant
2553 3158 2694 3194 nunc

400 3243 525 3282 uero
566 3229 883 3283 confirmata
910 3229 1043 3282 *iam
1084 3247 1179 3298 per
1208 3247 1391 3283 omnes
1420 3230 1493 3282 Ρι
1570 3233 1602 3283 3
1643 3235 1742 3290 tot,
1781 3232 1844 3283 in
1881 3247 2050 3300 mary.
2083 3235 2264 3284 tantas
2295 3234 2329 3284 Ι
2435 3229 2694 3288 doctrine.

403 3331 540 3370 corr.
577 3333 645 3370 m.
668 3321 698 3370 1
737 3317 983 3371 doctrina
1023 3319 1087 3370 M
1233 3319 1529 3374 christiana
1567 3323 1618 3374 P
1724 3323 1755 3374 5
1797 3337 1900 3388 quo
1940 3319 2125 3389 modo]
2169 3321 2294 3390 quia
2331 3321 2446 3390 (uia
2482 3320 2545 3372 in
2581 3335 2693 3372 ras.

399 3421 466 3458 m.
491 3409 549 3464 2>
584 3431 703 3458 un
741 3405 815 3458 Ρ1
992 3407 1332 3460 obserbanda
1368 3407 1437 3460 H
1603 3408 1917 3471 recitentur,
1957 3414 2080 3462 φιτ-,2
2117 3409 2414 3462 recitantur
2448 3407 2522 3461 P¹
2561 3407 2695 3460 reci-

398 3497 587 3547 tantur
620 3495 723 3547 ΗΙ
848 3498 881 3550 6
920 3496 1157 3550 noluerit
1194 3495 1447 3550 uideatur
1484 3498 1718 3550 insanire
1757 3499 1812 3552 R
1854 3497 1972 3551 edd.
2003 3503 2301 3566 praeter-m
2411 3499 2440 3551 7
2482 3497 2694 3551 christi-

400 3599 527 3635 anes
566 3583 621 3636 P
711 3585 745 3637 8
784 3586 995 3654 uetera]
1035 3601 1165 3640 uera
1203 3585 1243 3637 I
1342 3586 1563 3654 paulum
1594 3585 1748 3640 HPI
1841 3588 1874 3640 9
1912 3587 2228 3656 prophetiae
2266 3587 2340 3640 M
2429 3587 2496 3641 10
2525 3588 2695 3656 signi-

398 3669 679 3725 ficationes
708 3671 852 3725 MP¹
893 3677 979 3738 (m.
1002 3677 1039 3727 2
1079 3674 1506 3744 significationes
1537 3675 1615 3744 et)
1725 3675 2078 3744 pientissimis
2107 3675 2172 3728 H
2279 3675 2620 3746 custodiente
2648 3676 2703 3728 P

402 3760 461 3811 11
503 3759 773 3814 detestate
805 3761 930 3815 ΡΡ1
962 3763 1271 3816 detestante
1306 3764 1341 3816 I
1364 3761 1685 3816 detestande
1713 3763 1830 3818 HR
1858 3763 2210 3818 detestandae
2235 3765 2254 3816 l
2275 3781 2302 3816 r
2322 3781 2375 3817 m
2451 3765 2516 3817 12
2547 3763 2696 3817 illius

398 3847 525 3901 PM
553 3849 689 3902 illias
730 3850 782 3903 A
824 3855 881 3916 (u
920 3867 1057 3905 erae.
1099 3851 1239 3918 uid.)
1277 3851 1349 3905 Ρι
1499 3853 1900 3907 obseruationis
1940 3853 1972 3905 1
2112 3854 2176 3906 13
2217 3853 2420 3906 domini
2459 3869 2562 3907 οηι.
2606 3853 2708 3930 III·

470 3939 893 4002 amministrant,
931 3957 1069 3994 corr.
1108 3941 1200 4010 (m.
1224 3947 1252 3993 1
1274 3941 1323 4008 -9,¹
1364 3941 1660 3996 amiserant
1695 3941 1768 3995 M
1947 3944 2014 3996 14
2063 3943 2236 3996 uitam
2276 3943 2355 4011 (ta
2394 3959 2460 3996 ex
2495 3957 2607 3994 ras,
2649 3947 2698 3994 et

401 4029 559 4092 corr.)
600 4025 673 4078 P¹
819 4027 1025 4096 tamen]
1066 4031 1175 4081 tam
1216 4029 1269 4080 P
1424 4029 1489 4083 15
1528 4030 1952 4084 necessariorum
1993 4029 2184 4084 officiis
2225 4029 2537 4083 deducenda
2574 4029 2695 4082 edd.

403 4113 469 4166 16
516 4116 792 4173 continuo,
840 4118 900 4168 in.
950 4133 1123 4184 marq.
1173 4118 1359 4171 statim
1402 4120 1438 4172 I
1617 4119 1681 4171 18
1731 4118 1959 4188 quisque
1998 4119 2064 4172 H
2276 4117 2625 4173 christianum
2665 4119 2705 4172 I

402 4204 467 4256 19
507 4203 715 4258 iudaeis
758 4209 924 4273 (poet.
966 4205 983 4257 i
1022 4206 1085 4257 in
1119 4222 1231 4258 rae.
1270 4223 1337 4259 m.
1362 4211 1419 4272 2)
1462 4207 1534 4258 Ρι
1681 4207 1750 4260 20
1789 4208 1968 4276 sopita
2005 4208 2060 4260 A
2205 4207 2410 4261 cineres
2450 4211 2600 4260 eruet
2637 4205 2704 4260 H

401 4292 579 4346 cinere
618 4309 839 4347 seruens
876 4294 1001 4348 PM
1036 4295 1229 4360 (m.1?
1266 4311 1405 4349 cor-r.
1447 4295 1622 4349 cinere
1663 4309 1902 4358 seruans)
1943 4297 2108 4350 cineri
2147 4296 2387 4349 seruiens
2426 4296 2479 4348 A
2519 4297 2695 4350 cinere

397 4395 617 4434 seruans
654 4381 709 4436 R
750 4382 953 4436 cineres
992 4399 1213 4438 seruans
1240 4401 1273 4437 a
1424 4383 1524 4437 erit
1562 4388 1692 4438 nota
1729 4385 1848 4454 pius
1888 4385 1949 4436 H
