3184 4959
186 621 259 685 16

262 1608 314 1647 10

261 2141 314 2183 15

255 2667 312 2709 80

1085 428 1617 499 epistularum
1674 428 1919 485 CXVIII.
2518 433 2641 497 681

432 624 607 689 Inter
643 643 750 689 eos
799 628 1036 703 autem,
1085 624 1196 707 qui
1241 623 1576 689 fruendum
1616 624 1753 703 deo,
1802 643 1839 687 a
1878 644 2002 707 quo
2052 628 2119 689 et
2160 644 2277 690 nos
2326 628 2391 690 et
2437 626 2651 689 omnia

345 731 516 796 facta
559 733 730 810 sunt,
775 750 975 796 unum
1014 734 1204 813 atque
1254 748 1576 795 summum
1623 730 1861 795 bonum
1898 733 2188 797 nostrum
2227 750 2368 797 esse
2406 730 2649 811 dicunt,

348 837 514 920 apud
556 836 706 903 illos
745 838 1148 903 eminuerunt
1181 835 1517 914 Platonici,
1569 838 1681 920 qui
1725 855 1847 902 non
1894 837 2189 902 inmerito
2238 837 2317 903 ad
2366 836 2647 903 officium

347 964 532 1009 suum
591 944 904 1026 pertinere
951 943 1238 1011 arbitrati
1293 946 1444 1009 sunt
1489 943 1727 1010 Stoicis
1776 946 1842 1009 et
1884 944 2213 1026 Epicureis
2266 944 2537 1009 maxime
2586 947 2652 1009 et

345 1070 540 1134 prope
613 1052 770 1117 solis
845 1052 1098 1116 omnino
1171 1050 1487 1117 resistere.
1563 1050 1734 1115 idem
1809 1050 2043 1134 quippe
2108 1050 2473 1117 Academici
2538 1052 2648 1134 qui

347 1158 681 1234 Platonici,
758 1157 926 1241 quod
992 1157 1178 1223 docet
1249 1157 1612 1222 auditorum
1686 1158 1829 1240 ipsa
1903 1158 2248 1223 successio.
2331 1156 2647 1223 Arcesilas

349 1264 536 1339 enim,
603 1264 712 1345 qui
776 1264 1020 1345 primus
1087 1264 1406 1329 occultata
1471 1264 1788 1330 sententia
1853 1283 1967 1329 sua
2028 1264 2189 1329 nihil
2254 1265 2423 1331 aliud
2488 1264 2649 1331 istos

349 1390 533 1453 quam
600 1370 887 1435 refellere
963 1370 1211 1447 statuit,
1278 1388 1528 1453 quaere,
1593 1370 1701 1435 cui
1766 1371 2179 1435 successerit:
2240 1370 2647 1438 Polemonem

346 1477 663 1553 inuenies;
721 1496 970 1560 quaere,
1027 1476 1131 1542 cui
1177 1476 1510 1541 Polemon:
1557 1476 1981 1553 Xenocratem
2038 1476 2377 1542 Xenocrati
2432 1480 2647 1542 autem

350 1584 662 1665 discipulo
711 1581 1140 1661 Academiam,
1189 1582 1473 1648 scholam
1521 1602 1725 1660 suam,
1772 1582 2036 1666 reliquit
2079 1582 2284 1649 Plato.
2336 1587 2640 1666 quantum

347 1690 548 1772 igitur
620 1690 896 1771 pertinet
967 1689 1047 1754 ad
1118 1689 1553 1771 quaestionem
1633 1688 1710 1753 de
1786 1708 2035 1755 summo
2110 1688 2389 1755 hominis
2461 1688 2648 1767 bon0,

349 1814 606 1861 remoue
660 1814 958 1878 personas
1021 1796 1352 1861 hominum
1409 1800 1600 1879 atque
1665 1796 1871 1880 ipsam
1928 1796 2451 1879 disceptationem
2508 1815 2650 1861 con-

353 1902 576 1967 stitue:
631 1902 912 1985 profecto
958 1903 1232 1985 reperies
1281 1902 1440 1968 duos
1491 1921 1730 1968 errores
1778 1904 1943 1967 inter
1998 1922 2067 1969 se
2124 1903 2392 1969 aduersa
2446 1903 2651 1967 fronte

351 2009 608 2089 conlidi,
671 2029 870 2075 unum
915 2009 1410 2075 constituentem
1455 2009 1519 2073 in
1569 2028 1829 2093 corpore
1897 2008 2093 2075 alium
2154 2009 2651 2075 constituentem

349 2114 414 2179 in
479 2116 686 2181 animo
761 2134 1085 2180 summum
1158 2115 1416 2193 bonum,
1493 2114 1801 2180 rationem
1868 2120 2081 2180 autem
2146 2116 2461 2193 ueritatis,
2528 2133 2653 2198 qua

351 2241 671 2287 summum
700 2222 938 2289 bonum
969 2224 1255 2288 nostrum
1277 2221 1434 2287 deus
1459 2240 1600 2287 esse
1629 2222 2047 2305 intellegitur,
2076 2222 2335 2307 utrique
2354 2222 2651 2287 resistere

350 2328 462 2393 sed
523 2347 646 2394 non
709 2329 886 2412 prius
951 2328 1283 2393 docentem
1348 2347 1502 2393 uera
1567 2347 1757 2410 quam
1821 2346 2020 2410 praua
2086 2328 2517 2395 dedocentem.
2583 2328 2650 2393 id

344 2434 557 2517 ipsum
604 2453 857 2499 rursum
905 2434 1219 2499 adiunctis
1263 2435 1551 2515 personis
1601 2434 1952 2499 constitue:
1988 2435 2263 2517 reperies
2299 2435 2644 2517 Epicureos

349 2544 414 2605 et
470 2540 722 2607 Stoicos
785 2542 950 2606 inter
1013 2559 1084 2605 se
1139 2540 1441 2606 acerrime
1501 2540 1899 2621 dimicantes,
1968 2560 2186 2607 eorum
2250 2560 2400 2607 uero
2464 2541 2647 2607 litem

350 2650 648 2713 conantes
732 2646 1076 2712 diiudicare
1152 2646 1520 2713 Platonicos
1587 2646 1979 2713 occultantes
2046 2648 2425 2713 sententiam
2487 2648 2653 2713 ueri-

346 2752 498 2817 tatis
555 2754 622 2817 et
671 2752 925 2817 illorum
982 2772 1210 2819 uanam
1267 2752 1330 2817 in
1388 2754 1669 2819 falsitate
1724 2754 2025 2820 fiduciam
2080 2754 2529 2821 conuincentes
2584 2758 2651 2821 et

305 2885 312 2891 ·
347 2861 824 2945 redarguentes.

155 2970 250 3035 17

255 3196 312 3237 25

438 2966 562 3032 Sed
636 2987 758 3033 non
833 2968 1003 3034 sicut
1073 2967 1171 3033 illi
1238 2988 1518 3034 errorum
1596 2988 1857 3035 suorum
1924 2968 2014 3033 ita
2076 2967 2390 3035 Platonici
2458 2986 2645 3033 uerae

347 3074 610 3139 rationis
675 3094 1010 3157 personam
1075 3076 1342 3159 implere
1405 3079 1770 3159 potuerunt.
1848 3075 2145 3140 omnibus
2212 3075 2381 3139 enim
2446 3074 2649 3139 defuit

351 3180 600 3245 diuinae
665 3182 1050 3247 humilitatis
1108 3182 1486 3264 exemplum,
1543 3182 1713 3265 quod
1770 3181 2308 3265 opportunissimo
2362 3184 2645 3264 tempore

417 3450 452 3504 2
489 3452 732 3504 nostrum
771 3466 871 3504 om.
903 3452 958 3507 A
1068 3454 1101 3506 5
1139 3451 1317 3505 solis.
1351 3450 1410 3505 A
1552 3451 1717 3505 iidem
1754 3451 1877 3506 edd.
1905 3457 2137 3520 praeter
2164 3468 2203 3505 a
2344 3450 2490 3505 idem
2528 3450 2650 3520 qui-

347 3538 466 3593 dem
507 3539 708 3610 quippe
741 3538 884 3593 P¹V
1071 3539 1420 3595 achademice
1455 3539 1531 3593 M
1565 3544 1656 3605 (m.
1678 3544 1719 3593 2
1753 3539 2111 3607 achademiei)
2148 3542 2204 3596 A
2243 3541 2377 3608 (ras.
2418 3536 2650 3593 achade-

345 3627 494 3691 mici)
607 3628 640 3681 6
677 3626 1008 3682 auditorium
1045 3630 1210 3697 (post.
1251 3628 1270 3681 i
1308 3644 1426 3697 exp.
1465 3646 1532 3683 m.
1553 3633 1605 3696 1)
1642 3628 1716 3683 M
1820 3628 2125 3683 archeselas
2150 3628 2207 3683 Ρ
2240 3626 2571 3683 archiselaus
2594 3626 2652 3682 R

347 3716 612 3770 achesilas
661 3716 712 3768 V
860 3716 891 3770 7
931 3716 1146 3771 occulta
1181 3716 1305 3772 MA
1449 3718 1586 3771 istos
1625 3734 1803 3787 quam,
1840 3718 2013 3787 siynis
2049 3732 2189 3773 corr.
2229 3733 2390 3787 quam
2426 3717 2565 3769 istos
2601 3715 2658 3770 Ρ

345 3808 380 3859 9
416 3810 757 3860 xenocratem
787 3804 846 3861 R
881 3806 1001 3859 edd.
1081 3807 1146 3861 10
1185 3805 1408 3861 achade.
1445 3806 1554 3860 iam
1592 3806 1668 3860 M
1738 3807 1801 3860 11
1842 3805 1913 3861 ad
1952 3805 2293 3875 questionem
2330 3804 2571 3875 pertinet
2596 3802 2652 3857 R

349 3894 416 3947 12
453 3894 704 3957 hominis,
743 3910 881 3949 corr.
919 3912 988 3948 m.
1016 3899 1048 3949 1
1081 3894 1359 3949 hominum
1394 3896 1450 3950 A
1593 3895 1769 3965 ipsam
1806 3910 1909 3949 om.
1939 3893 1996 3948 Ρ
2136 3892 2571 3964 deceptationem
2596 3892 2652 3945 A

350 3983 415 4038 13
452 3982 700 4053 profecto
741 3986 940 4053 (postr.
983 3984 1018 4038 1.
1055 3984 1118 4037 in
1153 3999 1265 4038 ras.
1305 4002 1375 4041 m.
1399 3988 1458 4053 2)
1485 3983 1561 4037 Μ
1702 3984 1826 4048 duo,
1863 4000 1932 4037 m.
1955 3986 1995 4037 2
2031 3982 2167 4037 duos
2189 3982 2247 4037 ,Ρ
2387 3982 2532 4035 inter
2567 3980 2649 4049 se]

347 4088 404 4125 se
441 4070 625 4125 MAP
657 4070 781 4141 (del.
819 4088 890 4126 m.
911 4074 972 4139 2)
1011 4071 1202 4126 P¹Va
1239 4072 1346 4127 sibi
1383 4072 1439 4127 R
1526 4072 1593 4128 14
1632 4070 1799 4126 alium
1836 4074 2236 4125 construentem
2274 4071 2330 4125 A
2416 4070 2483 4123 15
2510 4069 2653 4123 ueri·

345 4160 482 4215 tatis
521 4164 702 4215 antem
737 4160 912 4231 siqnis
948 4176 1087 4215 corr.
1139 4160 1184 4212 V
1324 4177 1433 4231 qua
1468 4178 1591 4215 eum
1627 4177 1741 4217 ras.
1780 4176 1946 4229 super
1982 4176 2015 4214 a
2040 4160 2099 4215 A
2208 4158 2275 4214 18
2311 4174 2493 4212 rursus
2519 4156 2659 4213 P¹V

419 4250 749 4304 constituere
789 4249 1067 4319 epicureos
1105 4251 1161 4304 A
1295 4249 1365 4303 20
1404 4249 1702 4304 diiudicare
1741 4251 2001 4303 conantes
2037 4248 2094 4304 R
2239 4249 2305 4303 21
2346 4247 2656 4310 mamiliorum,

343 4339 517 4407 fuisse
553 4339 668 4393 uid.
707 4338 977 4393 nullorum
1013 4337 1088 4393 1²¹
1199 4340 1268 4394 23
1306 4339 1400 4393 ille
1437 4340 1494 4395 A
