<?xml version="1.0" encoding="UTF-8"?>
<!DOCTYPE html PUBLIC "-//W3C//DTD XHTML 1.0 Transitional//EN"
    "http://www.w3.org/TR/xhtml1/DTD/xhtml1-transitional.dtd">
<html xmlns="http://www.w3.org/1999/xhtml" xml:lang="en" lang="en">
 <head>
  <title>
</title>
<meta http-equiv="Content-Type" content="text/html;charset=utf-8" />
  <meta name='ocr-system' content='tesseract 3.04.00' />
  <meta name='ocr-capabilities' content='ocr_page ocr_carea ocr_par ocr_line ocrx_word'/>
</head>
<body>
  <div class='ocr_page' id='page_1' title='image "./corpusscriptoru26wiengoog_0577.png"; bbox 0 0 3184 4959; ppageno 0'>
   <div class='ocr_carea' id='block_1_1' title="bbox 1196 475 2688 545">
    <p class='ocr_par' dir='ltr' id='par_1_1' title="bbox 1196 475 2688 545">
     <span class='ocr_line' id='line_1_1' title="bbox 1196 475 2688 545; baseline 0.011 -18"><span class='ocrx_word' id='word_1_1' title='bbox 1196 475 1730 545; x_wconf 79' lang='lat' dir='ltr'><strong>epistularum</strong></span> <span class='ocrx_word' id='word_1_2' title='bbox 1787 475 1903 531; x_wconf 90' lang='lat' dir='ltr'><strong>CII.</strong></span> <span class='ocrx_word' id='word_1_3' title='bbox 2563 479 2688 543; x_wconf 82' lang='lat'>561</span> 
     </span>
    </p>
   </div>
   <div class='ocr_carea' id='block_1_2' title="bbox 214 670 2697 2994">
    <p class='ocr_par' dir='ltr' id='par_1_2' title="bbox 305 670 2697 2353">
     <span class='ocr_line' id='line_1_2' title="bbox 391 670 2696 753; baseline 0 -18"><span class='ocrx_word' id='word_1_4' title='bbox 391 673 643 737; x_wconf 88' lang='lat' dir='ltr'>nostros</span> <span class='ocrx_word' id='word_1_5' title='bbox 698 670 896 736; x_wconf 91' lang='lat' dir='ltr'>libros</span> <span class='ocrx_word' id='word_1_6' title='bbox 952 671 1121 736; x_wconf 86' lang='lat' dir='ltr'>uelle</span> <span class='ocrx_word' id='word_1_7' title='bbox 1177 689 1417 749; x_wconf 87' lang='lat' dir='ltr'>sonare,</span> <span class='ocrx_word' id='word_1_8' title='bbox 1476 671 1647 753; x_wconf 90' lang='lat' dir='ltr'>quod</span> <span class='ocrx_word' id='word_1_9' title='bbox 1703 670 1970 736; x_wconf 89' lang='lat' dir='ltr'>huiusce</span> <span class='ocrx_word' id='word_1_10' title='bbox 2025 671 2200 736; x_wconf 92' lang='lat' dir='ltr'>modi</span> <span class='ocrx_word' id='word_1_11' title='bbox 2255 671 2521 737; x_wconf 84' lang='lat' dir='ltr'>affectus</span> <span class='ocrx_word' id='word_1_12' title='bbox 2578 670 2696 736; x_wconf 91' lang='lat' dir='ltr'>hu-</span> 
     </span>
     <span class='ocr_line' id='line_1_3' title="bbox 394 777 2693 862; baseline 0 -20"><span class='ocrx_word' id='word_1_13' title='bbox 394 797 579 843; x_wconf 89' lang='lat' dir='ltr'>mano</span> <span class='ocrx_word' id='word_1_14' title='bbox 640 777 807 843; x_wconf 91' lang='lat' dir='ltr'>cordi</span> <span class='ocrx_word' id='word_1_15' title='bbox 876 797 948 842; x_wconf 85' lang='lat' dir='ltr'>ex</span> <span class='ocrx_word' id='word_1_16' title='bbox 1010 777 1201 844; x_wconf 88' lang='lat' dir='ltr'>idolis</span> <span class='ocrx_word' id='word_1_17' title='bbox 1277 778 1646 854; x_wconf 78' lang='lat' dir='ltr'><strong>innascitur,</strong></span> <span class='ocrx_word' id='word_1_18' title='bbox 1727 778 2126 859; x_wconf 86' lang='lat' dir='ltr'>apertissime</span> <span class='ocrx_word' id='word_1_19' title='bbox 2193 779 2500 862; x_wconf 90' lang='lat' dir='ltr'>scriptum</span> <span class='ocrx_word' id='word_1_20' title='bbox 2566 781 2693 844; x_wconf 86' lang='lat' dir='ltr'>est:</span> 
     </span>
     <span class='ocr_line' id='line_1_4' title="bbox 395 881 2696 968; baseline -0.001 -18"><span class='ocrx_word' id='word_1_21' title='bbox 395 881 788 962; x_wconf 84' lang='lat' dir='ltr'><strong>Quoniam</strong></span> <span class='ocrx_word' id='word_1_22' title='bbox 873 903 1144 950; x_wconf 91' lang='lat' dir='ltr'>omnes</span> <span class='ocrx_word' id='word_1_23' title='bbox 1232 882 1347 948; x_wconf 89' lang='lat' dir='ltr'>dii</span> <span class='ocrx_word' id='word_1_24' title='bbox 1430 884 1795 968; x_wconf 88' lang='lat' dir='ltr'>gentium</span> <span class='ocrx_word' id='word_1_25' title='bbox 1873 884 2311 950; x_wconf 86' lang='lat' dir='ltr'>daemonia.</span> <span class='ocrx_word' id='word_1_26' title='bbox 2396 885 2560 950; x_wconf 89' lang='lat' dir='ltr'>unde</span> <span class='ocrx_word' id='word_1_27' title='bbox 2632 887 2696 948; x_wconf 91' lang='lat' dir='ltr'>et</span> 
     </span>
     <span class='ocr_line' id='line_1_5' title="bbox 393 989 2692 1074; baseline -0 -18"><span class='ocrx_word' id='word_1_28' title='bbox 393 991 743 1073; x_wconf 87' lang='lat' dir='ltr'>apostolica</span> <span class='ocrx_word' id='word_1_29' title='bbox 800 990 1136 1074; x_wconf 85' lang='lat' dir='ltr'>disciplina</span> <span class='ocrx_word' id='word_1_30' title='bbox 1199 1007 1320 1054; x_wconf 91' lang='lat' dir='ltr'>non</span> <span class='ocrx_word' id='word_1_31' title='bbox 1388 989 1598 1056; x_wconf 91' lang='lat' dir='ltr'>solum</span> <span class='ocrx_word' id='word_1_32' title='bbox 1655 990 1828 1068; x_wconf 89' lang='lat' dir='ltr'>dicit,</span> <span class='ocrx_word' id='word_1_33' title='bbox 1898 991 2066 1072; x_wconf 87' lang='lat' dir='ltr'>quod</span> <span class='ocrx_word' id='word_1_34' title='bbox 2131 990 2296 1074; x_wconf 90' lang='lat' dir='ltr'>apud</span> <span class='ocrx_word' id='word_1_35' title='bbox 2350 992 2692 1057; x_wconf 82' lang='lat' dir='ltr'>Iohannem</span> 
     </span>
     <span class='ocr_line' id='line_1_6' title="bbox 329 1097 2692 1182; baseline 0.003 -25"><span class='ocrx_word' id='word_1_36' title='bbox 329 1117 356 1157; x_wconf 79' lang='lat'><strong>5</strong></span> <span class='ocrx_word' id='word_1_37' title='bbox 394 1099 661 1182; x_wconf 88' lang='lat' dir='ltr'>legitur:</span> <span class='ocrx_word' id='word_1_38' title='bbox 726 1098 1079 1172; x_wconf 75' lang='lat' dir='ltr'>Fratres,</span> <span class='ocrx_word' id='word_1_39' title='bbox 1159 1098 1449 1162; x_wconf 89' lang='lat' dir='ltr'>cauete</span> <span class='ocrx_word' id='word_1_40' title='bbox 1526 1116 1563 1161; x_wconf 89' lang='lat' dir='ltr'>a</span> <span class='ocrx_word' id='word_1_41' title='bbox 1637 1097 2126 1176; x_wconf 67' lang='lat' dir='ltr'>simulantia,</span> <span class='ocrx_word' id='word_1_42' title='bbox 2203 1118 2426 1164; x_wconf 89' lang='lat' dir='ltr'>uerum</span> <span class='ocrx_word' id='word_1_43' title='bbox 2501 1099 2692 1164; x_wconf 86' lang='lat' dir='ltr'>etiam</span> 
     </span>
     <span class='ocr_line' id='line_1_7' title="bbox 396 1201 2692 1288; baseline 0 -18"><span class='ocrx_word' id='word_1_44' title='bbox 396 1205 565 1288; x_wconf 88' lang='lat' dir='ltr'>quod</span> <span class='ocrx_word' id='word_1_45' title='bbox 614 1205 781 1288; x_wconf 92' lang='lat' dir='ltr'>apud</span> <span class='ocrx_word' id='word_1_46' title='bbox 826 1204 1130 1270; x_wconf 84' lang='lat' dir='ltr'>Paulum:</span> <span class='ocrx_word' id='word_1_47' title='bbox 1190 1201 1397 1283; x_wconf 84' lang='lat' dir='ltr'>Quid</span> <span class='ocrx_word' id='word_1_48' title='bbox 1452 1222 1642 1288; x_wconf 87' lang='lat' dir='ltr'>ergo</span> <span class='ocrx_word' id='word_1_49' title='bbox 1701 1203 1924 1268; x_wconf 82' lang='lat' dir='ltr'>dico?</span> <span class='ocrx_word' id='word_1_50' title='bbox 1989 1205 2193 1288; x_wconf 88' lang='lat' dir='ltr'>quod</span> <span class='ocrx_word' id='word_1_51' title='bbox 2251 1205 2506 1270; x_wconf 92' lang='lat' dir='ltr'>idolis</span> <span class='ocrx_word' id='word_1_52' title='bbox 2560 1206 2692 1271; x_wconf 90' lang='lat' dir='ltr'>im·</span> 
     </span>
     <span class='ocr_line' id='line_1_8' title="bbox 392 1309 2694 1395; baseline 0.001 -19"><span class='ocrx_word' id='word_1_53' title='bbox 392 1312 779 1376; x_wconf 89' lang='lat' dir='ltr'>molatum</span> <span class='ocrx_word' id='word_1_54' title='bbox 838 1311 951 1374; x_wconf 90' lang='lat' dir='ltr'>sit</span> <span class='ocrx_word' id='word_1_55' title='bbox 1008 1309 1327 1392; x_wconf 88' lang='lat' dir='ltr'>aliquid</span> <span class='ocrx_word' id='word_1_56' title='bbox 1382 1313 1521 1374; x_wconf 91' lang='lat' dir='ltr'>aut</span> <span class='ocrx_word' id='word_1_57' title='bbox 1576 1311 1886 1376; x_wconf 89' lang='lat' dir='ltr'>idolum</span> <span class='ocrx_word' id='word_1_58' title='bbox 1943 1313 2070 1376; x_wconf 90' lang='lat' dir='ltr'>est</span> <span class='ocrx_word' id='word_1_59' title='bbox 2125 1311 2498 1395; x_wconf 80' lang='lat' dir='ltr'>aliquid?</span> <span class='ocrx_word' id='word_1_60' title='bbox 2555 1313 2694 1378; x_wconf 87' lang='lat' dir='ltr'>sed</span> 
     </span>
     <span class='ocr_line' id='line_1_9' title="bbox 398 1416 2692 1503; baseline 0 -20"><span class='ocrx_word' id='word_1_61' title='bbox 398 1437 594 1503; x_wconf 88' lang='lat' dir='ltr'>quae</span> <span class='ocrx_word' id='word_1_62' title='bbox 650 1416 1073 1482; x_wconf 86' lang='lat' dir='ltr'>immolant</span> <span class='ocrx_word' id='word_1_63' title='bbox 1140 1419 1447 1500; x_wconf 81' lang='lat' dir='ltr'>genteS,</span> <span class='ocrx_word' id='word_1_64' title='bbox 1516 1417 1968 1482; x_wconf 81' lang='lat' dir='ltr'>daemoniis</span> <span class='ocrx_word' id='word_1_65' title='bbox 2027 1420 2104 1482; x_wconf 88' lang='lat' dir='ltr'>et</span> <span class='ocrx_word' id='word_1_66' title='bbox 2159 1437 2306 1483; x_wconf 90' lang='lat' dir='ltr'>non</span> <span class='ocrx_word' id='word_1_67' title='bbox 2365 1418 2506 1484; x_wconf 90' lang='lat' dir='ltr'>deo</span> <span class='ocrx_word' id='word_1_68' title='bbox 2565 1420 2692 1484; x_wconf 90' lang='lat' dir='ltr'>im-</span> 
     </span>
     <span class='ocr_line' id='line_1_10' title="bbox 394 1524 2694 1598; baseline -0.001 -8"><span class='ocrx_word' id='word_1_69' title='bbox 394 1526 734 1598; x_wconf 87' lang='lat' dir='ltr'>molant;</span> <span class='ocrx_word' id='word_1_70' title='bbox 782 1524 966 1589; x_wconf 93' lang='lat' dir='ltr'>nolo</span> <span class='ocrx_word' id='word_1_71' title='bbox 1006 1527 1275 1588; x_wconf 87' lang='lat' dir='ltr'>autem</span> <span class='ocrx_word' id='word_1_72' title='bbox 1320 1541 1464 1588; x_wconf 87' lang='lat' dir='ltr'>uos</span> <span class='ocrx_word' id='word_1_73' title='bbox 1514 1525 1788 1589; x_wconf 88' lang='lat' dir='ltr'>socios</span> <span class='ocrx_word' id='word_1_74' title='bbox 1835 1524 2028 1589; x_wconf 86' lang='lat' dir='ltr'>fieri</span> <span class='ocrx_word' id='word_1_75' title='bbox 2067 1524 2694 1591; x_wconf 85' lang='lat' dir='ltr'>daemoniorum.</span> 
     </span>
     <span class='ocr_line' id='line_1_11' title="bbox 305 1630 2692 1714; baseline 0.002 -22"><span class='ocrx_word' id='word_1_76' title='bbox 305 1651 357 1692; x_wconf 81' lang='grc' dir='ltr'>ιο</span> <span class='ocrx_word' id='word_1_77' title='bbox 394 1631 560 1696; x_wconf 88' lang='lat' dir='ltr'>unde</span> <span class='ocrx_word' id='word_1_78' title='bbox 628 1631 783 1696; x_wconf 86' lang='lat' dir='ltr'>satis</span> <span class='ocrx_word' id='word_1_79' title='bbox 857 1630 1145 1714; x_wconf 77' lang='lat' dir='ltr'>intellegi</span> <span class='ocrx_word' id='word_1_80' title='bbox 1223 1634 1438 1712; x_wconf 85' lang='lat' dir='ltr'>potest</span> <span class='ocrx_word' id='word_1_81' title='bbox 1517 1649 1640 1695; x_wconf 91' lang='lat' dir='ltr'>non</span> <span class='ocrx_word' id='word_1_82' title='bbox 1704 1634 1836 1695; x_wconf 87' lang='lat' dir='ltr'>tam</span> <span class='ocrx_word' id='word_1_83' title='bbox 1901 1631 2108 1713; x_wconf 88' lang='lat' dir='ltr'>ipsam</span> <span class='ocrx_word' id='word_1_84' title='bbox 2169 1630 2692 1708; x_wconf 76' lang='lat' dir='ltr'>immolationem,</span> 
     </span>
     <span class='ocr_line' id='line_1_12' title="bbox 393 1736 2692 1820; baseline 0 -18"><span class='ocrx_word' id='word_1_85' title='bbox 393 1757 541 1802; x_wconf 87' lang='lat' dir='ltr'>nam</span> <span class='ocrx_word' id='word_1_86' title='bbox 615 1757 767 1803; x_wconf 91' lang='lat' dir='ltr'>uero</span> <span class='ocrx_word' id='word_1_87' title='bbox 834 1736 951 1802; x_wconf 88' lang='lat' dir='ltr'>deo</span> <span class='ocrx_word' id='word_1_88' title='bbox 1026 1737 1221 1820; x_wconf 79' lang='lat' dir='ltr'>prisci</span> <span class='ocrx_word' id='word_1_89' title='bbox 1294 1737 1495 1801; x_wconf 88' lang='lat' dir='ltr'>sancti</span> <span class='ocrx_word' id='word_1_90' title='bbox 1569 1737 2082 1814; x_wconf 88' lang='lat' dir='ltr'>immolauerunt,</span> <span class='ocrx_word' id='word_1_91' title='bbox 2157 1741 2270 1803; x_wconf 88' lang='lat' dir='ltr'>sed</span> <span class='ocrx_word' id='word_1_92' title='bbox 2338 1739 2506 1820; x_wconf 91' lang='lat' dir='ltr'>quod</span> <span class='ocrx_word' id='word_1_93' title='bbox 2570 1739 2692 1803; x_wconf 90' lang='lat' dir='ltr'>diis</span> 
     </span>
     <span class='ocr_line' id='line_1_13' title="bbox 393 1843 2694 1928; baseline 0.001 -20"><span class='ocrx_word' id='word_1_94' title='bbox 393 1844 573 1909; x_wconf 85' lang='lat' dir='ltr'>falsis</span> <span class='ocrx_word' id='word_1_95' title='bbox 651 1847 716 1908; x_wconf 90' lang='lat' dir='ltr'>et</span> <span class='ocrx_word' id='word_1_96' title='bbox 795 1843 1009 1926; x_wconf 87' lang='lat' dir='ltr'>impiis</span> <span class='ocrx_word' id='word_1_97' title='bbox 1086 1843 1431 1908; x_wconf 84' lang='lat' dir='ltr'>daemoniis</span> <span class='ocrx_word' id='word_1_98' title='bbox 1516 1843 1904 1922; x_wconf 90' lang='lat' dir='ltr'>immolatur,</span> <span class='ocrx_word' id='word_1_99' title='bbox 1988 1845 2358 1928; x_wconf 89' lang='lat' dir='ltr'>reprehendi</span> <span class='ocrx_word' id='word_1_100' title='bbox 2433 1865 2469 1910; x_wconf 92' lang='lat' dir='ltr'>a</span> <span class='ocrx_word' id='word_1_101' title='bbox 2541 1865 2694 1910; x_wconf 89' lang='lat' dir='ltr'>uera</span> 
     </span>
     <span class='ocr_line' id='line_1_14' title="bbox 394 1950 2694 2036; baseline 0 -19"><span class='ocrx_word' id='word_1_102' title='bbox 394 1951 697 2036; x_wconf 88' lang='lat' dir='ltr'>religione</span> <span class='ocrx_word' id='word_1_103' title='bbox 744 1951 809 2015; x_wconf 90' lang='lat' dir='ltr'>in</span> <span class='ocrx_word' id='word_1_104' title='bbox 858 1950 1423 2034; x_wconf 79' lang='lat' dir='ltr'>superstitionibus</span> <span class='ocrx_word' id='word_1_105' title='bbox 1473 1951 1782 2035; x_wconf 90' lang='lat' dir='ltr'>gentium.</span> <span class='ocrx_word' id='word_1_106' title='bbox 1841 1950 2010 2017; x_wconf 89' lang='lat' dir='ltr'>sicut</span> <span class='ocrx_word' id='word_1_107' title='bbox 2056 1951 2220 2016; x_wconf 89' lang='lat' dir='ltr'>enim</span> <span class='ocrx_word' id='word_1_108' title='bbox 2267 1951 2504 2018; x_wconf 87' lang='lat' dir='ltr'>ueritas</span> <span class='ocrx_word' id='word_1_109' title='bbox 2551 1951 2694 2017; x_wconf 88' lang='lat' dir='ltr'>hor-</span> 
     </span>
     <span class='ocr_line' id='line_1_15' title="bbox 396 2057 2697 2142; baseline -0.001 -16"><span class='ocrx_word' id='word_1_110' title='bbox 396 2061 569 2126; x_wconf 84' lang='lat' dir='ltr'>tatur</span> <span class='ocrx_word' id='word_1_111' title='bbox 622 2057 911 2124; x_wconf 90' lang='lat' dir='ltr'>homines</span> <span class='ocrx_word' id='word_1_112' title='bbox 966 2057 1101 2122; x_wconf 90' lang='lat' dir='ltr'>fieri</span> <span class='ocrx_word' id='word_1_113' title='bbox 1158 2057 1366 2123; x_wconf 89' lang='lat' dir='ltr'>socios</span> <span class='ocrx_word' id='word_1_114' title='bbox 1425 2061 1792 2122; x_wconf 87' lang='lat' dir='ltr'>sanctorum</span> <span class='ocrx_word' id='word_1_115' title='bbox 1850 2058 2238 2142; x_wconf 87' lang='lat' dir='ltr'>angelorum,</span> <span class='ocrx_word' id='word_1_116' title='bbox 2295 2059 2388 2124; x_wconf 86' lang='lat' dir='ltr'>ita</span> <span class='ocrx_word' id='word_1_117' title='bbox 2443 2058 2697 2124; x_wconf 88' lang='lat' dir='ltr'>seducit</span> 
     </span>
     <span class='ocr_line' id='line_1_16' title="bbox 306 2162 2693 2250; baseline 0 -21"><span class='ocrx_word' id='word_1_118' title='bbox 306 2187 357 2229; x_wconf 70' lang='grc' dir='ltr'>ιε</span> <span class='ocrx_word' id='word_1_119' title='bbox 392 2164 689 2248; x_wconf 78' lang='lat' dir='ltr'>impietas</span> <span class='ocrx_word' id='word_1_120' title='bbox 745 2163 825 2228; x_wconf 87' lang='lat' dir='ltr'>ad</span> <span class='ocrx_word' id='word_1_121' title='bbox 889 2163 1259 2229; x_wconf 86' lang='lat' dir='ltr'>societatem</span> <span class='ocrx_word' id='word_1_122' title='bbox 1326 2162 1820 2243; x_wconf 87' lang='lat' dir='ltr'>daemoniorum,</span> <span class='ocrx_word' id='word_1_123' title='bbox 1889 2165 1992 2228; x_wconf 85' lang='lat' dir='ltr'>cui</span> <span class='ocrx_word' id='word_1_124' title='bbox 2055 2167 2464 2248; x_wconf 88' lang='lat' dir='ltr'>praeparatur</span> <span class='ocrx_word' id='word_1_125' title='bbox 2521 2165 2693 2250; x_wconf 90' lang='lat' dir='ltr'>ignis</span> 
     </span>
     <span class='ocr_line' id='line_1_17' title="bbox 396 2270 2362 2353; baseline -0.001 -16"><span class='ocrx_word' id='word_1_126' title='bbox 396 2275 687 2338; x_wconf 87' lang='lat' dir='ltr'>aeternus</span> <span class='ocrx_word' id='word_1_127' title='bbox 736 2271 909 2336; x_wconf 88' lang='lat' dir='ltr'>sicut</span> <span class='ocrx_word' id='word_1_128' title='bbox 949 2291 1215 2353; x_wconf 89' lang='lat' dir='ltr'>regnum</span> <span class='ocrx_word' id='word_1_129' title='bbox 1262 2273 1589 2336; x_wconf 87' lang='lat' dir='ltr'>aeternum</span> <span class='ocrx_word' id='word_1_130' title='bbox 1639 2270 1932 2335; x_wconf 84' lang='lat' dir='ltr'>societati</span> <span class='ocrx_word' id='word_1_131' title='bbox 1979 2275 2362 2336; x_wconf 84' lang='lat' dir='ltr'>sanctorum.</span> 
     </span>
    </p>

    <p class='ocr_par' dir='ltr' id='par_1_3' title="bbox 214 2377 2692 2673">
     <span class='ocr_line' id='line_1_18' title="bbox 214 2377 2692 2463; baseline -0 -20"><span class='ocrx_word' id='word_1_132' title='bbox 214 2381 302 2444; x_wconf 88' lang='grc'>20</span> <span class='ocrx_word' id='word_1_133' title='bbox 483 2378 705 2461; x_wconf 89' lang='lat' dir='ltr'>Neque</span> <span class='ocrx_word' id='word_1_134' title='bbox 768 2377 945 2443; x_wconf 86' lang='lat' dir='ltr'>illinc</span> <span class='ocrx_word' id='word_1_135' title='bbox 1002 2381 1304 2442; x_wconf 84' lang='lat' dir='ltr'>excusant</span> <span class='ocrx_word' id='word_1_136' title='bbox 1364 2377 1546 2459; x_wconf 88' lang='lat' dir='ltr'>impii</span> <span class='ocrx_word' id='word_1_137' title='bbox 1613 2397 1732 2444; x_wconf 89' lang='lat' dir='ltr'>sua</span> <span class='ocrx_word' id='word_1_138' title='bbox 1785 2379 2094 2463; x_wconf 87' lang='lat' dir='ltr'>sacrilega</span> <span class='ocrx_word' id='word_1_139' title='bbox 2147 2397 2326 2442; x_wconf 90' lang='lat' dir='ltr'>sacra</span> <span class='ocrx_word' id='word_1_140' title='bbox 2379 2380 2444 2442; x_wconf 90' lang='lat' dir='ltr'>et</span> <span class='ocrx_word' id='word_1_141' title='bbox 2497 2377 2692 2442; x_wconf 88' lang='lat' dir='ltr'>simu-</span> 
     </span>
     <span class='ocr_line' id='line_1_19' title="bbox 392 2483 2691 2568; baseline 0.001 -20"><span class='ocrx_word' id='word_1_142' title='bbox 392 2486 581 2562; x_wconf 85' lang='lat' dir='ltr'>lacra,</span> <span class='ocrx_word' id='word_1_143' title='bbox 628 2485 798 2567; x_wconf 87' lang='lat' dir='ltr'>quod</span> <span class='ocrx_word' id='word_1_144' title='bbox 846 2485 1167 2568; x_wconf 85' lang='lat' dir='ltr'>eleganter</span> <span class='ocrx_word' id='word_1_145' title='bbox 1210 2485 1722 2567; x_wconf 81' lang='lat' dir='ltr'>interpretantur,</span> <span class='ocrx_word' id='word_1_146' title='bbox 1779 2485 1933 2566; x_wconf 89' lang='lat' dir='ltr'>quid</span> <span class='ocrx_word' id='word_1_147' title='bbox 1980 2503 2267 2568; x_wconf 88' lang='lat' dir='ltr'>quaeque</span> <span class='ocrx_word' id='word_1_148' title='bbox 2313 2483 2691 2568; x_wconf 87' lang='lat' dir='ltr'>significent.</span> 
     </span>
     <span class='ocr_line' id='line_1_20' title="bbox 395 2589 2692 2673; baseline -0 -18"><span class='ocrx_word' id='word_1_149' title='bbox 395 2591 597 2656; x_wconf 91' lang='lat' dir='ltr'>omnis</span> <span class='ocrx_word' id='word_1_150' title='bbox 662 2590 898 2673; x_wconf 89' lang='lat' dir='ltr'>quippe</span> <span class='ocrx_word' id='word_1_151' title='bbox 960 2590 1076 2654; x_wconf 89' lang='lat' dir='ltr'>illa</span> <span class='ocrx_word' id='word_1_152' title='bbox 1136 2589 1571 2673; x_wconf 84' lang='lat' dir='ltr'>interpretatio</span> <span class='ocrx_word' id='word_1_153' title='bbox 1640 2590 1716 2655; x_wconf 88' lang='lat' dir='ltr'>ad</span> <span class='ocrx_word' id='word_1_154' title='bbox 1793 2595 2144 2655; x_wconf 85' lang='lat' dir='ltr'>creaturam</span> <span class='ocrx_word' id='word_1_155' title='bbox 2209 2591 2496 2669; x_wconf 85' lang='lat' dir='ltr'>refertur,</span> <span class='ocrx_word' id='word_1_156' title='bbox 2571 2609 2692 2656; x_wconf 92' lang='lat' dir='ltr'>non</span> 
     </span>
    </p>

    <p class='ocr_par' dir='ltr' id='par_1_4' title="bbox 303 2696 2691 2994">
     <span class='ocr_line' id='line_1_21' title="bbox 303 2696 2691 2782; baseline -0.001 -20"><span class='ocrx_word' id='word_1_157' title='bbox 303 2721 357 2762; x_wconf 75' lang='lat'>20</span> <span class='ocrx_word' id='word_1_158' title='bbox 394 2698 472 2763; x_wconf 88' lang='lat' dir='ltr'>ad</span> <span class='ocrx_word' id='word_1_159' title='bbox 528 2700 891 2772; x_wconf 84' lang='lat' dir='ltr'>creatorem,</span> <span class='ocrx_word' id='word_1_160' title='bbox 961 2697 1067 2762; x_wconf 89' lang='lat' dir='ltr'>cui</span> <span class='ocrx_word' id='word_1_161' title='bbox 1124 2696 1236 2760; x_wconf 88' lang='lat' dir='ltr'>uni</span> <span class='ocrx_word' id='word_1_162' title='bbox 1292 2697 1558 2762; x_wconf 89' lang='lat' dir='ltr'>debetur</span> <span class='ocrx_word' id='word_1_163' title='bbox 1624 2697 1900 2762; x_wconf 87' lang='lat' dir='ltr'>seruitus</span> <span class='ocrx_word' id='word_1_164' title='bbox 1955 2697 2285 2782; x_wconf 85' lang='lat' dir='ltr'>religionis</span> <span class='ocrx_word' id='word_1_165' title='bbox 2341 2696 2472 2776; x_wconf 90' lang='lat' dir='ltr'>illa,</span> <span class='ocrx_word' id='word_1_166' title='bbox 2531 2715 2691 2778; x_wconf 88' lang='lat' dir='ltr'>quae</span> 
     </span>
     <span class='ocr_line' id='line_1_22' title="bbox 394 2801 2688 2887; baseline -0.001 -19"><span class='ocrx_word' id='word_1_167' title='bbox 394 2824 516 2869; x_wconf 89' lang='lat' dir='ltr'>uno</span> <span class='ocrx_word' id='word_1_168' title='bbox 556 2804 807 2868; x_wconf 90' lang='lat' dir='ltr'>nomine</span> <span class='ocrx_word' id='word_1_169' title='bbox 844 2802 1089 2886; x_wconf 76' lang='grc' dir='ltr'>λατρεία</span> <span class='ocrx_word' id='word_1_170' title='bbox 1129 2801 1366 2868; x_wconf 86' lang='lat' dir='ltr'>Graece</span> <span class='ocrx_word' id='word_1_171' title='bbox 1406 2803 1779 2887; x_wconf 86' lang='lat' dir='ltr'>appeHatur.</span> <span class='ocrx_word' id='word_1_172' title='bbox 1819 2823 1933 2869; x_wconf 84' lang='lat' dir='ltr'>nec</span> <span class='ocrx_word' id='word_1_173' title='bbox 1971 2823 2085 2870; x_wconf 89' lang='lat' dir='ltr'>nos</span> <span class='ocrx_word' id='word_1_174' title='bbox 2124 2803 2396 2868; x_wconf 90' lang='lat' dir='ltr'>dicimus</span> <span class='ocrx_word' id='word_1_175' title='bbox 2433 2805 2688 2880; x_wconf 86' lang='lat' dir='ltr'>terram,</span> 
     </span>
     <span class='ocr_line' id='line_1_23' title="bbox 392 2908 2689 2994; baseline -0 -20"><span class='ocrx_word' id='word_1_176' title='bbox 392 2911 609 2989; x_wconf 87' lang='lat' dir='ltr'>maria,</span> <span class='ocrx_word' id='word_1_177' title='bbox 689 2911 957 2989; x_wconf 89' lang='lat' dir='ltr'>caelum,</span> <span class='ocrx_word' id='word_1_178' title='bbox 1037 2909 1260 2985; x_wconf 89' lang='lat' dir='ltr'>solem,</span> <span class='ocrx_word' id='word_1_179' title='bbox 1334 2909 1572 2987; x_wconf 89' lang='lat' dir='ltr'>lunam,</span> <span class='ocrx_word' id='word_1_180' title='bbox 1649 2911 1870 2976; x_wconf 90' lang='lat' dir='ltr'>stellas</span> <span class='ocrx_word' id='word_1_181' title='bbox 1937 2914 2005 2976; x_wconf 92' lang='lat' dir='ltr'>et</span> <span class='ocrx_word' id='word_1_182' title='bbox 2065 2910 2373 2994; x_wconf 87' lang='lat' dir='ltr'>quasdam</span> <span class='ocrx_word' id='word_1_183' title='bbox 2437 2928 2560 2974; x_wconf 91' lang='lat' dir='ltr'>non</span> <span class='ocrx_word' id='word_1_184' title='bbox 2624 2908 2689 2974; x_wconf 91' lang='lat' dir='ltr'>in</span> 
     </span>
    </p>
   </div>
   <div class='ocr_carea' id='block_1_3' title="bbox 390 3097 2686 3256">
    <p class='ocr_par' dir='ltr' id='par_1_5' title="bbox 390 3097 2686 3256">
     <span class='ocr_line' id='line_1_24' title="bbox 571 3097 2686 3164; baseline -0.002 -9"><span class='ocrx_word' id='word_1_185' title='bbox 571 3103 603 3155; x_wconf 88' lang='lat'><strong>3</strong></span> <span class='ocrx_word' id='word_1_186' title='bbox 641 3101 729 3155; x_wconf 86' lang='lat' dir='ltr'>Ps.</span> <span class='ocrx_word' id='word_1_187' title='bbox 769 3101 855 3164; x_wconf 87' lang='lat'>95,</span> <span class='ocrx_word' id='word_1_188' title='bbox 894 3105 927 3156; x_wconf 88' lang='grc'><strong>5</strong></span> <span class='ocrx_word' id='word_1_189' title='bbox 1055 3104 1088 3156; x_wconf 86' lang='grc'>5</span> <span class='ocrx_word' id='word_1_190' title='bbox 1124 3101 1153 3156; x_wconf 95' lang='lat' dir='ltr'>I</span> <span class='ocrx_word' id='word_1_191' title='bbox 1187 3099 1305 3156; x_wconf 87' lang='lat' dir='ltr'>Ioh.</span> <span class='ocrx_word' id='word_1_192' title='bbox 1346 3104 1395 3164; x_wconf 85' lang='lat'>5,</span> <span class='ocrx_word' id='word_1_193' title='bbox 1436 3101 1499 3156; x_wconf 87' lang='grc'>21</span> <span class='ocrx_word' id='word_1_194' title='bbox 1633 3103 1666 3156; x_wconf 90' lang='grc'>6</span> <span class='ocrx_word' id='word_1_195' title='bbox 1707 3100 1732 3154; x_wconf 92' lang='grc' dir='ltr'>Ι</span> <span class='ocrx_word' id='word_1_196' title='bbox 1770 3099 1890 3156; x_wconf 90' lang='lat' dir='ltr'>Cor.</span> <span class='ocrx_word' id='word_1_197' title='bbox 1935 3101 2016 3164; x_wconf 89' lang='lat'>10,</span> <span class='ocrx_word' id='word_1_198' title='bbox 2061 3098 2270 3154; x_wconf 84' lang='lat'>19-20</span> <span class='ocrx_word' id='word_1_199' title='bbox 2383 3097 2449 3154; x_wconf 89' lang='grc'>15</span> <span class='ocrx_word' id='word_1_200' title='bbox 2487 3097 2686 3152; x_wconf 82' lang='lat' dir='ltr'>Matth.</span> 
     </span>
     <span class='ocr_line' id='line_1_25' title="bbox 390 3191 729 3256; baseline -0.003 -12"><span class='ocrx_word' id='word_1_201' title='bbox 390 3191 479 3252; x_wconf 83' lang='lat'>25.</span> <span class='ocrx_word' id='word_1_202' title='bbox 518 3191 615 3256; x_wconf 84' lang='lat'>41;</span> <span class='ocrx_word' id='word_1_203' title='bbox 657 3191 729 3244; x_wconf 86' lang='lat'>34</span> 
     </span>
    </p>
   </div>
   <div class='ocr_carea' id='block_1_4' title="bbox 384 3311 2696 4447">
    <p class='ocr_par' dir='ltr' id='par_1_6' title="bbox 387 3311 2696 3739">
     <span class='ocr_line' id='line_1_26' title="bbox 466 3311 2686 3384; baseline -0.001 -17"><span class='ocrx_word' id='word_1_204' title='bbox 466 3315 492 3367; x_wconf 95' lang='lat'>1</span> <span class='ocrx_word' id='word_1_205' title='bbox 535 3313 700 3382; x_wconf 88' lang='lat' dir='ltr'>uelle]</span> <span class='ocrx_word' id='word_1_206' title='bbox 742 3314 831 3367; x_wconf 89' lang='lat' dir='ltr'>uel</span> <span class='ocrx_word' id='word_1_207' title='bbox 867 3315 922 3368; x_wconf 88' lang='lat' dir='ltr'><strong><em>A</em></strong></span> <span class='ocrx_word' id='word_1_208' title='bbox 1031 3331 1221 3368; x_wconf 86' lang='lat' dir='ltr'>sanare</span> <span class='ocrx_word' id='word_1_209' title='bbox 1250 3315 1309 3368; x_wconf 88' lang='grc' dir='ltr'><strong><em>Ε</em></strong></span> <span class='ocrx_word' id='word_1_210' title='bbox 1406 3316 1442 3368; x_wconf 87' lang='grc'>4</span> <span class='ocrx_word' id='word_1_211' title='bbox 1482 3314 1626 3384; x_wconf 87' lang='lat' dir='ltr'>apud</span> <span class='ocrx_word' id='word_1_212' title='bbox 1665 3331 1696 3368; x_wconf 90' lang='lat' dir='ltr'>a</span> <span class='ocrx_word' id='word_1_213' title='bbox 1732 3315 1790 3384; x_wconf 86' lang='lat' dir='ltr'>(a</span> <span class='ocrx_word' id='word_1_214' title='bbox 1827 3314 1956 3384; x_wconf 79' lang='lat' dir='ltr'>dez.)</span> <span class='ocrx_word' id='word_1_215' title='bbox 1992 3313 2283 3367; x_wconf 85' lang='lat' dir='ltr'>iohannem</span> <span class='ocrx_word' id='word_1_216' title='bbox 2327 3311 2375 3366; x_wconf 80' lang='lat' dir='ltr'><strong><em>G</em></strong></span> <span class='ocrx_word' id='word_1_217' title='bbox 2469 3313 2502 3367; x_wconf 88' lang='grc'><strong>6</strong></span> <span class='ocrx_word' id='word_1_218' title='bbox 2541 3311 2686 3382; x_wconf 88' lang='lat' dir='ltr'>quod</span> 
     </span>
     <span class='ocr_line' id='line_1_27' title="bbox 389 3400 2687 3472; baseline -0.001 -15"><span class='ocrx_word' id='word_1_219' title='bbox 389 3419 491 3457; x_wconf 83' lang='lat' dir='ltr'>om.</span> <span class='ocrx_word' id='word_1_220' title='bbox 532 3401 600 3454; x_wconf 90' lang='lat' dir='ltr'><em>H</em></span> <span class='ocrx_word' id='word_1_221' title='bbox 812 3400 961 3472; x_wconf 88' lang='lat' dir='ltr'>quid]</span> <span class='ocrx_word' id='word_1_222' title='bbox 1005 3403 1151 3471; x_wconf 87' lang='lat' dir='ltr'>quod</span> <span class='ocrx_word' id='word_1_223' title='bbox 1193 3402 1241 3456; x_wconf 80' lang='grc' dir='ltr'><em>Ο</em></span> <span class='ocrx_word' id='word_1_224' title='bbox 1417 3401 1606 3472; x_wconf 85' lang='lat' dir='ltr'>idolis]</span> <span class='ocrx_word' id='word_1_225' title='bbox 1642 3402 1850 3457; x_wconf 86' lang='lat' dir='ltr'>idolum</span> <span class='ocrx_word' id='word_1_226' title='bbox 1886 3402 1955 3457; x_wconf 82' lang='lat' dir='ltr'><em>H</em></span> <span class='ocrx_word' id='word_1_227' title='bbox 2097 3405 2125 3456; x_wconf 84' lang='lat'><strong>7</strong></span> <span class='ocrx_word' id='word_1_228' title='bbox 2168 3403 2274 3470; x_wconf 85' lang='lat' dir='ltr'>est]</span> <span class='ocrx_word' id='word_1_229' title='bbox 2316 3401 2390 3455; x_wconf 86' lang='lat' dir='ltr'>sit</span> <span class='ocrx_word' id='word_1_230' title='bbox 2425 3400 2555 3456; x_wconf 83' lang='lat' dir='ltr'>ME</span> <span class='ocrx_word' id='word_1_231' title='bbox 2587 3415 2687 3455; x_wconf 80' lang='lat' dir='ltr'>sec.</span> 
     </span>
     <span class='ocr_line' id='line_1_28' title="bbox 398 3489 2690 3561; baseline -0.001 -17"><span class='ocrx_word' id='word_1_232' title='bbox 398 3491 555 3561; x_wconf 65' lang='grc' dir='ltr'><strong><em>ναῖς.</em></strong></span> <span class='ocrx_word' id='word_1_233' title='bbox 647 3490 679 3544; x_wconf 92' lang='grc'>8</span> <span class='ocrx_word' id='word_1_234' title='bbox 709 3491 996 3546; x_wconf 84' lang='lat' dir='ltr'>immolant</span> <span class='ocrx_word' id='word_1_235' title='bbox 1032 3491 1135 3546; x_wconf 82' lang='lat' dir='ltr'>del.</span> <span class='ocrx_word' id='word_1_236' title='bbox 1173 3508 1243 3548; x_wconf 81' lang='lat' dir='ltr'>m.</span> <span class='ocrx_word' id='word_1_237' title='bbox 1267 3495 1307 3545; x_wconf 80' lang='lat'><strong><em>2</em></strong></span> <span class='ocrx_word' id='word_1_238' title='bbox 1342 3491 1397 3546; x_wconf 87' lang='lat' dir='ltr'><em>P</em></span> <span class='ocrx_word' id='word_1_239' title='bbox 1428 3491 1784 3546; x_wconf 83' lang='lat' dir='ltr'>immolabant</span> <span class='ocrx_word' id='word_1_240' title='bbox 1819 3492 1875 3545; x_wconf 97' lang='lat' dir='ltr'><strong><em>A</em></strong></span> <span class='ocrx_word' id='word_1_241' title='bbox 1965 3493 1998 3546; x_wconf 88' lang='grc'>9</span> <span class='ocrx_word' id='word_1_242' title='bbox 2037 3495 2218 3544; x_wconf 86' lang='lat' dir='ltr'>autem</span> <span class='ocrx_word' id='word_1_243' title='bbox 2255 3506 2360 3546; x_wconf 86' lang='lat' dir='ltr'>om.</span> <span class='ocrx_word' id='word_1_244' title='bbox 2398 3490 2458 3544; x_wconf 88' lang='grc' dir='ltr'><strong><em>Ε</em></strong></span> <span class='ocrx_word' id='word_1_245' title='bbox 2561 3489 2690 3543; x_wconf 85' lang='lat' dir='ltr'>dae·</span> 
     </span>
     <span class='ocr_line' id='line_1_29' title="bbox 387 3577 2688 3646; baseline -0.001 -12"><span class='ocrx_word' id='word_1_246' title='bbox 387 3580 691 3634; x_wconf 88' lang='lat' dir='ltr'>moniorum</span> <span class='ocrx_word' id='word_1_247' title='bbox 727 3579 844 3634; x_wconf 87' lang='lat' dir='ltr'>fieri</span> <span class='ocrx_word' id='word_1_248' title='bbox 880 3579 955 3634; x_wconf 80' lang='lat' dir='ltr'><em>M</em></span> <span class='ocrx_word' id='word_1_249' title='bbox 984 3579 1103 3634; x_wconf 82' lang='lat' dir='ltr'>fieri</span> <span class='ocrx_word' id='word_1_250' title='bbox 1140 3596 1326 3634; x_wconf 86' lang='lat' dir='ltr'>eorum</span> <span class='ocrx_word' id='word_1_251' title='bbox 1364 3579 1770 3635; x_wconf 87' lang='lat' dir='ltr'>daemoniorum</span> <span class='ocrx_word' id='word_1_252' title='bbox 1812 3583 2020 3645; x_wconf 88' lang='lat' dir='ltr'>(eorum</span> <span class='ocrx_word' id='word_1_253' title='bbox 2059 3580 2186 3646; x_wconf 81' lang='lat' dir='ltr'>del.)</span> <span class='ocrx_word' id='word_1_254' title='bbox 2225 3580 2286 3634; x_wconf 88' lang='grc' dir='ltr'><strong><em>Ε</em></strong></span> <span class='ocrx_word' id='word_1_255' title='bbox 2441 3577 2508 3634; x_wconf 93' lang='grc'>10</span> <span class='ocrx_word' id='word_1_256' title='bbox 2543 3577 2688 3632; x_wconf 89' lang='lat' dir='ltr'>unde</span> 
     </span>
     <span class='ocr_line' id='line_1_30' title="bbox 390 3665 2696 3739; baseline -0.001 -17"><span class='ocrx_word' id='word_1_257' title='bbox 390 3671 443 3734; x_wconf 89' lang='lat' dir='ltr'>(e</span> <span class='ocrx_word' id='word_1_258' title='bbox 478 3669 542 3722; x_wconf 74' lang='lat' dir='ltr'>in</span> <span class='ocrx_word' id='word_1_259' title='bbox 578 3675 717 3736; x_wconf 80' lang='lat' dir='ltr'>ras.)</span> <span class='ocrx_word' id='word_1_260' title='bbox 756 3669 823 3722; x_wconf 87' lang='grc' dir='ltr'><em>Μ</em></span> <span class='ocrx_word' id='word_1_261' title='bbox 932 3673 1135 3724; x_wconf 65' lang='lat' dir='ltr'>tammum„</span> <span class='ocrx_word' id='word_1_262' title='bbox 1172 3671 1229 3724; x_wconf 89' lang='lat' dir='ltr'><strong><em>A</em></strong></span> <span class='ocrx_word' id='word_1_263' title='bbox 1264 3673 1378 3724; x_wconf 79' lang='lat' dir='ltr'>tam</span> <span class='ocrx_word' id='word_1_264' title='bbox 1415 3669 1469 3723; x_wconf 91' lang='lat' dir='ltr'><strong><em>P</em></strong></span> <span class='ocrx_word' id='word_1_265' title='bbox 1578 3670 1640 3724; x_wconf 91' lang='lat'>11</span> <span class='ocrx_word' id='word_1_266' title='bbox 1683 3671 1831 3739; x_wconf 88' lang='lat' dir='ltr'>nam]</span> <span class='ocrx_word' id='word_1_267' title='bbox 1872 3685 2033 3739; x_wconf 87' lang='lat' dir='ltr'>quam</span> <span class='ocrx_word' id='word_1_268' title='bbox 2069 3669 2132 3724; x_wconf 87' lang='lat' dir='ltr'><strong><em>E</em></strong></span> <span class='ocrx_word' id='word_1_269' title='bbox 2236 3667 2413 3722; x_wconf 86' lang='lat' dir='ltr'>sancti</span> <span class='ocrx_word' id='word_1_270' title='bbox 2449 3683 2552 3721; x_wconf 86' lang='lat' dir='ltr'>om.</span> <span class='ocrx_word' id='word_1_271' title='bbox 2581 3665 2696 3721; x_wconf 79' lang='lat' dir='ltr'>GE</span> 
     </span>
    </p>

    <p class='ocr_par' dir='ltr' id='par_1_7' title="bbox 390 3755 2690 3916">
     <span class='ocr_line' id='line_1_31' title="bbox 461 3755 2689 3828; baseline -0.001 -16"><span class='ocrx_word' id='word_1_272' title='bbox 461 3756 554 3819; x_wconf 85' lang='lat' dir='ltr'>dii.</span> <span class='ocrx_word' id='word_1_273' title='bbox 596 3773 736 3811; x_wconf 75' lang='lat' dir='ltr'>corr.</span> <span class='ocrx_word' id='word_1_274' title='bbox 773 3773 841 3812; x_wconf 87' lang='lat' dir='ltr'>m.</span> <span class='ocrx_word' id='word_1_275' title='bbox 864 3763 895 3810; x_wconf 86' lang='lat'><strong><em>1</em></strong></span> <span class='ocrx_word' id='word_1_276' title='bbox 932 3756 1037 3812; x_wconf 84' lang='lat' dir='ltr'>diis</span> <span class='ocrx_word' id='word_1_277' title='bbox 1074 3758 1150 3812; x_wconf 84' lang='lat' dir='ltr'><strong><em>M</em></strong></span> <span class='ocrx_word' id='word_1_278' title='bbox 1293 3759 1357 3812; x_wconf 82' lang='lat'>12</span> <span class='ocrx_word' id='word_1_279' title='bbox 1395 3759 1577 3828; x_wconf 87' lang='lat' dir='ltr'>impiis</span> <span class='ocrx_word' id='word_1_280' title='bbox 1616 3775 1718 3813; x_wconf 86' lang='lat' dir='ltr'>om.</span> <span class='ocrx_word' id='word_1_281' title='bbox 1755 3759 1818 3813; x_wconf 90' lang='grc' dir='ltr'><strong><em>Ε</em></strong></span> <span class='ocrx_word' id='word_1_282' title='bbox 1959 3775 1991 3812; x_wconf 92' lang='lat' dir='ltr'>a</span> <span class='ocrx_word' id='word_1_283' title='bbox 2027 3774 2158 3812; x_wconf 87' lang='lat' dir='ltr'>uera</span> <span class='ocrx_word' id='word_1_284' title='bbox 2194 3773 2263 3812; x_wconf 87' lang='lat' dir='ltr'>m.</span> <span class='ocrx_word' id='word_1_285' title='bbox 2286 3759 2326 3810; x_wconf 81' lang='lat'><strong><em>2</em></strong></span> <span class='ocrx_word' id='word_1_286' title='bbox 2361 3772 2428 3810; x_wconf 76' lang='lat' dir='ltr'>ea:</span> <span class='ocrx_word' id='word_1_287' title='bbox 2465 3771 2596 3810; x_wconf 81' lang='lat' dir='ltr'>aura</span> <span class='ocrx_word' id='word_1_288' title='bbox 2638 3755 2689 3810; x_wconf 81' lang='lat' dir='ltr'><em>G</em></span> 
     </span>
     <span class='ocr_line' id='line_1_32' title="bbox 390 3843 2690 3916; baseline -0.002 -16"><span class='ocrx_word' id='word_1_289' title='bbox 390 3847 456 3900; x_wconf 86' lang='lat'>13</span> <span class='ocrx_word' id='word_1_290' title='bbox 494 3845 1036 3916; x_wconf 80' lang='lat' dir='ltr'>superstitutiouibus</span> <span class='ocrx_word' id='word_1_291' title='bbox 1076 3850 1159 3912; x_wconf 87' lang='lat' dir='ltr'>(tu</span> <span class='ocrx_word' id='word_1_292' title='bbox 1198 3846 1324 3912; x_wconf 82' lang='lat' dir='ltr'>del.)</span> <span class='ocrx_word' id='word_1_293' title='bbox 1354 3846 1423 3900; x_wconf 88' lang='lat' dir='ltr'><em>H</em></span> <span class='ocrx_word' id='word_1_294' title='bbox 1494 3848 1560 3902; x_wconf 90' lang='lat'>14</span> <span class='ocrx_word' id='word_1_295' title='bbox 1588 3851 1898 3902; x_wconf 85' lang='lat' dir='ltr'>sanctorum</span> <span class='ocrx_word' id='word_1_296' title='bbox 1937 3847 2252 3916; x_wconf 85' lang='lat' dir='ltr'>angelorum</span> <span class='ocrx_word' id='word_1_297' title='bbox 2283 3844 2456 3898; x_wconf 86' lang='lat' dir='ltr'>socios</span> <span class='ocrx_word' id='word_1_298' title='bbox 2488 3843 2606 3898; x_wconf 87' lang='lat' dir='ltr'>fieri</span> <span class='ocrx_word' id='word_1_299' title='bbox 2629 3843 2690 3895; x_wconf 83' lang='lat' dir='ltr'><em>E</em></span> 
     </span>
    </p>

    <p class='ocr_par' dir='ltr' id='par_1_8' title="bbox 384 3933 2694 4447">
     <span class='ocr_line' id='line_1_33' title="bbox 458 3933 2688 4004; baseline -0.001 -17"><span class='ocrx_word' id='word_1_300' title='bbox 458 3935 645 3987; x_wconf 85' lang='lat' dir='ltr'>sancto</span> <span class='ocrx_word' id='word_1_301' title='bbox 678 3949 953 4002; x_wconf 87' lang='lat' dir='ltr'>angerum,</span> <span class='ocrx_word' id='word_1_302' title='bbox 980 3951 1049 3989; x_wconf 79' lang='lat' dir='ltr'>m.</span> <span class='ocrx_word' id='word_1_303' title='bbox 1070 3939 1101 3986; x_wconf 86' lang='lat'><strong><em>1</em></strong></span> <span class='ocrx_word' id='word_1_304' title='bbox 1130 3949 1267 3990; x_wconf 83' lang='lat' dir='ltr'>corr.</span> <span class='ocrx_word' id='word_1_305' title='bbox 1298 3937 1610 3990; x_wconf 86' lang='lat' dir='ltr'>sanctorum</span> <span class='ocrx_word' id='word_1_306' title='bbox 1640 3935 1954 4004; x_wconf 85' lang='lat' dir='ltr'>angelorum</span> <span class='ocrx_word' id='word_1_307' title='bbox 1973 3935 2042 3989; x_wconf 88' lang='lat' dir='ltr'><em>H</em></span> <span class='ocrx_word' id='word_1_308' title='bbox 2113 3936 2178 3989; x_wconf 94' lang='lat'>15</span> <span class='ocrx_word' id='word_1_309' title='bbox 2211 3933 2302 4004; x_wconf 85' lang='lat' dir='ltr'>ad]</span> <span class='ocrx_word' id='word_1_310' title='bbox 2335 3950 2368 3987; x_wconf 82' lang='lat' dir='ltr'>a</span> <span class='ocrx_word' id='word_1_311' title='bbox 2392 3934 2449 3987; x_wconf 89' lang='lat' dir='ltr'><strong><em>A</em></strong></span> <span class='ocrx_word' id='word_1_312' title='bbox 2561 3948 2688 3986; x_wconf 85' lang='lat' dir='ltr'>eon-</span> 
     </span>
     <span class='ocr_line' id='line_1_34' title="bbox 384 4021 2684 4092; baseline -0 -16"><span class='ocrx_word' id='word_1_313' title='bbox 384 4025 648 4090; x_wconf 79' lang='lat' dir='ltr'>parantur</span> <span class='ocrx_word' id='word_1_314' title='bbox 682 4023 742 4076; x_wconf 93' lang='grc' dir='ltr'><strong><em>Ε</em></strong></span> <span class='ocrx_word' id='word_1_315' title='bbox 842 4022 987 4092; x_wconf 83' lang='lat' dir='ltr'>ignis</span> <span class='ocrx_word' id='word_1_316' title='bbox 1025 4027 1277 4078; x_wconf 86' lang='lat' dir='ltr'>aeternus</span> <span class='ocrx_word' id='word_1_317' title='bbox 1314 4023 1379 4077; x_wconf 77' lang='lat' dir='ltr'>in</span> <span class='ocrx_word' id='word_1_318' title='bbox 1412 4041 1527 4078; x_wconf 81' lang='lat' dir='ltr'>ras.</span> <span class='ocrx_word' id='word_1_319' title='bbox 1569 4029 1660 4091; x_wconf 88' lang='lat' dir='ltr'>(m.</span> <span class='ocrx_word' id='word_1_320' title='bbox 1683 4023 1784 4089; x_wconf 79' lang='lat'>1?)</span> <span class='ocrx_word' id='word_1_321' title='bbox 1827 4025 1875 4078; x_wconf 83' lang='lat' dir='ltr'><em>C</em></span> <span class='ocrx_word' id='word_1_322' title='bbox 1909 4027 2160 4078; x_wconf 85' lang='lat' dir='ltr'>aeternus</span> <span class='ocrx_word' id='word_1_323' title='bbox 2199 4023 2346 4092; x_wconf 85' lang='lat' dir='ltr'>ignis</span> <span class='ocrx_word' id='word_1_324' title='bbox 2373 4021 2435 4077; x_wconf 92' lang='grc' dir='ltr'><strong><em>Ε</em></strong></span> <span class='ocrx_word' id='word_1_325' title='bbox 2507 4022 2572 4076; x_wconf 92' lang='grc'>16</span> <span class='ocrx_word' id='word_1_326' title='bbox 2601 4037 2684 4075; x_wconf 87' lang='lat' dir='ltr'>re-</span> 
     </span>
     <span class='ocr_line' id='line_1_35' title="bbox 388 4094 2690 4183; baseline 0 -20"><span class='ocrx_word' id='word_1_327' title='bbox 388 4109 537 4179; x_wconf 87' lang='lat' dir='ltr'>gium</span> <span class='ocrx_word' id='word_1_328' title='bbox 573 4110 628 4163; x_wconf 88' lang='lat' dir='ltr'><strong><em>A</em></strong></span> <span class='ocrx_word' id='word_1_329' title='bbox 786 4111 1067 4164; x_wconf 83' lang='lat' dir='ltr'>societatis</span> <span class='ocrx_word' id='word_1_330' title='bbox 1106 4111 1172 4164; x_wconf 89' lang='lat' dir='ltr'><em>H</em></span> <span class='ocrx_word' id='word_1_331' title='bbox 1317 4113 1381 4167; x_wconf 86' lang='lat'>17</span> <span class='ocrx_word' id='word_1_332' title='bbox 1423 4119 1708 4167; x_wconf 81' lang='lat' dir='ltr'>excurrant</span> <span class='ocrx_word' id='word_1_333' title='bbox 1743 4114 1804 4168; x_wconf 89' lang='grc' dir='ltr'><strong><em>Ε</em></strong></span> <span class='ocrx_word' id='word_1_334' title='bbox 1955 4113 2124 4183; x_wconf 82' lang='lat' dir='ltr'>impia</span> <span class='ocrx_word' id='word_1_335' title='bbox 2161 4113 2216 4166; x_wconf 86' lang='lat' dir='ltr'><strong><em>A</em></strong></span> <span class='ocrx_word' id='word_1_336' title='bbox 2365 4111 2430 4166; x_wconf 89' lang='lat'>18</span> <span class='ocrx_word' id='word_1_337' title='bbox 2469 4094 2690 4180; x_wconf 70' lang='lat' dir='ltr'>elegant</span> 
     </span>
     <span class='ocr_line' id='line_1_36' title="bbox 388 4199 2686 4273; baseline 0 -21"><span class='ocrx_word' id='word_1_338' title='bbox 388 4203 486 4268; x_wconf 64' lang='lat' dir='ltr'>(a-</span> <span class='ocrx_word' id='word_1_339' title='bbox 525 4199 591 4252; x_wconf 76' lang='lat' dir='ltr'>in</span> <span class='ocrx_word' id='word_1_340' title='bbox 622 4214 736 4253; x_wconf 75' lang='lat' dir='ltr'>ras.</span> <span class='ocrx_word' id='word_1_341' title='bbox 774 4215 845 4254; x_wconf 88' lang='lat' dir='ltr'>m.</span> <span class='ocrx_word' id='word_1_342' title='bbox 867 4201 928 4268; x_wconf 78' lang='lat'>2)</span> <span class='ocrx_word' id='word_1_343' title='bbox 964 4199 1038 4252; x_wconf 84' lang='lat' dir='ltr'><em>M</em></span> <span class='ocrx_word' id='word_1_344' title='bbox 1204 4200 1335 4270; x_wconf 88' lang='lat' dir='ltr'>quid</span> <span class='ocrx_word' id='word_1_345' title='bbox 1375 4203 1642 4272; x_wconf 87' lang='lat' dir='ltr'>quaeque]</span> <span class='ocrx_word' id='word_1_346' title='bbox 1681 4200 1814 4273; x_wconf 88' lang='lat' dir='ltr'>quid</span> <span class='ocrx_word' id='word_1_347' title='bbox 1853 4217 1990 4272; x_wconf 87' lang='lat' dir='ltr'>quae</span> <span class='ocrx_word' id='word_1_348' title='bbox 2027 4199 2102 4255; x_wconf 83' lang='lat' dir='ltr'><strong><em>M</em></strong></span> <span class='ocrx_word' id='word_1_349' title='bbox 2134 4199 2376 4270; x_wconf 87' lang='lat' dir='ltr'>quidque</span> <span class='ocrx_word' id='word_1_350' title='bbox 2411 4199 2473 4254; x_wconf 89' lang='grc' dir='ltr'><strong><em>Ε</em></strong></span> <span class='ocrx_word' id='word_1_351' title='bbox 2613 4199 2686 4252; x_wconf 88' lang='lat' dir='ltr'>si·</span> 
     </span>
     <span class='ocr_line' id='line_1_37' title="bbox 386 4286 2694 4360; baseline 0 -19"><span class='ocrx_word' id='word_1_352' title='bbox 386 4288 482 4358; x_wconf 85' lang='lat' dir='ltr'>gni</span> <span class='ocrx_word' id='word_1_353' title='bbox 503 4292 508 4354; x_wconf 66' lang='grc' dir='ltr'><em>ζ</em></span> <span class='ocrx_word' id='word_1_354' title='bbox 528 4293 655 4341; x_wconf 84' lang='lat' dir='ltr'>cent</span> <span class='ocrx_word' id='word_1_355' title='bbox 680 4289 734 4341; x_wconf 90' lang='lat' dir='ltr'><strong><em>A</em></strong></span> <span class='ocrx_word' id='word_1_356' title='bbox 814 4287 879 4341; x_wconf 87' lang='lat'>19</span> <span class='ocrx_word' id='word_1_357' title='bbox 906 4288 1244 4358; x_wconf 84' lang='lat' dir='ltr'>interpret-io,</span> <span class='ocrx_word' id='word_1_358' title='bbox 1282 4306 1421 4344; x_wconf 79' lang='lat' dir='ltr'>corr.</span> <span class='ocrx_word' id='word_1_359' title='bbox 1450 4307 1521 4344; x_wconf 86' lang='lat' dir='ltr'>m.</span> <span class='ocrx_word' id='word_1_360' title='bbox 1542 4294 1573 4344; x_wconf 87' lang='lat'><strong><em>1</em></strong></span> <span class='ocrx_word' id='word_1_361' title='bbox 1609 4290 1992 4360; x_wconf 78' lang='lat' dir='ltr'>interpretatio</span> <span class='ocrx_word' id='word_1_362' title='bbox 2021 4289 2095 4342; x_wconf 84' lang='lat' dir='ltr'><em>M</em></span> <span class='ocrx_word' id='word_1_363' title='bbox 2161 4291 2228 4344; x_wconf 90' lang='grc'>21</span> <span class='ocrx_word' id='word_1_364' title='bbox 2268 4288 2432 4343; x_wconf 84' lang='lat' dir='ltr'>latria</span> <span class='ocrx_word' id='word_1_365' title='bbox 2457 4286 2694 4342; x_wconf 81' lang='lat' dir='ltr'><em>HPGE</em></span> 
     </span>
     <span class='ocr_line' id='line_1_38' title="bbox 386 4375 2693 4447; baseline 0.001 -17"><span class='ocrx_word' id='word_1_366' title='bbox 386 4377 587 4430; x_wconf 85' lang='lat' dir='ltr'>lathria</span> <span class='ocrx_word' id='word_1_367' title='bbox 622 4376 694 4428; x_wconf 84' lang='lat' dir='ltr'><strong><em>M</em></strong></span> <span class='ocrx_word' id='word_1_368' title='bbox 699 4375 803 4432; x_wconf 74' lang='lat' dir='ltr'>AG</span> <span class='ocrx_word' id='word_1_369' title='bbox 978 4377 1048 4430; x_wconf 88' lang='grc'>22</span> <span class='ocrx_word' id='word_1_370' title='bbox 1087 4377 1283 4442; x_wconf 87' lang='lat' dir='ltr'>stellis,</span> <span class='ocrx_word' id='word_1_371' title='bbox 1321 4394 1459 4434; x_wconf 75' lang='lat' dir='ltr'>corr.</span> <span class='ocrx_word' id='word_1_372' title='bbox 1499 4395 1569 4432; x_wconf 84' lang='lat' dir='ltr'>m.</span> <span class='ocrx_word' id='word_1_373' title='bbox 1590 4382 1622 4432; x_wconf 85' lang='lat'><strong><em>1</em></strong></span> <span class='ocrx_word' id='word_1_374' title='bbox 1659 4379 1849 4434; x_wconf 86' lang='lat' dir='ltr'>stellas</span> <span class='ocrx_word' id='word_1_375' title='bbox 1891 4379 1963 4433; x_wconf 84' lang='lat' dir='ltr'><strong><em>M</em></strong></span> <span class='ocrx_word' id='word_1_376' title='bbox 2129 4395 2237 4432; x_wconf 90' lang='lat' dir='ltr'>non</span> <span class='ocrx_word' id='word_1_377' title='bbox 2274 4378 2602 4447; x_wconf 86' lang='lat' dir='ltr'>impromptu</span> <span class='ocrx_word' id='word_1_378' title='bbox 2646 4376 2693 4432; x_wconf 81' lang='lat'><em>0</em></span> 
     </span>
    </p>
   </div>
   <div class='ocr_carea' id='block_1_5' title="bbox 440 4483 2614 4550">
    <p class='ocr_par' dir='ltr' id='par_1_9' title="bbox 440 4483 2614 4550">
     <span class='ocr_line' id='line_1_39' title="bbox 440 4483 2614 4550; baseline 0 -10"><span class='ocrx_word' id='word_1_379' title='bbox 440 4501 675 4549; x_wconf 79' lang='lat' dir='ltr'>xxxrm,</span> <span class='ocrx_word' id='word_1_380' title='bbox 707 4501 820 4550; x_wconf 73' lang='lat' dir='ltr'>Aug.</span> <span class='ocrx_word' id='word_1_381' title='bbox 851 4505 960 4541; x_wconf 75' lang='lat' dir='ltr'>sect.</span> <span class='ocrx_word' id='word_1_382' title='bbox 994 4501 1037 4540; x_wconf 91' lang='lat'>11</span> <span class='ocrx_word' id='word_1_383' title='bbox 1056 4512 1159 4550; x_wconf 71' lang='lat' dir='ltr'>pars</span> <span class='ocrx_word' id='word_1_384' title='bbox 1180 4505 1221 4543; x_wconf 79' lang='lat' dir='ltr'>s.</span> <span class='ocrx_word' id='word_1_385' title='bbox 2545 4483 2614 4538; x_wconf 85' lang='lat'>36</span> 
     </span>
    </p>
   </div>
  </div>
 </body>
</html>
