3184 4959
524 438 653 502 406
1240 435 1293 488 S.
1348 433 1627 486 Aureli
1683 432 2124 502 Augustini

523 631 642 696 hoc
692 630 857 694 enim
905 629 1373 695 obseruandum
1420 633 1522 694 est
1566 629 1630 694 in
1678 628 1777 693 his
1824 630 2037 708 rebu8‚
2087 629 2258 712 quod
2296 629 2596 694 obseruat
2633 627 2828 694 eccle-

528 737 625 802 sia
671 736 791 800 dei.

422 835 503 897 10
613 843 952 924 Quaeritur
1015 846 1250 919 autem,
1314 844 1531 906 utrum
1588 845 1806 908 uestra
1861 860 1938 906 an
1995 845 2212 908 nostra
2257 842 2344 908 sit
2388 842 2661 908 ecclesia
2703 842 2826 908 dei.

524 953 905 1034 quapropter
948 949 1111 1013 illud
1159 947 1587 1032 quaerendum
1645 950 1744 1013 est
1790 967 1828 1012 a
1873 949 2100 1031 capite,
2165 968 2276 1013 cur
2331 950 2612 1014 schisma
2663 951 2828 1016 fece-

522 1057 685 1124 ritis,
764 1057 818 1122 si
882 1073 1004 1122 non
1070 1054 1492 1137 rescripseri8‚
1560 1073 1678 1139 ego
1745 1055 1913 1138 apud
1979 1056 2187 1134 deum,
2255 1059 2564 1140 quantum
2617 1055 2824 1122 credo.
2887 1077 2915 1115 5

522 1163 773 1228 facilem
822 1182 1081 1228 causam
1126 1161 1349 1238 habeo,
1398 1161 1549 1244 quia
1594 1162 1755 1240 uiro,
1804 1182 1994 1245 quem
2041 1162 2262 1227 audiui
2309 1168 2570 1246 excepto
2627 1163 2827 1229 schis-

524 1273 693 1334 mate
766 1268 1005 1334 bonum
1082 1269 1147 1332 et
1215 1267 1567 1334 liberaliter
1636 1268 2046 1348 instructum,
2105 1269 2515 1352 pacificantes
2577 1270 2826 1335 litteras

522 1375 691 1440 misi.
763 1377 839 1441 tu
902 1374 1162 1452 uideris,
1231 1374 1385 1458 quid
1448 1374 1545 1440 illi
1601 1377 2010 1458 respondeas,
2069 1377 2254 1442 cuius
2301 1395 2466 1442 nunc
2511 1376 2824 1441 laudanda

520 1482 848 1564 patientia,
895 1481 959 1546 in
1004 1480 1129 1546 fine
1174 1501 1327 1546 uero
1374 1481 1656 1559 timenda
1699 1483 2012 1548 sententia
2051 1487 2168 1550 est.
2218 1483 2274 1547 si
2311 1471 2824 1565 autem‘rescrip·

522 1588 681 1654 seris
747 1608 821 1653 ea
886 1607 1056 1666 cura,
1115 1607 1239 1671 qua
1293 1586 1413 1653 tibi
1478 1589 1786 1673 scriptum
1855 1590 2060 1665 uideS,
2129 1587 2331 1655 aderit
2393 1589 2824 1655 misericordia
2863 1609 2914 1648 10

522 1695 645 1774 dei,
710 1699 785 1762 ut
850 1694 1189 1778 aliquando
1255 1715 1443 1768 error,
1511 1695 1620 1779 qui
1677 1715 1793 1761 nos
1851 1696 2114 1774 dirimit,
2171 1699 2238 1760 et
2283 1714 2494 1760 amore
2538 1696 2713 1780 pacis
2761 1699 2827 1762 et

520 1803 765 1869 ratione
841 1802 1125 1868 ueritatis
1199 1801 1487 1867 intereat.
1563 1806 1901 1879 memento,
1973 1802 2142 1884 quod
2215 1803 2291 1868 de
2353 1802 2824 1887 Rogatensibus

522 1927 644 1973 non
693 1908 976 1986 dixerim,
1026 1908 1135 1992 qui
1182 1928 1301 1974 uos
1346 1909 1702 1974 Firmianos
1750 1909 2068 1992 appella-re
2115 1909 2429 1986 dicuntur,
2488 1910 2658 1974 sicut
2710 1927 2824 1974 nos

521 2014 917 2080 Macarianos
974 2015 1332 2098 appellatiS,
1389 2034 1591 2098 neque
1651 2015 1726 2080 de
1773 2016 2186 2081 Rusicazensi
2236 2016 2532 2099 episcopo
2587 2017 2824 2092 uestro,

523 2121 632 2203 qui
678 2140 825 2186 curn
872 2121 1085 2186 Firmo
1141 2126 1370 2205 pactus
1424 2122 1794 2206 perhibetur
1846 2122 2356 2188 incolumitatem
2413 2141 2694 2196 suorum,
2753 2125 2826 2186 ut
2863 2141 2916 2181 ιε»

522 2229 579 2292 ei
644 2231 861 2312 portae
926 2229 1321 2310 aperirentur
1384 2233 1450 2293 et
1509 2229 1573 2293 in
1640 2229 2068 2294 uastationem
2134 2230 2432 2294 darentur
2505 2228 2821 2301 catholici,

522 2337 588 2400 et
634 2335 759 2399 alia
801 2334 1309 2400 innumerabilia.
1360 2335 1576 2400 desine
1633 2354 1780 2420 ergo
1835 2335 1995 2400 locis
2052 2335 2497 2400 communibus
2563 2352 2824 2418 exagge-

523 2459 657 2505 rare
702 2441 873 2506 facta
918 2441 1247 2507 hominum
1296 2443 1403 2506 uel
1450 2441 1669 2506 audita
1712 2443 1819 2507 uel
1867 2443 2141 2526 cognita.
2190 2441 2375 2506 uides
2423 2440 2612 2519 enim,
2661 2459 2822 2522 quae

522 2549 599 2614 de
662 2548 899 2613 uestris
965 2553 1230 2627 taceam,
1286 2551 1363 2614 ut
1417 2549 1492 2614 de
1550 2549 1792 2632 origine
1849 2548 2236 2625 schismatis),
2291 2548 2402 2612 ubi
2449 2551 2586 2612 tota
2633 2565 2824 2611 causa

522 2658 639 2733 est,
716 2675 813 2722 res
890 2657 1136 2739 agatur.
1214 2656 1509 2721 dominus
1584 2655 1742 2722 deus
1819 2655 2088 2738 inspiret
2168 2655 2287 2719 tibi
2370 2653 2820 2738 cogitationem
2861 2675 2915 2714 20

520 2763 871 2846 pacificam,
920 2763 1357 2837 desiderabilis
1410 2767 1475 2828 et
1522 2763 1753 2828 dilecte
1799 2763 2012 2827 frater.
2064 2781 2266 2827 amen.

596 2954 622 3006 1
664 2956 751 3006 est
786 2969 887 3007 om.
926 2952 1001 3006 Μ
1140 2953 1194 3006 in
1233 2953 1321 3006 his
1358 2969 1461 3007 om.
1500 2955 1554 3007 A
1665 2955 1698 3007 3
1738 2951 1827 3006 dei
1864 2969 1968 3008 om.
2009 2956 2060 3005 A
2161 2955 2196 3006 4
2236 2952 2364 3022 quia
2403 2955 2623 3021 propter
2658 2950 2821 3005 FPR

521 3044 554 3094 5
584 3042 709 3110 ego]
742 3057 870 3110 ergo
894 3044 945 3093 A
1058 3046 1319 3112 quantum
1350 3040 1507 3095 credo
1535 3041 1601 3095 in
1617 3041 1738 3111 fine
1761 3058 1816 3094 u.
1847 3057 1948 3095 om.
1967 3039 2024 3096 R
2098 3042 2130 3094 6
2163 3056 2288 3094 uero
2320 3043 2374 3094 A
2448 3039 2480 3093 7
2507 3039 2818 3092 infractum.

520 3147 589 3184 m.
612 3133 653 3184 2
686 3129 1007 3184 instructum
1046 3131 1116 3185 M
1252 3129 1285 3185 8
1324 3129 1469 3200 quod
1506 3131 1560 3184 A
1699 3129 1764 3184 10
1803 3130 1980 3184 aderit
2017 3129 2100 3184 bis
2136 3129 2315 3184 MFA
2457 3128 2523 3183 12
2560 3129 2822 3182 intertent-

520 3217 701 3272 MFA
869 3217 1267 3274 Rucatensibus
1304 3221 1417 3288 flr
1600 3220 1664 3274 13
1703 3236 1802 3274 nos
1839 3221 1894 3272 A
2065 3221 2315 3273 firmanos
2353 3219 2407 3274 R
2570 3217 2732 3272 sicuti
2766 3216 2828 3270 F

528 3309 593 3361 14
629 3307 894 3364 rufatensi
928 3307 986 3364 R
1024 3309 1319 3364 Rucatensi
1343 3310 1541 3378 slrm
1685 3311 1987 3364 uestrorum
2031 3313 2082 3361 A
2197 3310 2262 3364 15
2300 3307 2475 3362 factus
2511 3311 2552 3358 A
2671 3307 2734 3360 17
2765 3311 2820 3359 et

523 3413 589 3449 ea:
626 3399 689 3450 ut
723 3413 792 3452 m.
814 3401 843 3450 1
880 3399 952 3452 M
1056 3399 1120 3451 21
1164 3399 1309 3468 paci·
1338 3401 1383 3468 (s
1423 3400 1587 3464 aaa.)
1614 3397 1620 3468 Ι
1646 3399 1800 3452 ficam
1847 3401 1892 3448 A
2040 3413 2194 3451 amen
2233 3413 2336 3453 om.
2373 3397 2430 3452 R
2467 3395 2588 3450 edd.
