3184 4959
476 400 560 462 94
1221 397 1274 452 S.
1329 368 1604 450 Aureli
1660 397 2096 467 Augustini

479 593 648 658 dicet
707 593 966 675 aliquis:
1023 592 1543 679 ‘Cognouerunt.'
1599 595 1765 676 quod
1826 594 1947 659 etsi
2006 595 2368 674 concedam,
2430 595 2621 659 etiam
2688 595 2781 660 sic

377 757 384 764 .
480 701 850 766 absentibus
935 701 1156 784 utique
1236 700 1410 783 parci
1496 701 1845 784 oportebat.
1930 719 2133 783 neque
2218 701 2385 765 enim
2467 701 2781 766 iudicium

481 807 908 885 deseruerant,
964 808 1076 872 ubi
1131 827 1478 890 numquam
1546 809 1797 872 omnino
1866 808 2303 884 constiterant,
2350 827 2467 873 nec
2526 808 2589 872 in
2656 808 2785 872 illis

483 915 638 980 solis
687 915 1005 997 episcopis
1051 915 1219 978 Afris
1270 919 1402 979 erat
1448 914 1739 992 ecclesia,
1786 919 1861 978 ut
1908 933 2091 980 omne
2139 914 2448 980 iudicium
2490 915 2789 980 ecclesia-

484 1022 720 1086 sticum
775 1021 1018 1086 uitasse
1075 1021 1462 1100 uiderentur,
1521 1021 1630 1105 qui
1687 1041 1757 1086 se
1812 1022 2049 1086 iudicio
2108 1041 2325 1086 eorum
2385 1025 2785 1104 praesentare
2849 1046 2879 1086 5

483 1128 860 1193 noluissent.
935 1128 1116 1193 milia
1187 1129 1422 1212 quippe
1497 1130 1887 1212 collegarum
1963 1130 2381 1193 transmarina
2442 1129 2784 1203 restabant,

483 1237 592 1301 ubi
659 1235 1002 1318 apparebat
1067 1255 1172 1300 eos
1241 1236 1510 1300 iudicari
1578 1255 1787 1318 posse,
1848 1236 1956 1318 qui
2014 1235 2393 1301 uidebantur
2445 1236 2633 1300 Afros
2680 1236 2787 1299 uel

482 1343 797 1408 Numidas
881 1344 1159 1426 collegas
1240 1343 1472 1406 habere
1559 1346 1914 1426 suspectos,
1991 1343 2102 1406 ubi
2178 1346 2278 1408 est
2349 1343 2537 1416 enim,
2615 1340 2785 1424 quod

487 1451 800 1534 scriptura
846 1451 1104 1516 clamat:
1165 1450 1613 1531 Antequam
1670 1450 2158 1534 interroges,
2214 1468 2305 1513 ne
2359 1448 2784 1533 uituperes

489 1576 962 1639 quemquam
1011 1560 1107 1635 et,
1167 1576 1336 1621 cum
1394 1556 2083 1640 interrogaueriS,
2142 1555 2457 1636 corripe
2514 1554 2782 1619 iuste?
2822 1581 2877 1620 ιο

491 1663 546 1728 si
603 1683 748 1748 ergo
805 1683 918 1728 nec
975 1664 1322 1748 uituperari
1380 1683 1494 1728 nec
1553 1664 1783 1747 corripi
1840 1664 1960 1728 nisi
2015 1664 2475 1747 interrogatum
2523 1661 2784 1745 spiritus

491 1773 751 1834 sanctus
799 1769 1027 1848 uoluit,
1078 1774 1312 1854 quanto
1361 1771 1734 1836 sceleratius
1782 1791 1904 1835 non
1952 1770 2299 1853 uituperati
2346 1772 2459 1834 aut
2494 1767 2784 1850 correpti,

492 1875 602 1942 sed
650 1878 902 1942 omnino
954 1878 1232 1942 damnati
1279 1882 1447 1957 sunt,
1497 1879 1605 1961 qui
1653 1877 1729 1942 de
1777 1878 1912 1942 suis
1960 1877 2333 1942 criminibus
2372 1875 2532 1940 nihil
2568 1875 2788 1940 absen-

491 1985 590 2047 tes
635 1982 1006 2068 interrogari
1049 1977 1424 2067 potuerunt!

407 2085 488 2146 12
583 2088 710 2154 Sed
753 2092 964 2154 tamen
1009 2091 1142 2166 isti,
1190 2089 1298 2173 qui
1345 2090 1496 2154 licet
1541 2091 1901 2156 absentium
1940 2095 2005 2155 et
2040 2108 2439 2173 nequaquam
2474 2087 2785 2152 iudicium
2826 2113 2881 2152 ιε»

493 2195 942 2272 deserentium,
981 2197 1133 2278 quia
1179 2216 1520 2280 numquam
1569 2197 1911 2262 adfuerunt
1956 2200 2020 2261 et
2064 2215 2314 2278 semper
2351 2195 2477 2260 sibi
2516 2213 2786 2259 cuneum

491 2300 676 2366 illum
732 2307 1104 2387 suspectum
1163 2323 1306 2368 esse
1365 2304 1864 2382 declarauerunt,
1928 2307 2139 2369 tamen
2206 2302 2461 2386 cognita
2524 2301 2787 2366 crimina

493 2409 824 2474 damnasse
883 2411 1120 2486 dicunt,
1179 2431 1412 2494 quaeso
1469 2431 1611 2489 uOS,
1664 2412 1891 2477 fratres
1945 2411 2091 2488 mei,
2152 2429 2273 2492 quo
2322 2409 2510 2474 modo
2560 2426 2787 2490 cogno-

490 2521 760 2583 uerunt?
816 2519 1242 2603 respondetis:
1291 2519 1672 2598 Nescimus,
1720 2519 1969 2602 quando
2019 2519 2273 2602 quidem
2318 2518 2459 2599 ipsa
2506 2513 2783 2598 cognitio

491 2624 556 2689 in
619 2626 754 2690 illis
821 2627 1021 2712 gestis
1089 2627 1402 2709 explicata
1464 2647 1585 2691 non
1654 2628 1797 2691 est.’
1852 2625 1965 2690 sed
2021 2645 2136 2709 ego
2190 2624 2375 2690 uobis
2433 2621 2783 2697 ostendam,
2821 2649 2877 2687 20

494 2751 615 2812 quo
665 2732 852 2797 modo
901 2737 1360 2817 cognouerunt.
1409 2733 1733 2797 adtendite
1781 2751 2037 2798 eausam
2084 2731 2315 2795 Felicis
2364 2724 2784 2812 Aptungitani

493 2843 558 2902 et
601 2839 806 2920 primo
852 2839 1068 2923 legite,
1111 2859 1300 2922 quam
1340 2840 1849 2904 uehementiores
1888 2839 1951 2902 in
1992 2857 2137 2902 eum
2174 2839 2450 2902 fuerunt.
2500 2835 2593 2900 sic
2632 2851 2782 2917 ergo

493 2948 556 3009 et
613 2947 968 3010 ceterorum
1027 2965 1284 3010 causam
1332 2949 1659 3022 nouerant,
1708 2946 1879 3010 sicut
1924 2946 2138 3020 huius,
2188 2945 2297 3026 qui
2340 2946 2567 3026 postea
2612 2941 2785 3006 inno-

493 3051 902 3116 centissimus
977 3051 1266 3138 diligenti
1340 3057 1404 3118 et
1474 3052 1743 3116 terribili
1814 3051 2227 3134 inquisitione
2291 3051 2595 3134 probatus
2661 3050 2781 3110 est.

492 3161 725 3240 quanto
799 3159 1016 3242 itaque
1089 3159 1327 3224 iustius
1405 3163 1470 3224 et
1540 3160 1749 3225 tutius
1823 3163 1889 3224 et
1960 3159 2149 3224 citius
2225 3159 2589 3222 innocentes
2674 3171 2783 3216 eos
2821 3181 2879 3222 2⁵

672 3385 704 3439 9
741 3385 902 3438 Eccli.
949 3385 1034 3452 11,
1073 3386 1103 3438 7

563 3510 591 3562 1
633 3509 768 3562 dicit
802 3510 982 3564 MFA
1020 3509 1140 3565 edd.
1171 3515 1467 3578 praeterm
1614 3509 1713 3577 sic]
1754 3509 1800 3562 si
1838 3508 1899 3562 F
2074 3509 2107 3562 3
2146 3507 2541 3562 constituerant
2580 3509 2635 3572 (u
2676 3506 2782 3561 del.

490 3601 638 3663 m.2)
678 3599 735 3651 P
873 3600 928 3652 in
967 3615 1070 3652 om.
1109 3597 1170 3652 F
1289 3601 1322 3653 6
1359 3599 1667 3652 noluissent
1701 3601 1813 3668 (pr.
1852 3615 1885 3651 n
1927 3613 1993 3652 σω
2029 3613 2167 3651 corr.
2206 3613 2274 3651 m.
2296 3600 2356 3663 2)
2394 3596 2470 3650 M
2608 3597 2783 3665 milia}

489 3686 626 3740 mihi
671 3688 781 3741 alia
814 3688 997 3741 MFA
1209 3688 1652 3750 transmarinoru,
1698 3687 1795 3741 sed
1840 3705 1869 3740 o
1916 3688 1981 3740 in
2024 3703 2137 3740 ras,
2188 3691 2239 3740 et
2283 3694 2345 3739 ru
2391 3701 2435 3741 ε.
2472 3703 2529 3743 ιι.
2566 3691 2695 3740 m.2
2731 3685 2790 3738 P

493 3777 524 3830 7
545 3775 782 3830 iudicare
803 3775 982 3830 MFA
1066 3778 1128 3831 11
1163 3793 1290 3844 ergo
1321 3793 1388 3830 ne
1411 3781 1574 3842 (corr.
1602 3794 1671 3830 m.
1694 3780 1723 3828 1
1752 3779 1870 3842 nec)
1892 3776 1965 3829 M
2044 3777 2110 3829 12
2132 3774 2463 3845 corruptiM
2479 3779 2640 3842 (corr.
2662 3792 2731 3830 m.
2752 3779 2786 3828 1

491 3863 746 3934 correpti)
783 3864 844 3919 F
949 3865 1016 3918 14
1053 3866 1386 3934 interrogare
1423 3865 1602 3920 MFA
1716 3867 1781 3921 16
1820 3865 2177 3920 deferentium
2214 3865 2275 3919 F
2378 3866 2471 3934 qui
2508 3879 2782 3934 nmquam,

490 3971 557 4008 m.
582 3957 621 4007 2
658 3955 746 4008 cui
781 3970 1016 4022 unquam
1054 3954 1109 4007 P
1214 3970 1440 4008 cuneum
1478 3955 1534 4008 in
1570 3954 1727 4008 illum
1761 3955 1836 4008 M
1866 3955 1947 4024 (in
1984 3955 2111 4020 del.)
2146 3953 2258 4008 ΡΑ,
2350 3955 2416 4007 17
2457 3953 2782 4015 declam-unt,

491 4059 628 4096 corr.
667 4059 736 4097 m.
757 4048 788 4096 1
825 4043 1236 4097 declarauerunt
1271 4043 1344 4096 M
1548 4044 1614 4098 18
1654 4043 1953 4098 dicmnasse
1992 4044 2095 4108 (sic
2114 4047 2175 4108 l),
2214 4059 2351 4096 corr.
2391 4059 2461 4096 m.
2498 4048 2565 4096 ut
2596 4041 2712 4095 uid.
2754 4045 2784 4094 1

491 4131 774 4187 damnasse
809 4133 885 4187 M
916 4151 973 4188 ne
1011 4131 1295 4187 damnasse
1331 4133 1540 4199 flrm3
1581 4133 1865 4188 damnasse
1902 4133 2013 4187 se?
2164 4133 2234 4187 20
2271 4134 2328 4186 in
2363 4133 2475 4186 illis
2512 4131 2691 4201 gentis
2727 4127 2793 4182 F

491 4223 547 4275 in
588 4221 700 4274 illis
735 4222 792 4274 in
831 4222 966 4291 ipsis
1003 4221 1186 4291 gentis
1211 4221 1288 4274 M
1381 4223 1445 4275 21
1490 4222 1853 4275 autumnitani
1891 4221 2048 4274 codd.
2090 4237 2174 4274 ae
2280 4221 2349 4273 22
2390 4221 2454 4284 si,
2491 4223 2615 4274 m.1
2642 4233 2783 4274 corr.

491 4311 567 4365 sic
603 4310 664 4364 F
767 4313 834 4365 25
873 4310 1048 4364 tutius
1085 4313 1196 4380 (pr.
1235 4327 1273 4364 u
1311 4327 1377 4364 ex
1411 4325 1548 4364 corr.
1587 4327 1655 4369 m.
1678 4313 1736 4376 2)
1777 4310 1832 4364 P
1864 4309 2011 4363 utius
2051 4309 2112 4363 F
2142 4308 2335 4364 utilius
2370 4308 2429 4364 R
