3184 4959
433 406 515 469 10
1143 402 1196 455 S.
1252 401 1528 455 Aureli
1585 401 2021 471 Augustini

429 600 766 681 antequam
823 596 1044 661 fieret?
1103 596 1214 661 sed
1269 594 1333 659 in
1389 596 1511 659 hoo
1560 614 1814 677 quoque
1862 596 2313 679 omnipotentis
2362 616 2547 680 opere
2593 596 2717 662 diei

433 705 872 787 euangelicum
915 704 1074 768 illud
1113 706 1352 785 potest:
1401 702 1891 767 Hominibus
1942 703 2134 766 haec
2184 704 2464 782 a1·dua;
2512 702 2719 788 apud

434 811 660 875 deum
742 813 1008 874 autem
1079 808 1342 875 omnia
1402 808 1875 891 possibilia.
1954 811 2308 874 exultemus
2373 810 2591 893 itaque
2656 813 2722 874 et

431 918 745 981 laetemur
790 916 851 979 in
902 934 994 991 eo,
1045 915 1179 997 qui
1225 915 1435 979 facit
1477 915 1895 979 mirabilia
1944 916 2169 981 solus
2218 919 2284 981 et
2333 917 2466 998 qui
2513 915 2721 981 facit

433 1023 846 1087 unanimes
913 1023 1286 1087 habitare
1351 1022 1428 1085 in
1495 1022 1740 1101 domo,
1810 1023 2105 1103 quoniam
2161 1022 2299 1104 ipse
2354 1022 2721 1105 respexit
2777 1047 2805 1085 ⁵

431 1129 951 1194 humilitatem
995 1133 1321 1194 nostram
1357 1132 1423 1193 et
1450 1128 1817 1193 uisitauit
1846 1129 1915 1193 in
1946 1130 2135 1194 bono
2166 1130 2457 1212 plebem
2489 1149 2717 1205 suam,

434 1236 542 1319 qui
610 1236 870 1300 erexit
935 1235 1304 1300 cornuin
1364 1234 1588 1299 domo
1650 1235 1909 1300 Dauid
1966 1236 2197 1319 pueri
2252 1235 2375 1299 sui
2435 1240 2500 1301 et
2552 1254 2721 1299 nune

434 1343 738 1407 exaltauit
803 1348 994 1406 cornu
1063 1342 1368 1407 eeclesiae
1435 1362 1586 1405 suae
1650 1343 1711 1406 in
1781 1342 2001 1407 electis
2066 1343 2221 1419 suiS‚
2288 1346 2363 1405 ut
2424 1360 2721 1406 cornua

430 1453 972 1531 peecatorum,
1023 1449 1193 1513 sieut
1234 1469 1349 1531 per
1391 1450 1763 1532 prophetam
1814 1448 2101 1532 spondet,
2150 1448 2269 1513 hoc
2318 1450 2417 1512 est
2460 1448 2720 1513 Donati—

434 1559 678 1620 starum
724 1556 1390 1637 manichaeorumque,
1441 1556 1923 1639 confringat.
2756 1582 2809 1621 ιο

519 1661 776 1727 Utinam
854 1662 1008 1727 haec
1083 1680 1246 1725 nunc
1321 1662 1558 1726 domini
1632 1663 1807 1741 tuba,
1892 1682 2017 1744 qua
2096 1680 2207 1745 per
2286 1659 2714 1746 Augustinum

431 1770 695 1847 intonat,
744 1769 859 1833 filii
907 1769 1105 1834 nostri
1151 1769 1422 1832 Licentii
1465 1769 1683 1849 pulset
1728 1769 2005 1845 auditu8‚
2055 1768 2166 1833 sed
2212 1772 2287 1833 ut
2337 1768 2451 1831 illa
2504 1766 2721 1831 audiat

433 1894 602 1952 aure,
659 1894 783 1957 qua
841 1875 1136 1941 Christus
1190 1874 1561 1958 ingreditur,
1620 1874 1697 1939 de
1754 1894 1877 1957 qua
1931 1894 2052 1939 non
2117 1874 2283 1957 rapit
2344 1874 2443 1938 dei
2507 1893 2715 1937 semen

430 1981 756 2046 inimicus!
805 1986 960 2047 tune
1005 2001 1154 2045 uere-
1203 1981 1325 2045 sibi
1373 2001 1663 2046 summus
1714 1980 1951 2045 Christi
1995 1980 2273 2064 pontifex
2318 1978 2719 2063 Augustinus

429 2087 772 2166 uidebitur,
831 2089 978 2170 quia
1031 2092 1185 2152 tunc
1241 2107 1309 2153 se
1367 2090 1432 2152 et
1487 2088 1849 2152 exauditum
1908 2089 2141 2153 sentiet
2195 2088 2269 2151 ab
2328 2087 2593 2164 excelso,
2641 2086 2716 2161 si,
2759 2117 2809 2154 ιε,

433 2213 621 2275 quem
668 2194 786 2257 tibi
835 2194 1094 2279 dignum
1145 2195 1366 2279 genuit
1410 2196 1472 2258 in
1518 2195 1773 2271 litteris,
1822 2195 1988 2259 hunc
2028 2198 2092 2259 et
2130 2195 2252 2259 sibi
2291 2194 2478 2278 digne
2516 2194 2717 2257 filium

431 2300 634 2384 pariat
687 2300 750 2363 in
811 2300 1080 2366 Christo.
1149 2321 1293 2365 nam
1351 2310 1416 2365 et
1471 2321 1655 2378 nune,
1704 2302 1899 2365 uelim
1946 2302 2184 2378 eredas⁹
2232 2301 2721 2385 flagrantissima

435 2406 511 2470 de
558 2405 697 2488 ipso
744 2407 927 2471 nobis
975 2406 1402 2472 sollicitudine
1459 2408 1734 2490 scripsit.
1802 2407 2115 2473 oredimus
2171 2409 2231 2472 in
2290 2410 2719 2491 omnipotente

437 2512 711 2590 Christo,
769 2513 937 2596 quod
994 2514 1421 2579 adulescentis
1489 2516 1685 2580 nostri
1753 2516 1923 2580 uotis
1989 2516 2341 2581 carnalibus
2408 2516 2721 2598 spiritalia

429 2620 779 2703 Augustini
824 2625 974 2685 uota
1018 2622 1441 2703 praeualeant.
1498 2622 1795 2687 uincetur
1835 2624 1945 2687 uel
1987 2624 2253 2700 inuitu8‚
2302 2623 2459 2687 mihi
2508 2623 2715 2697 erede3
2754 2654 2807 2696 20

429 2726 726 2791 uincetur
787 2728 1064 2811 piissimi
1127 2728 1404 2811 parentis
1469 2729 1612 2807 fide,
1679 2750 1757 2795 ne
1824 2733 1991 2795 mala
2044 2730 2313 2795 uictoria
2372 2731 2606 2807 uincat,
2664 2730 2719 2794 si

431 2834 729 2898 maluerit
770 2836 834 2899 in
880 2836 1222 2919 perniciem
1271 2855 1452 2900 suam
1499 2836 1753 2901 uincere
1794 2856 1982 2919 quam
2022 2857 2128 2919 pro
2170 2838 2375 2902 salute
2414 2838 2717 2919 superari.

609 3094 642 3147 2
680 3094 877 3150 Matth.
919 3096 1002 3157 19,
1041 3095 1134 3157 26;
1173 3094 1336 3147 Marc.
1380 3094 1462 3157 10,
1501 3095 1597 3156 27;
1636 3094 1763 3147 Luc.
1805 3094 1889 3156 18,
1928 3096 1996 3147 27
2105 3096 2140 3147 4
2176 3094 2266 3147 Ps.
2307 3096 2392 3158 71,
2433 3094 2515 3149 18.
2626 3096 2715 3149 Ps.

431 3183 516 3245 67,
556 3182 604 3235 7.
751 3184 782 3237 5
821 3182 984 3237 Deut.
1024 3184 1112 3248 26,
1150 3184 1181 3235 7
1292 3183 1324 3234 6
1362 3182 1490 3238 Luc.
1531 3183 1579 3245 7,
1622 3182 1685 3237 16
1818 3184 1847 3236 7
1885 3182 2011 3235 Luc.
2056 3184 2101 3247 1,
2140 3182 2209 3235 69
2319 3186 2351 3237 8
2390 3184 2479 3239 Ps.
2520 3184 2606 3248 74,
2651 3187 2711 3239 11

434 3271 499 3325 13
537 3270 733 3326 matth.
777 3274 859 3335 13,
898 3275 932 3326 4
973 3276 1027 3326 et
1067 3274 1156 3337 19;
1195 3272 1360 3328 Marc.
1398 3273 1449 3335 4,
1488 3273 1523 3325 4
1563 3274 1618 3325 et
1658 3272 1748 3336 153
1789 3270 1917 3324 Luc.
1956 3270 2006 3332 8,
2046 3274 2079 3325 5
2118 3276 2175 3324 et
2215 3272 2280 3324 12

507 3414 532 3466 1
575 3415 890 3483 antequam]
932 3430 1000 3467 an
1037 3430 1290 3483 umquam
1331 3414 1381 3465 A
1537 3412 1651 3477 fier,
1687 3416 1817 3466 νιν-,2
1854 3413 2007 3466 fieret
2048 3412 2095 3465 G
2270 3414 2303 3467 3
2343 3416 2399 3467 et
2433 3414 2715 3484 laetemur]

432 3500 726 3568 edetemur,
765 3520 831 3555 m.
855 3506 895 3556 2
932 3506 990 3557 et
1021 3504 1288 3557 laetemur
1323 3502 1390 3555 K
1557 3506 1589 3557 5
1628 3501 1829 3555 habere
1865 3502 1921 3554 A
2064 3500 2295 3565 domino,
2333 3518 2401 3556 m.
2424 3507 2453 3555 1
2486 3520 2659 3571 supra
2693 3505 2721 3557 l

433 3590 589 3643 domo
618 3591 674 3645 R
773 3594 804 3645 6
842 3594 1078 3645 nostram
1120 3608 1220 3645 om,
1249 3592 1304 3645 R
1412 3592 1665 3645 uisitabit
1692 3590 1755 3644 K
1852 3592 1885 3643 8
1923 3591 2153 3653 inlectiS‚
2192 3608 2259 3645 m.
2282 3596 2323 3645 2
2358 3592 2413 3644 in
2442 3593 2631 3645 electis
2658 3592 2723 3645 K

504 3697 697 3733 corona
731 3681 806 3734 M
884 3682 916 3734 9
953 3698 1048 3750 per
1083 3698 1151 3736 m.
1175 3686 1213 3734 2
1249 3698 1290 3735 s.
1327 3698 1384 3733 w.
1421 3680 1489 3735 K
1591 3680 1815 3750 spondit
1848 3681 1973 3734 MA
2009 3680 2301 3751 spopondit
2335 3680 2403 3733 K
2487 3682 2547 3735 11
2584 3699 2718 3751 quae

437 3768 484 3821 0
664 3771 729 3823 12
765 3770 973 3823 licentii
1013 3775 1210 3838 (postr.
1248 3770 1267 3822 i
1303 3787 1372 3823 m.
1397 3774 1435 3824 2
1473 3770 1605 3823 add.
1642 3770 1781 3835 uid.)
1812 3769 1877 3821 K
2070 3770 2273 3839 pulset]
2312 3770 2434 3839 plus
2474 3774 2530 3823 et
2560 3774 2649 3835 (m.
2680 3774 2721 3823 2

433 3860 805 3926 coniunctum)
845 3858 916 3911 M
1058 3860 1244 3913 audiat
1280 3854 1379 3915 om.
1418 3860 1484 3913 K
1630 3860 1695 3913 13
1733 3859 2307 3928 semen-augustinus
2346 3876 2466 3922 σπι,
2506 3863 2623 3913 m.1
2658 3860 2719 3913 in

435 3964 602 4017 marg).
643 3948 774 4003 add.
811 3950 886 4003 M
1038 3951 1104 4003 14
1141 3948 1382 4019 pontifex
1423 3949 1627 4013 christi,
1665 3966 1732 4003 m.
1755 3952 1795 4003 2
1830 3949 2017 4002 christi
2056 3948 2297 4018 pontifex
2334 3948 2401 4002 K
2557 3949 2621 4002 15
2660 3966 2717 4001 se

431 4045 564 4089 tunc
601 4037 720 4090 edd.
865 4038 1008 4091 senti
1047 4042 1104 4091 et
1143 4041 1292 4101 (m.2
1330 4037 1705 4104 coniunctum)
1745 4038 1813 4090 M
1926 4039 1989 4092 16
2028 4037 2133 4090 sibi
2174 4037 2241 4089 lr
2353 4038 2416 4090 18
2452 4038 2511 4090 in
2546 4036 2717 4089 omni-

431 4128 712 4192 potentem
751 4126 1012 4179 christum
1053 4126 1150 4178 ΟΡ
1184 4126 1304 4179 edd.
1467 4128 1535 4180 20
1575 4130 1707 4180 uota
1742 4124 2036 4195 Augustini
2074 4126 2191 4181 edd.
2391 4126 2630 4179 inuictus
2666 4125 2723 4177 P

505 4212 764 4265 credemur
795 4218 926 4278 (ras.
966 4216 1109 4265 1—2
1146 4213 1202 4276 l.)
1233 4212 1306 4265 M
1411 4214 1566 4268 erede
1608 4214 1876 4283 uincetur]
1916 4213 2164 4267 uincetur
2201 4212 2358 4267 erede
2390 4212 2438 4267 Ο
2504 4213 2575 4267 22
2604 4228 2717 4265 ma·

431 4300 597 4353 luerit
637 4301 713 4368 (al
749 4317 814 4354 ex
850 4318 962 4355 ras.
1002 4306 1051 4355 et
1089 4317 1225 4355 corr.
1265 4318 1333 4355 m.
1355 4304 1422 4369 2‚·
1445 4302 1630 4369 fuisse
1662 4302 1779 4355 uid.
1819 4302 1930 4369 ula)
1974 4300 2025 4354 P
