3184 4959
443 433 526 496 92
1147 430 1200 482 S.
1259 428 1531 481 Aureli
1591 428 2029 497 Augustini

443 627 660 692 orbem
715 629 1044 698 terrarum,
1103 625 1212 706 qui
1269 625 1324 688 ei
1380 643 1490 706 per
1543 623 1965 706 ignorantiam
2022 623 2468 699 communicat,
2536 623 2729 688 altare

443 735 714 798 alterum
764 732 1000 816 erigere
1047 732 1441 796 audeamus)

384 838 422 900 9
530 839 698 904 Huic
754 843 886 902 tam
943 857 1094 902 sano
1149 841 1447 919 rectoque
1505 837 1770 903 consilio
1829 837 2120 920 quisquis
2174 837 2435 902 infrenis
2492 836 2731 900 obtem-

443 963 656 1027 perare
714 945 1044 1021 noluisset,
1103 943 1255 1027 quid
1313 951 1484 1007 esset
1537 943 1823 1008 facturus
1880 947 1991 1008 aut
2044 961 2168 1024 quo
2216 942 2404 1007 modo
2452 942 2730 1024 aliquem

445 1052 804 1116 absentium
879 1052 1266 1136 collegarum
1342 1054 1513 1114 esset
1577 1049 2011 1126 damnaturus,
2080 1068 2223 1114 cum
2286 1049 2349 1114 in
2412 1053 2729 1131 potestate
2794 1071 2822 1110 ⁵

445 1163 586 1223 acta
633 1158 884 1223 concilii
930 1175 1052 1224 non
1101 1158 1360 1232 haberet
1406 1157 1869 1221 contradicente
1905 1157 2217 1239 primate?
2257 1155 2427 1238 quod
2465 1156 2519 1220 si
2557 1158 2735 1220 tanta

445 1269 510 1330 et
575 1264 881 1330 aduersus
945 1265 1212 1348 primam
1281 1264 1496 1328 sedem
1562 1263 1789 1326 seditio
1856 1267 2237 1341 nasceretur,
2302 1264 2379 1326 ut
2446 1262 2733 1328 nonnulli

444 1372 738 1436 damnare
786 1371 912 1436 iam
959 1371 1217 1448 uellent,
1267 1389 1426 1454 quos
1474 1371 1735 1436 uolebat
1777 1371 1887 1435 ille
1936 1370 2189 1448 differri,
2228 1373 2461 1452 quanto
2500 1369 2733 1434 melius

445 1499 482 1544 a
525 1479 764 1544 talibus
810 1479 1090 1560 inquieta
1140 1481 1204 1542 et
1246 1479 1539 1561 inpacata
1575 1478 1983 1543 molientibus
2022 1496 2213 1559 quam
2252 1497 2287 1542 a
2323 1475 2523 1541 totius
2564 1475 2733 1541 orbis

446 1586 888 1651 communione
943 1585 1414 1650 dissentiretur!
1473 1585 1586 1650 sed
1644 1585 1788 1666 quia
1844 1603 1965 1648 non
2023 1587 2216 1658 erant,
2266 1603 2425 1665 quae
2470 1583 2535 1646 in
2584 1580 2732 1647 Cae·
2774 1607 2825 1644 ιο

448 1693 748 1758 cilianum
806 1695 872 1755 et
927 1691 1311 1756 ordinatores
1369 1693 1506 1756 eius
1553 1692 1972 1756 transmarino
2021 1691 2255 1756 iudicio
2302 1691 2731 1772 probarentur,

445 1801 775 1882 propterea
821 1817 958 1874 nec,
1005 1799 1378 1882 priusquam
1423 1799 1488 1862 in
1535 1819 1684 1864 eum
1733 1799 2080 1864 sententias
2130 1798 2430 1874 dicerent,
2490 1795 2733 1862 differre

447 1906 787 1970 noluerunt
839 1924 972 1982 nec,
1031 1908 1251 1988 postea
1297 1925 1485 1986 quam
1535 1905 1844 1979 dixerunt,
1894 1908 2373 1988 perseueranter
2413 1904 2479 1968 id
2528 1921 2732 1987 agere,

447 2015 522 2077 ut
597 2010 902 2077 ecclesiae
977 2013 1427 2076 transmarinae
1501 2013 1564 2077 in
1642 2013 1933 2077 notitiam
1999 2013 2397 2094 perferretur,
2466 2029 2735 2093 quorum

448 2119 828 2184 traditorum
881 2119 948 2182 in
1001 2117 1212 2182 Africa
1258 2117 1695 2183 damnatorum
1745 2119 2255 2184 communionem
2306 2119 2504 2182 uitare
2554 2117 2735 2181 debe·
2772 2137 2827 2178 ιε

445 2231 604 2299 rent,
655 2227 821 2309 quia,
861 2226 915 2292 si
951 2225 1018 2288 id
1055 2225 1257 2290 facere
1294 2225 1804 2308 temptauissent,
1844 2225 2141 2290 adessent
2176 2226 2302 2290 sibi
2340 2224 2735 2292 Caecilianus

450 2337 514 2398 et
560 2333 752 2398 ceteri
799 2337 863 2398 et
908 2352 1089 2397 suam
1137 2351 1392 2396 causam
1439 2332 1746 2397 aduersus
1791 2330 2053 2396 fallaces
2102 2331 2531 2398 criminatores
2570 2331 2736 2414 apud

450 2439 898 2505 transmarinos
963 2439 1431 2504 ecclesiasticos
1489 2438 1733 2503 iudices
1792 2439 2285 2523 diligentissima
2339 2437 2736 2504 discussione

449 2549 812 2631 purgarent.

348 2649 430 2712 10
539 2653 761 2734 Itaque
815 2651 1155 2717 consilium
1210 2651 1370 2715 illud
1429 2671 1801 2734 pei-uersum
1856 2655 2047 2733 atque
2093 2651 2399 2716 nefarium
2446 2649 2735 2724 maxime,
2772 2671 2827 2710 20

451 2763 524 2824 ut
579 2759 874 2834 creditur,
931 2758 1306 2823 traditorum
1367 2759 1505 2834 fuit,
1555 2759 1787 2839 quibus
1836 2758 2145 2824 confessis
2194 2757 2520 2824 Secundus
2568 2757 2737 2839 Tigi-

451 2865 697 2931 sitanus
750 2867 1104 2948 ignouerat,
1152 2868 1244 2940 ut,
1293 2865 1590 2948 quoniam
1639 2866 1715 2930 de
1760 2866 2098 2930 traditione
2142 2867 2313 2930 fama
2358 2864 2736 2942 crebruerat,

450 2971 771 3038 infamatis
819 2971 959 3035 aliis
1009 2991 1044 3034 a
1090 2990 1158 3035 se
1215 2975 1572 3036 auerterent
1635 2972 2060 3055 suspicionem
2128 2975 2210 3041 et.
2259 2991 2405 3036 cum
2452 2970 2737 3035 homines

451 3099 563 3162 per
615 3078 894 3142 Africam
947 3081 1148 3142 totam
1207 3077 1530 3144 credentes
1588 3077 1904 3161 episcopis
1960 3078 2123 3144 falsa
2177 3077 2255 3144 de
2300 3077 2737 3143 innocentibus

451 3187 878 3268 loquerentur,
919 3183 1088 3267 quod
1125 3183 1404 3249 damnati
1439 3190 1657 3251 essent
1694 3187 1863 3268 apud
1901 3185 2347 3270 Carthaginem
2386 3185 2741 3262 traditoreS,
2776 3205 2831 3245 25

455 3297 778 3374 tamquam
850 3289 914 3355 in
990 3289 1217 3356 nebula
1293 3291 1771 3356 mendacissimi
1852 3294 2124 3358 rumoris
2198 3293 2343 3374 ipsi,
2418 3291 2527 3377 qui
2592 3309 2740 3355 uere

455 3398 860 3474 tradiderant,
917 3398 1260 3464 latitarent.
1328 3399 1493 3464 unde
1549 3399 1809 3477 uidetis,
1868 3399 2201 3478 carissimi,
2250 3398 2383 3463 fieri
2429 3397 2739 3480 potuisse,

525 3629 558 3681 2
596 3625 872 3679 uideamus
913 3626 1034 3680 MR
1072 3630 1213 3691 (m.1
1245 3642 1422 3695 supra
1457 3627 1484 3680 l
1521 3627 1832 3684 audeamus)
1910 3629 1943 3683 6
1982 3628 2216 3697 primatu
2244 3625 2481 3681 MFAR
2590 3627 2743 3680 tanta

455 3717 530 3785 et]
570 3717 723 3768 tante
749 3715 755 3783 Ι
782 3755 794 3773 ,
833 3733 900 3767 m.
939 3721 1000 3768 ut
1037 3714 1153 3768 uid.
1195 3719 1234 3768 2
1269 3717 1456 3786 tanta}
1498 3716 1573 3769 M
1703 3717 1737 3771 8
1774 3717 2033 3771 uolebant
2068 3716 2150 3770 illi
2188 3717 2241 3770 A
2264 3735 2349 3770 ae
2530 3715 2743 3770 differre

453 3803 632 3858 MFa
672 3802 878 3857 deferre
915 3804 968 3856 A
1077 3807 1109 3858 9
1148 3821 1176 3857 a
1215 3805 1408 3874 totius]
1447 3805 1663 3859 atonius
1703 3809 1753 3860 A
1884 3807 2031 3860 urbis
2068 3805 2245 3860 MFA
2358 3806 2425 3858 12
2464 3805 2743 3860 deferrem

457 3895 523 3948 13
559 3893 866 3957 noluerunt,
904 3910 972 3946 m.
996 3897 1034 3949 2
1072 3892 1359 3946 uoluerunt
1395 3893 1450 3946 P
1484 3893 1773 3947 uoluerunt
1809 3895 1927 3949 edd.
1958 3901 2185 3964 praete-r
2206 3912 2243 3948 α
2417 3895 2481 3947 15
2522 3892 2745 3947 deberet

457 3981 576 4036 edd.
690 3982 757 4035 16
794 3981 1002 4035 facere·
1038 3981 1094 4036 P
1234 3982 1337 4036 sibi
1378 3983 1423 4052 (s
1463 3986 1627 4049 eras.)
1666 3982 1721 4036 P
1830 3985 1894 4037 18
1932 3984 2157 4046 indicos,
2195 4000 2262 4036 m.
2286 3987 2315 4035 1
2353 3999 2381 4035 e
2416 3997 2585 4050 super
2621 3999 2650 4034 ο
2688 3981 2745 4035 R

455 4072 525 4125 20
562 4071 849 4124 concilium
885 4069 1005 4124 edd.
1143 4073 1206 4125 21
1252 4069 1526 4126 Secundus
1566 4087 1669 4124 om.
1708 4073 1777 4126 M
1910 4073 1978 4125 22
2017 4070 2327 4126 crebruerat
2366 4071 2523 4138 (med.
2561 4088 2589 4123 r
2624 4085 2741 4138 exp.

453 4178 520 4214 m.
545 4165 591 4226 1)
629 4159 690 4213 F
723 4160 1021 4225 crebuerat,
1060 4175 1199 4214 corr.
1241 4159 1454 4227 (m.1?)
1493 4159 1806 4214 crebruerat
1831 4160 1900 4213 M
1988 4163 2056 4216 23
2096 4163 2372 4214 uerterent
2397 4159 2469 4212 M
2555 4159 2625 4213 26
2652 4173 2745 4212 ne·

453 4249 583 4304 bula
609 4249 736 4303 MP
771 4253 860 4314 (av
883 4251 1046 4317 erae.)
1076 4248 1132 4303 R
1167 4249 1418 4302 nebula-n
1449 4249 1556 4303 ΓΔ
1676 4237 2139 4304 mendacissimiru
2166 4250 2171 4274 ¹
2197 4250 2321 4313 oris,
2360 4267 2428 4304 m.
2450 4253 2491 4303 2
2524 4246 2747 4302 menda-

458 4337 730 4392 ‹lacissimi
767 4353 828 4390 ru
855 4336 860 4405 ξ
885 4337 1048 4391 moris
1085 4337 1141 4391 P
1245 4339 1312 4391 27
1351 4337 1592 4392 tradidef
1628 4337 1686 4389 P
1826 4337 2123 4392 latitabant
2158 4337 2233 4392 M
