3184 4959
1087 442 1620 511 epistularum
1675 443 1833 499 CXX.
2478 450 2607 514 719

310 638 374 699 et
445 634 616 699 filius
693 640 755 700 et
829 636 1091 718 spiritus
1167 640 1426 701 sanctus
1499 638 1691 702 unius
1766 638 2161 703 substantiae
2234 639 2346 704 sed
2421 640 2607 705 unius

311 740 691 819 diuinitatis,
749 761 910 824 quae
966 761 1089 807 non
1145 747 1242 807 est
1298 743 1675 809 substantia.
1744 745 2039 829 agnoscis
2096 748 2309 809 autem
2364 745 2430 809 in
2486 744 2608 811 fide

311 847 643 925 catholica,
702 848 999 930 quoniam
1054 850 1176 916 hoc
1223 852 1322 913 est
1375 870 1621 928 uerum,
1679 852 1798 915 hoc
1848 870 1985 915 esse
2040 852 2382 928 firmatum,
2441 852 2609 935 quod

311 956 489 1038 pater
535 958 599 1019 et
645 954 814 1020 filius
856 962 920 1019 et
967 956 1231 1039 spiritus
1281 960 1540 1021 sanctus
1587 957 1751 1033 ideo,
1800 975 1945 1022 cum
1993 959 2079 1023 sit
2124 958 2398 1037 trinitaS,
2442 977 2609 1024 unus

253 1084 277 1120 ε,
315 1065 412 1126 est
441 1061 618 1139 deus,
651 1062 820 1143 quod
856 1062 1360 1147 inseparabiliter
1396 1064 1526 1128 sint
1552 1064 1745 1129 unius
1777 1063 2187 1147 eiusdemque
2216 1066 2611 1131 substantiae

313 1169 434 1245 uel,
495 1168 548 1233 si
607 1170 728 1233 hoc
783 1170 1014 1234 melius
1065 1169 1316 1247 dicitur,
1375 1171 1709 1235 essentiae.
1764 1191 1908 1235 nam
1966 1173 2248 1236 nonnulli
2299 1172 2499 1237 nostri
2548 1177 2613 1237 et

313 1276 584 1340 maxime
644 1276 868 1341 Graeci
933 1275 1302 1351 trinitatem,
1371 1296 1529 1359 quae
1596 1277 1753 1341 deus
1820 1281 1937 1351 est,
2006 1278 2209 1361 magis
2268 1278 2609 1343 essentiam

313 1400 502 1463 quam
555 1400 738 1445 unam
788 1381 1212 1446 substantiam
1259 1400 1400 1445 esse
1447 1381 1739 1446 dixerunt
1784 1382 2025 1464 aliquid
2072 1384 2237 1447 inter
2281 1384 2438 1449 haec
2486 1384 2609 1447 duo

311 1488 564 1553 nomina
602 1507 742 1553 esse
789 1488 1166 1553 arbitrantes
1206 1489 1314 1552 uel
1357 1488 1825 1573 intellegenteS,
1871 1490 2037 1553 unde
2084 1508 2251 1554 nunc
2289 1490 2612 1572 disputare

227 1626 278 1665 ιο
313 1614 436 1659 non
477 1614 638 1675 opus
681 1600 798 1671 est,
850 1595 1038 1676 quod,
1089 1595 1210 1659 etsi
1259 1595 1661 1661 diuinitatem
1710 1596 1922 1673 istam,
1971 1615 2131 1677 quae
2178 1596 2353 1661 aliud
2401 1596 2610 1661 existi-

313 1704 525 1765 matur
563 1720 701 1766 esse
742 1721 926 1784 quam
976 1702 1118 1785 ipsa
1153 1702 1426 1780 trinitas,
1475 1722 1597 1767 non
1647 1703 2069 1768 substantiam
2118 1704 2230 1767 sed
2270 1702 2609 1769 essentiam

317 1810 676 1885 dixerimuS,
727 1809 944 1873 eadem
991 1809 1238 1874 falsitas
1288 1818 1727 1893 consequetur.
1788 1810 1843 1873 si
1891 1809 2055 1874 enim
2104 1809 2231 1873 alia
2277 1812 2377 1873 est
2422 1829 2611 1892 quam

315 1917 454 1999 ipsa
516 1916 788 1991 trinitaS,
855 1916 1054 1981 altera
1109 1918 1228 1981 erit
1283 1917 1580 1988 essentia,
1649 1917 1819 1998 quod
1884 1916 2051 1981 absit
2115 1918 2189 1979 ut
2254 1914 2611 1981 catholicus

317 2022 568 2087 sentiat.
617 2026 818 2088 restat
862 2023 1100 2105 itaque,
1156 2028 1232 2087 ut
1273 2024 1367 2088 ita
1414 2022 1742 2088 credamus
1791 2022 1981 2087 unius
2030 2042 2171 2087 esse
2218 2022 2611 2087 substantiae

231 2150 279 2189 1⁵
317 2129 683 2207 trinitatem,
741 2136 816 2196 ut
859 2131 1001 2213 ipsa
1050 2131 1329 2195 essentia
1383 2149 1506 2195 non
1563 2129 1739 2193 aliud
1787 2129 1873 2193 sit
1920 2148 2107 2210 quam
2155 2128 2295 2211 ipsa
2338 2128 2611 2194 trinitas,

315 2237 394 2301 ad
448 2256 638 2319 quam
693 2237 1032 2302 uidendam
1091 2241 1394 2319 quantum
1461 2236 1623 2300 libet
1681 2236 1746 2299 in
1811 2235 1931 2299 hac
1986 2234 2121 2299 uita
2183 2235 2610 2318 proficiamus,

313 2364 452 2425 per
517 2344 935 2428 speculum
997 2343 1115 2408 erit
1169 2346 1249 2407 et
1311 2344 1386 2407 in
1453 2342 1935 2427 aenigmate,
2004 2340 2171 2423 quod
2229 2340 2608 2406 uidebimus.

317 2469 462 2515 cum
519 2470 690 2528 uer0,
742 2449 912 2532 quod
956 2450 1020 2514 in
1068 2450 1526 2514 resurrectione
1579 2449 1994 2533 promittitur,
2054 2448 2335 2531 spiritale
2384 2464 2610 2529 corpus

315 2558 544 2622 habere
610 2557 1024 2639 coeperimuS,
1103 2556 1240 2621 siue
1312 2556 1488 2619 illam
1555 2561 1766 2620 mente
1842 2556 1978 2619 siue
2052 2554 2327 2619 mirabili
2397 2553 2609 2631 modo,

227 2684 280 2725 20
318 2664 612 2746 quoniam
660 2662 998 2739 ineffabilis
1039 2666 1138 2726 est
1185 2662 1488 2745 spiritalis
1528 2663 1805 2743 corporis
1856 2661 2077 2745 gratia,
2125 2660 2314 2724 etiam
2354 2678 2613 2743 corpore

317 2771 670 2846 uideamus,
744 2790 864 2835 non
933 2774 1142 2834 tamen
1207 2789 1318 2852 per
1380 2769 1666 2833 locorum
1729 2768 2068 2833 interualla
2128 2786 2241 2831 nec
2304 2766 2371 2831 in
2433 2769 2612 2849 parte

317 2878 626 2944 minorem
671 2876 734 2940 in
784 2880 960 2961 parte
1000 2878 1324 2954 maiorem,
1374 2876 1673 2959 quoniam
1710 2895 1835 2941 non
1872 2878 1973 2940 est
2008 2893 2237 2959 corpus
2275 2876 2339 2939 et
2375 2872 2611 2956 ubique

315 2989 455 3050 tota
499 2988 616 3061 est,
663 3004 776 3067 pro
824 2988 1038 3050 nostra
1082 2984 1430 3067 capacitate
1474 2983 1861 3048 uidebimus,

33 3082 90 3147 V
145 3082 225 3145 18
409 3090 596 3171 Quod
651 3110 802 3156 uero
858 3090 1134 3175 posuisti
1187 3092 1250 3154 in
1301 3091 1578 3174 epistula
1633 3093 1745 3155 tua
1799 3088 2003 3154 uideri
2048 3087 2167 3153 tibi
2214 3087 2321 3152 uel
2374 3086 2611 3170 potiuS,

225 3221 280 3259 85
320 3199 488 3280 quod
527 3198 863 3262 uidebatur
898 3197 1018 3261 tibi
1063 3197 1222 3261 nihil
1259 3196 1480 3261 uiuum
1533 3196 1883 3261 secundum
1932 3194 2357 3260 substantiam
2402 3194 2610 3259 inesse

318 3304 601 3369 iustitiae
657 3304 926 3386 ideoque
981 3308 1046 3367 te
1102 3321 1224 3367 non
1281 3322 1468 3387 posse
1515 3302 1723 3367 adhuc
1770 3302 1979 3379 deum,
2025 3300 2094 3364 id
2142 3304 2241 3367 est
2286 3301 2609 3365 uiuentem

501 3549 564 3601 17
601 3546 630 3601 I
667 3548 788 3604 Cor.
832 3547 914 3611 13,
957 3548 1026 3600 12
1169 3546 1365 3615 24—p.
1407 3546 1528 3609 720,
1566 3546 1599 3599 3
1640 3569 1707 3591 =
1744 3562 1798 3614 p.
1838 3545 1960 3609 702,
2003 3542 2265 3606 19-703‚
2309 3544 2336 3598 1

389 3724 421 3777 3
460 3722 563 3776 hoc
603 3726 685 3775 est
720 3722 987 3775 firmatum
1016 3739 1044 3775 s
1079 3722 1182 3775 hoc
1220 3723 1305 3775 est
1342 3720 1711 3775 confirmatum
1740 3736 1793 3773 m
1938 3726 2029 3788 qm
2060 3718 2167 3774 OT
2200 3718 2457 3788 quoniam
2487 3718 2610 3773 edd.

308 3817 606 3881 praeterm
750 3812 782 3864 5
821 3810 950 3879 quia.
992 3809 1222 3864 ΟΡΤΤι
1260 3809 1381 3864 edd.
1553 3813 1681 3863 sunt
1716 3808 1839 3864 edd.
1986 3810 2018 3862 9
2054 3808 2315 3863 interesse
2352 3808 2475 3862 edd.
2486 3828 2505 3874 ,·
2541 3808 2610 3875 cf.

317 3917 459 3969 quae
497 3900 574 3954 ad
607 3899 780 3968 Apul.
819 3900 886 3953 de
930 3899 1106 3968 doqm.
1143 3900 1296 3953 Plat.
1337 3900 1374 3953 Ζ.
1413 3899 1492 3952 II
1523 3915 1566 3953 c.
1604 3903 1665 3952 11
1704 3915 1762 3967 p.
1804 3899 1899 3961 89,
1946 3899 1981 3947 9
2018 3896 2098 3951 ed.
2135 3912 2287 3950 meae
2333 3894 2615 3951 adnotant*

321 3990 387 4043 10
424 3993 509 4042 est
546 4006 678 4059 opus
716 3986 836 4043 edd.
984 3988 1268 4042 estimatur
1311 3986 1468 4041 OPT
1575 3988 1644 4041 14
1679 3988 1761 4040 ita
1796 4002 1899 4041 om.
1935 3984 2005 4039 Τι
2118 3985 2184 4039 16
2221 3985 2610 4055 prospiciamus

327 4076 450 4131 ΤΤι
633 4078 697 4131 17
748 4077 864 4146 per]
911 4080 967 4130 et
1002 4092 1100 4147 per
1138 4078 1218 4141 (et
1254 4092 1374 4144 exp.
1401 4092 1470 4129 m.
1490 4080 1541 4140 1)
1590 4075 1642 4128 T
1818 4074 1923 4127 erit
1958 4090 2080 4135 om„
2115 4078 2235 4127 m.1
2275 4070 2347 4141 (ἓ)
2389 4073 2523 4130 add.
2566 4074 2613 4127 0

322 4168 386 4220 19
422 4165 681 4233 mirabili]
722 4164 1083 4219 irrationabili
1117 4164 1304 4218 PTT²
1519 4162 1733 4217 modulo
1774 4166 1994 4231 (parua
2028 4162 2169 4233 ras.)
2204 4161 2259 4215 B
2402 4162 2473 4214 22
2510 4162 2611 4215 mi-

315 4272 475 4308 nores
509 4254 696 4308 PTT¹
839 4254 920 4323 in]
961 4270 1061 4307 nec
1098 4253 1154 4305 in
1199 4252 1305 4307 OT
1443 4254 1673 4307 maiores
1710 4250 1894 4304 PTT¹
2005 4250 2074 4304 24
2110 4250 2309 4321 potius]
2350 4252 2534 4321 potest
2560 4250 2615 4304 P

318 4344 386 4399 26
425 4348 482 4397 te
518 4359 620 4398 om.
659 4342 813 4398 codd.
