<?xml version="1.0" encoding="UTF-8"?>
<!DOCTYPE html PUBLIC "-//W3C//DTD XHTML 1.0 Transitional//EN"
    "http://www.w3.org/TR/xhtml1/DTD/xhtml1-transitional.dtd">
<html xmlns="http://www.w3.org/1999/xhtml" xml:lang="en" lang="en">
 <head>
  <title>
</title>
<meta http-equiv="Content-Type" content="text/html;charset=utf-8" />
  <meta name='ocr-system' content='tesseract 3.04.00' />
  <meta name='ocr-capabilities' content='ocr_page ocr_carea ocr_par ocr_line ocrx_word'/>
</head>
<body>
  <div class='ocr_page' id='page_1' title='image "./corpusscriptoru26wiengoog_0387.png"; bbox 0 0 3184 4959; ppageno 0'>
   <div class='ocr_carea' id='block_1_1' title="bbox 1188 473 2760 546">
    <p class='ocr_par' dir='ltr' id='par_1_1' title="bbox 1188 473 2760 546">
     <span class='ocr_line' id='line_1_1' title="bbox 1188 473 2760 546; baseline 0.011 -20"><span class='ocrx_word' id='word_1_1' title='bbox 1188 476 1722 546; x_wconf 82' lang='lat' dir='ltr'>epistularum</span> <span class='ocrx_word' id='word_1_2' title='bbox 1779 473 2041 528; x_wconf 80' lang='lat' dir='ltr'>LXXXII.</span> <span class='ocrx_word' id='word_1_3' title='bbox 2637 480 2760 544; x_wconf 78' lang='grc'><strong>371</strong></span> 
     </span>
    </p>
   </div>
   <div class='ocr_carea' id='block_1_2' title="bbox 278 673 2765 2785">
    <p class='ocr_par' dir='ltr' id='par_1_2' title="bbox 278 673 2765 2785">
     <span class='ocr_line' id='line_1_2' title="bbox 465 673 2761 756; baseline 0.001 -17"><span class='ocrx_word' id='word_1_4' title='bbox 465 677 811 740; x_wconf 87' lang='lat' dir='ltr'>intentione</span> <span class='ocrx_word' id='word_1_5' title='bbox 861 673 1150 756; x_wconf 87' lang='lat' dir='ltr'>quisquis</span> <span class='ocrx_word' id='word_1_6' title='bbox 1198 676 1349 752; x_wconf 78' lang='lat' dir='ltr'>tunc</span> <span class='ocrx_word' id='word_1_7' title='bbox 1401 673 1992 751; x_wconf 75' lang='lat' dir='ltr'>circumcidebatur,</span> <span class='ocrx_word' id='word_1_8' title='bbox 2043 674 2334 740; x_wconf 86' lang='lat' dir='ltr'>Christus</span> <span class='ocrx_word' id='word_1_9' title='bbox 2394 675 2453 740; x_wconf 89' lang='lat' dir='ltr'>ei</span> <span class='ocrx_word' id='word_1_10' title='bbox 2509 677 2761 744; x_wconf 89' lang='lat' dir='ltr'>omnino</span> 
     </span>
     <span class='ocr_line' id='line_1_3' title="bbox 464 778 2762 867; baseline 0.001 -21"><span class='ocrx_word' id='word_1_11' title='bbox 464 783 621 848; x_wconf 85' lang='lat' dir='ltr'>nihil</span> <span class='ocrx_word' id='word_1_12' title='bbox 667 781 981 864; x_wconf 76' lang='lat' dir='ltr'>proderat,</span> <span class='ocrx_word' id='word_1_13' title='bbox 1030 779 1201 844; x_wconf 84' lang='lat' dir='ltr'>sicut</span> <span class='ocrx_word' id='word_1_14' title='bbox 1246 779 1399 843; x_wconf 90' lang='lat' dir='ltr'>alibi</span> <span class='ocrx_word' id='word_1_15' title='bbox 1444 781 1660 864; x_wconf 84' lang='lat' dir='ltr'>aperte</span> <span class='ocrx_word' id='word_1_16' title='bbox 1709 778 1894 845; x_wconf 88' lang='lat' dir='ltr'>dicit:</span> <span class='ocrx_word' id='word_1_17' title='bbox 1950 780 2130 844; x_wconf 89' lang='lat' dir='ltr'>Nam</span> <span class='ocrx_word' id='word_1_18' title='bbox 2199 781 2263 846; x_wconf 88' lang='lat' dir='ltr'>si</span> <span class='ocrx_word' id='word_1_19' title='bbox 2325 801 2456 864; x_wconf 88' lang='lat' dir='ltr'>per</span> <span class='ocrx_word' id='word_1_20' title='bbox 2518 783 2762 867; x_wconf 86' lang='lat' dir='ltr'>legem</span> 
     </span>
     <span class='ocr_line' id='line_1_4' title="bbox 464 885 2765 971; baseline 0 -18"><span class='ocrx_word' id='word_1_21' title='bbox 464 887 797 965; x_wconf 86' lang='lat' dir='ltr'>iustitia,</span> <span class='ocrx_word' id='word_1_22' title='bbox 848 905 1020 971; x_wconf 88' lang='lat' dir='ltr'>ergo</span> <span class='ocrx_word' id='word_1_23' title='bbox 1064 885 1418 952; x_wconf 86' lang='lat' dir='ltr'>Christus</span> <span class='ocrx_word' id='word_1_24' title='bbox 1468 885 1710 970; x_wconf 88' lang='lat' dir='ltr'>gratis</span> <span class='ocrx_word' id='word_1_25' title='bbox 1758 891 2102 952; x_wconf 87' lang='lat' dir='ltr'>mortuus</span> <span class='ocrx_word' id='word_1_26' title='bbox 2141 891 2274 954; x_wconf 87' lang='lat' dir='ltr'>est.</span> <span class='ocrx_word' id='word_1_27' title='bbox 2325 889 2446 955; x_wconf 90' lang='lat' dir='ltr'>hoc</span> <span class='ocrx_word' id='word_1_28' title='bbox 2485 890 2765 957; x_wconf 76' lang='lat' dir='ltr'>declarat</span> 
     </span>
     <span class='ocr_line' id='line_1_5' title="bbox 465 993 2762 1077; baseline 0.001 -18"><span class='ocrx_word' id='word_1_29' title='bbox 465 999 528 1060; x_wconf 83' lang='lat' dir='ltr'>et</span> <span class='ocrx_word' id='word_1_30' title='bbox 593 994 761 1077; x_wconf 90' lang='lat' dir='ltr'>quod</span> <span class='ocrx_word' id='word_1_31' title='bbox 824 994 963 1077; x_wconf 88' lang='lat' dir='ltr'>ipse</span> <span class='ocrx_word' id='word_1_32' title='bbox 1030 993 1571 1058; x_wconf 77' lang='lat' dir='ltr'>commemorasti:</span> <span class='ocrx_word' id='word_1_33' title='bbox 1649 993 2015 1059; x_wconf 84' lang='lat' dir='ltr'>Euacuati</span> <span class='ocrx_word' id='word_1_34' title='bbox 2095 995 2283 1060; x_wconf 88' lang='lat' dir='ltr'>estis</span> <span class='ocrx_word' id='word_1_35' title='bbox 2352 1015 2388 1060; x_wconf 89' lang='lat' dir='ltr'>a</span> <span class='ocrx_word' id='word_1_36' title='bbox 2436 994 2762 1076; x_wconf 87' lang='lat' dir='ltr'>Christo,</span> 
     </span>
     <span class='ocr_line' id='line_1_6' title="bbox 397 1099 2761 1184; baseline 0.003 -24"><span class='ocrx_word' id='word_1_37' title='bbox 397 1102 591 1184; x_wconf 77' lang='lat' dir='ltr'>⁵qui</span> <span class='ocrx_word' id='word_1_38' title='bbox 665 1101 737 1164; x_wconf 92' lang='lat' dir='ltr'>in</span> <span class='ocrx_word' id='word_1_39' title='bbox 812 1100 973 1184; x_wconf 88' lang='lat' dir='ltr'>lege</span> <span class='ocrx_word' id='word_1_40' title='bbox 1046 1099 1619 1174; x_wconf 83' lang='lat' dir='ltr'>iustificamini;</span> <span class='ocrx_word' id='word_1_41' title='bbox 1689 1121 1725 1164; x_wconf 80' lang='lat' dir='ltr'>a.</span> <span class='ocrx_word' id='word_1_42' title='bbox 1791 1101 2038 1184; x_wconf 77' lang='lat' dir='ltr'>gratia.</span> <span class='ocrx_word' id='word_1_43' title='bbox 2115 1101 2536 1170; x_wconf 78' lang='lat' dir='ltr'>excidistis,</span> <span class='ocrx_word' id='word_1_44' title='bbox 2614 1104 2761 1168; x_wconf 90' lang='lat' dir='ltr'>illos</span> 
     </span>
     <span class='ocr_line' id='line_1_7' title="bbox 460 1205 2760 1292; baseline 0.001 -20"><span class='ocrx_word' id='word_1_45' title='bbox 460 1208 675 1290; x_wconf 87' lang='lat' dir='ltr'>itaque</span> <span class='ocrx_word' id='word_1_46' title='bbox 742 1207 973 1290; x_wconf 87' lang='lat' dir='ltr'>arguit,</span> <span class='ocrx_word' id='word_1_47' title='bbox 1042 1206 1149 1288; x_wconf 90' lang='lat' dir='ltr'>qui</span> <span class='ocrx_word' id='word_1_48' title='bbox 1216 1225 1281 1270; x_wconf 90' lang='lat' dir='ltr'>se</span> <span class='ocrx_word' id='word_1_49' title='bbox 1346 1205 1677 1271; x_wconf 87' lang='lat' dir='ltr'>iustificari</span> <span class='ocrx_word' id='word_1_50' title='bbox 1743 1207 1803 1271; x_wconf 93' lang='lat' dir='ltr'>in</span> <span class='ocrx_word' id='word_1_51' title='bbox 1860 1207 2002 1291; x_wconf 88' lang='lat' dir='ltr'>lege</span> <span class='ocrx_word' id='word_1_52' title='bbox 2058 1208 2414 1286; x_wconf 88' lang='lat' dir='ltr'>credebant,</span> <span class='ocrx_word' id='word_1_53' title='bbox 2471 1230 2593 1275; x_wconf 91' lang='lat' dir='ltr'>non</span> <span class='ocrx_word' id='word_1_54' title='bbox 2652 1212 2760 1292; x_wconf 92' lang='lat' dir='ltr'>qui</span> 
     </span>
     <span class='ocr_line' id='line_1_8' title="bbox 460 1313 2765 1398; baseline 0.001 -20"><span class='ocrx_word' id='word_1_55' title='bbox 460 1315 749 1398; x_wconf 84' lang='lat' dir='ltr'>legitima</span> <span class='ocrx_word' id='word_1_56' title='bbox 791 1313 904 1378; x_wconf 88' lang='lat' dir='ltr'>illa</span> <span class='ocrx_word' id='word_1_57' title='bbox 946 1313 1008 1376; x_wconf 90' lang='lat' dir='ltr'>in</span> <span class='ocrx_word' id='word_1_58' title='bbox 1062 1313 1199 1377; x_wconf 88' lang='lat' dir='ltr'>eius</span> <span class='ocrx_word' id='word_1_59' title='bbox 1246 1313 1500 1391; x_wconf 89' lang='lat' dir='ltr'>honore,</span> <span class='ocrx_word' id='word_1_60' title='bbox 1542 1333 1578 1377; x_wconf 87' lang='lat' dir='ltr'>a</span> <span class='ocrx_word' id='word_1_61' title='bbox 1617 1333 1740 1396; x_wconf 91' lang='lat' dir='ltr'>quo</span> <span class='ocrx_word' id='word_1_62' title='bbox 1787 1315 2084 1378; x_wconf 83' lang='lat' dir='ltr'>mandata</span> <span class='ocrx_word' id='word_1_63' title='bbox 2131 1319 2298 1393; x_wconf 85' lang='lat' dir='ltr'>sunt,</span> <span class='ocrx_word' id='word_1_64' title='bbox 2339 1316 2765 1382; x_wconf 87' lang='lat' dir='ltr'>obseruabant</span> 
     </span>
     <span class='ocr_line' id='line_1_9' title="bbox 457 1419 2760 1506; baseline 0.002 -21"><span class='ocrx_word' id='word_1_65' title='bbox 457 1421 922 1506; x_wconf 83' lang='lat' dir='ltr'>intellegentes,</span> <span class='ocrx_word' id='word_1_66' title='bbox 971 1421 1037 1483; x_wconf 91' lang='lat' dir='ltr'>et</span> <span class='ocrx_word' id='word_1_67' title='bbox 1083 1419 1231 1501; x_wconf 90' lang='lat' dir='ltr'>quia</span> <span class='ocrx_word' id='word_1_68' title='bbox 1276 1421 1814 1501; x_wconf 81' lang='lat' dir='ltr'>praenuntiandae</span> <span class='ocrx_word' id='word_1_69' title='bbox 1854 1421 2143 1486; x_wconf 86' lang='lat' dir='ltr'>ueritatis</span> <span class='ocrx_word' id='word_1_70' title='bbox 2181 1421 2421 1487; x_wconf 88' lang='lat' dir='ltr'>ratione</span> <span class='ocrx_word' id='word_1_71' title='bbox 2468 1423 2760 1489; x_wconf 86' lang='lat' dir='ltr'>mandata</span> 
     </span>
     <span class='ocr_line' id='line_1_10' title="bbox 463 1527 2762 1612; baseline 0 -18"><span class='ocrx_word' id='word_1_72' title='bbox 463 1529 590 1594; x_wconf 88' lang='lat' dir='ltr'>sint</span> <span class='ocrx_word' id='word_1_73' title='bbox 655 1531 718 1594; x_wconf 87' lang='lat' dir='ltr'>et</span> <span class='ocrx_word' id='word_1_74' title='bbox 781 1547 1111 1611; x_wconf 88' lang='lat' dir='ltr'>quousque</span> <span class='ocrx_word' id='word_1_75' title='bbox 1181 1529 1450 1593; x_wconf 90' lang='lat' dir='ltr'>debeant</span> <span class='ocrx_word' id='word_1_76' title='bbox 1504 1527 1861 1608; x_wconf 86' lang='lat' dir='ltr'>perdurare.</span> <span class='ocrx_word' id='word_1_77' title='bbox 1950 1527 2114 1592; x_wconf 90' lang='lat' dir='ltr'>unde</span> <span class='ocrx_word' id='word_1_78' title='bbox 2173 1531 2272 1592; x_wconf 87' lang='lat' dir='ltr'>est</span> <span class='ocrx_word' id='word_1_79' title='bbox 2343 1529 2526 1608; x_wconf 84' lang='lat' dir='ltr'>illud,</span> <span class='ocrx_word' id='word_1_80' title='bbox 2593 1531 2762 1612; x_wconf 89' lang='lat' dir='ltr'>quod</span> 
     </span>
     <span class='ocr_line' id='line_1_11' title="bbox 374 1633 2758 1720; baseline 0 -20"><span class='ocrx_word' id='word_1_81' title='bbox 374 1657 423 1694; x_wconf 85' lang='lat'>10</span> <span class='ocrx_word' id='word_1_82' title='bbox 463 1637 578 1701; x_wconf 89' lang='lat' dir='ltr'>ait:</span> <span class='ocrx_word' id='word_1_83' title='bbox 650 1635 723 1701; x_wconf 79' lang='lat' dir='ltr'>Si</span> <span class='ocrx_word' id='word_1_84' title='bbox 792 1635 1068 1718; x_wconf 87' lang='lat' dir='ltr'>spiritu</span> <span class='ocrx_word' id='word_1_85' title='bbox 1138 1635 1522 1711; x_wconf 88' lang='lat' dir='ltr'>ducimini,</span> <span class='ocrx_word' id='word_1_86' title='bbox 1594 1654 1730 1700; x_wconf 92' lang='lat' dir='ltr'>non</span> <span class='ocrx_word' id='word_1_87' title='bbox 1799 1633 2036 1698; x_wconf 84' lang='lat' dir='ltr'>adhuc</span> <span class='ocrx_word' id='word_1_88' title='bbox 2105 1634 2296 1698; x_wconf 88' lang='lat' dir='ltr'>estis</span> <span class='ocrx_word' id='word_1_89' title='bbox 2365 1636 2500 1699; x_wconf 90' lang='lat' dir='ltr'>sub</span> <span class='ocrx_word' id='word_1_90' title='bbox 2569 1638 2758 1720; x_wconf 88' lang='lat' dir='ltr'>lege,</span> 
     </span>
     <span class='ocr_line' id='line_1_12' title="bbox 461 1741 2759 1826; baseline 0 -20"><span class='ocrx_word' id='word_1_91' title='bbox 461 1742 646 1819; x_wconf 89' lang='lat' dir='ltr'>unde,</span> <span class='ocrx_word' id='word_1_92' title='bbox 704 1743 887 1806; x_wconf 88' lang='lat' dir='ltr'>uelut</span> <span class='ocrx_word' id='word_1_93' title='bbox 942 1741 1214 1825; x_wconf 85' lang='lat' dir='ltr'>colligis,</span> <span class='ocrx_word' id='word_1_94' title='bbox 1274 1759 1591 1824; x_wconf 85' lang='lat' dir='ltr'>apparere,</span> <span class='ocrx_word' id='word_1_95' title='bbox 1652 1741 1760 1823; x_wconf 88' lang='lat' dir='ltr'>qui</span> <span class='ocrx_word' id='word_1_96' title='bbox 1817 1741 1934 1806; x_wconf 89' lang='lat' dir='ltr'>sub</span> <span class='ocrx_word' id='word_1_97' title='bbox 1983 1743 2125 1824; x_wconf 84' lang='lat' dir='ltr'>lege</span> <span class='ocrx_word' id='word_1_98' title='bbox 2173 1745 2290 1816; x_wconf 87' lang='lat' dir='ltr'>est,</span> <span class='ocrx_word' id='word_1_99' title='bbox 2341 1761 2461 1806; x_wconf 90' lang='lat' dir='ltr'>non</span> <span class='ocrx_word' id='word_1_100' title='bbox 2512 1743 2759 1826; x_wconf 86' lang='lat' dir='ltr'>dispen-</span> 
     </span>
     <span class='ocr_line' id='line_1_13' title="bbox 460 1847 2756 1935; baseline 0 -21"><span class='ocrx_word' id='word_1_101' title='bbox 460 1850 685 1928; x_wconf 85' lang='lat' dir='ltr'>satiue,</span> <span class='ocrx_word' id='word_1_102' title='bbox 750 1857 825 1913; x_wconf 89' lang='lat' dir='ltr'>ut</span> <span class='ocrx_word' id='word_1_103' title='bbox 888 1853 1139 1916; x_wconf 86' lang='lat' dir='ltr'>nostros</span> <span class='ocrx_word' id='word_1_104' title='bbox 1196 1851 1384 1932; x_wconf 85' lang='lat' dir='ltr'>putas</span> <span class='ocrx_word' id='word_1_105' title='bbox 1442 1847 1730 1913; x_wconf 84' lang='lat' dir='ltr'>uoluisse</span> <span class='ocrx_word' id='word_1_106' title='bbox 1787 1847 2078 1928; x_wconf 88' lang='lat' dir='ltr'>maiores,</span> <span class='ocrx_word' id='word_1_107' title='bbox 2139 1848 2251 1912; x_wconf 87' lang='lat' dir='ltr'>sed</span> <span class='ocrx_word' id='word_1_108' title='bbox 2301 1867 2468 1925; x_wconf 88' lang='lat' dir='ltr'>uere,</span> <span class='ocrx_word' id='word_1_109' title='bbox 2519 1854 2593 1913; x_wconf 89' lang='lat' dir='ltr'>ut</span> <span class='ocrx_word' id='word_1_110' title='bbox 2640 1869 2756 1935; x_wconf 87' lang='lat' dir='ltr'>ego</span> 
     </span>
     <span class='ocr_line' id='line_1_14' title="bbox 458 1955 2120 2041; baseline -0.002 -20"><span class='ocrx_word' id='word_1_111' title='bbox 458 1957 777 2041; x_wconf 79' lang='lat' dir='ltr'>intellegO,</span> <span class='ocrx_word' id='word_1_112' title='bbox 826 1976 969 2020; x_wconf 91' lang='lat' dir='ltr'>eum</span> <span class='ocrx_word' id='word_1_113' title='bbox 1019 1960 1309 2020; x_wconf 87' lang='lat' dir='ltr'>sanctum</span> <span class='ocrx_word' id='word_1_114' title='bbox 1358 1955 1650 2037; x_wconf 81' lang='lat' dir='ltr'>spiritum</span> <span class='ocrx_word' id='word_1_115' title='bbox 1701 1975 1821 2020; x_wconf 90' lang='lat' dir='ltr'>non</span> <span class='ocrx_word' id='word_1_116' title='bbox 1870 1955 2120 2019; x_wconf 83' lang='lat' dir='ltr'>habere.</span> 
     </span>
     <span class='ocr_line' id='line_1_15' title="bbox 278 2047 2755 2146; baseline 0 -20"><span class='ocrx_word' id='word_1_117' title='bbox 278 2047 367 2108; x_wconf 81' lang='lat'>20</span> <span class='ocrx_word' id='word_1_118' title='bbox 546 2063 779 2146; x_wconf 85' lang='lat' dir='ltr'>Magna</span> <span class='ocrx_word' id='word_1_119' title='bbox 832 2061 993 2126; x_wconf 90' lang='lat' dir='ltr'>mihi</span> <span class='ocrx_word' id='word_1_120' title='bbox 1048 2061 1302 2126; x_wconf 87' lang='lat' dir='ltr'>uidetur</span> <span class='ocrx_word' id='word_1_121' title='bbox 1358 2061 1668 2142; x_wconf 87' lang='lat' dir='ltr'>quaestio,</span> <span class='ocrx_word' id='word_1_122' title='bbox 1726 2060 1880 2143; x_wconf 90' lang='lat' dir='ltr'>quid</span> <span class='ocrx_word' id='word_1_123' title='bbox 1937 2060 2022 2124; x_wconf 86' lang='lat' dir='ltr'>sit</span> <span class='ocrx_word' id='word_1_124' title='bbox 2079 2079 2217 2126; x_wconf 86' lang='lat' dir='ltr'>esse</span> <span class='ocrx_word' id='word_1_125' title='bbox 2276 2063 2394 2126; x_wconf 89' lang='lat' dir='ltr'>sub</span> <span class='ocrx_word' id='word_1_126' title='bbox 2452 2064 2593 2146; x_wconf 86' lang='lat' dir='ltr'>lege</span> <span class='ocrx_word' id='word_1_127' title='bbox 2642 2063 2755 2140; x_wconf 83' lang='lat' dir='ltr'>sic,</span> 
     </span>
     <span class='ocr_line' id='line_1_16' title="bbox 372 2167 2758 2253; baseline 0.002 -24"><span class='ocrx_word' id='word_1_128' title='bbox 372 2193 423 2233; x_wconf 70' lang='grc' dir='ltr'>ιε»</span> <span class='ocrx_word' id='word_1_129' title='bbox 460 2189 645 2251; x_wconf 91' lang='lat' dir='ltr'>quem</span> <span class='ocrx_word' id='word_1_130' title='bbox 697 2169 774 2232; x_wconf 88' lang='lat' dir='ltr'>ad</span> <span class='ocrx_word' id='word_1_131' title='bbox 821 2169 1080 2233; x_wconf 88' lang='lat' dir='ltr'>modum</span> <span class='ocrx_word' id='word_1_132' title='bbox 1128 2169 1457 2252; x_wconf 86' lang='lat' dir='ltr'>apostolus</span> <span class='ocrx_word' id='word_1_133' title='bbox 1508 2167 1743 2250; x_wconf 84' lang='lat' dir='ltr'>culpat.</span> <span class='ocrx_word' id='word_1_134' title='bbox 1784 2187 1986 2249; x_wconf 89' lang='lat' dir='ltr'>neque</span> <span class='ocrx_word' id='word_1_135' title='bbox 2026 2169 2193 2232; x_wconf 90' lang='lat' dir='ltr'>enim</span> <span class='ocrx_word' id='word_1_136' title='bbox 2233 2168 2351 2233; x_wconf 91' lang='lat' dir='ltr'>hoc</span> <span class='ocrx_word' id='word_1_137' title='bbox 2391 2188 2536 2234; x_wconf 89' lang='lat' dir='ltr'>eum</span> <span class='ocrx_word' id='word_1_138' title='bbox 2575 2190 2758 2253; x_wconf 87' lang='lat' dir='ltr'>prop-</span> 
     </span>
     <span class='ocr_line' id='line_1_17' title="bbox 458 2273 2756 2358; baseline 0 -19"><span class='ocrx_word' id='word_1_139' title='bbox 458 2281 555 2339; x_wconf 88' lang='lat' dir='ltr'>ter</span> <span class='ocrx_word' id='word_1_140' title='bbox 618 2276 1165 2340; x_wconf 82' lang='lat' dir='ltr'>circumcisionem</span> <span class='ocrx_word' id='word_1_141' title='bbox 1234 2275 1502 2339; x_wconf 83' lang='lat' dir='ltr'>arbitror</span> <span class='ocrx_word' id='word_1_142' title='bbox 1577 2273 1782 2338; x_wconf 88' lang='lat' dir='ltr'>dicere</span> <span class='ocrx_word' id='word_1_143' title='bbox 1850 2279 1962 2338; x_wconf 90' lang='lat' dir='ltr'>aut</span> <span class='ocrx_word' id='word_1_144' title='bbox 2024 2275 2136 2339; x_wconf 91' lang='lat' dir='ltr'>illa</span> <span class='ocrx_word' id='word_1_145' title='bbox 2201 2275 2528 2354; x_wconf 86' lang='lat' dir='ltr'>sacrificia,</span> <span class='ocrx_word' id='word_1_146' title='bbox 2597 2296 2756 2358; x_wconf 87' lang='lat' dir='ltr'>quae</span> 
     </span>
     <span class='ocr_line' id='line_1_18' title="bbox 458 2379 2756 2465; baseline 0 -19"><span class='ocrx_word' id='word_1_147' title='bbox 458 2391 609 2448; x_wconf 84' lang='lat' dir='ltr'>tunc</span> <span class='ocrx_word' id='word_1_148' title='bbox 655 2383 825 2447; x_wconf 85' lang='lat' dir='ltr'>facta</span> <span class='ocrx_word' id='word_1_149' title='bbox 870 2403 905 2446; x_wconf 85' lang='lat' dir='ltr'>a</span> <span class='ocrx_word' id='word_1_150' title='bbox 953 2381 1241 2465; x_wconf 84' lang='lat' dir='ltr'>patribus</span> <span class='ocrx_word' id='word_1_151' title='bbox 1290 2400 1453 2444; x_wconf 91' lang='lat' dir='ltr'>nunc</span> <span class='ocrx_word' id='word_1_152' title='bbox 1502 2401 1539 2445; x_wconf 92' lang='lat' dir='ltr'>a</span> <span class='ocrx_word' id='word_1_153' title='bbox 1587 2379 1963 2446; x_wconf 84' lang='lat' dir='ltr'>Christianis</span> <span class='ocrx_word' id='word_1_154' title='bbox 2012 2400 2133 2446; x_wconf 91' lang='lat' dir='ltr'>non</span> <span class='ocrx_word' id='word_1_155' title='bbox 2189 2382 2370 2457; x_wconf 89' lang='lat' dir='ltr'>fiunt,</span> <span class='ocrx_word' id='word_1_156' title='bbox 2429 2387 2495 2446; x_wconf 86' lang='lat' dir='ltr'>et</span> <span class='ocrx_word' id='word_1_157' title='bbox 2551 2387 2756 2447; x_wconf 86' lang='lat' dir='ltr'>cetera</span> 
     </span>
     <span class='ocr_line' id='line_1_19' title="bbox 462 2487 2755 2570; baseline -0 -16"><span class='ocrx_word' id='word_1_158' title='bbox 462 2491 598 2555; x_wconf 90' lang='lat' dir='ltr'>eius</span> <span class='ocrx_word' id='word_1_159' title='bbox 644 2489 838 2566; x_wconf 87' lang='lat' dir='ltr'>modi,</span> <span class='ocrx_word' id='word_1_160' title='bbox 890 2489 1000 2553; x_wconf 88' lang='lat' dir='ltr'>sed</span> <span class='ocrx_word' id='word_1_161' title='bbox 1046 2488 1167 2552; x_wconf 92' lang='lat' dir='ltr'>hoc</span> <span class='ocrx_word' id='word_1_162' title='bbox 1215 2487 1427 2570; x_wconf 87' lang='lat' dir='ltr'>ipsum</span> <span class='ocrx_word' id='word_1_163' title='bbox 1476 2488 1688 2566; x_wconf 86' lang='lat' dir='ltr'>etiam,</span> <span class='ocrx_word' id='word_1_164' title='bbox 1739 2487 1910 2569; x_wconf 92' lang='lat' dir='ltr'>quod</span> <span class='ocrx_word' id='word_1_165' title='bbox 1963 2487 2062 2552; x_wconf 82' lang='lat' dir='ltr'>lex</span> <span class='ocrx_word' id='word_1_166' title='bbox 2119 2487 2302 2553; x_wconf 87' lang='lat' dir='ltr'>dicit:</span> <span class='ocrx_word' id='word_1_167' title='bbox 2369 2489 2526 2552; x_wconf 92' lang='lat' dir='ltr'>Non</span> <span class='ocrx_word' id='word_1_168' title='bbox 2595 2507 2755 2553; x_wconf 89' lang='lat' dir='ltr'>con-</span> 
     </span>
     <span class='ocr_line' id='line_1_20' title="bbox 462 2593 2755 2679; baseline 0 -19"><span class='ocrx_word' id='word_1_169' title='bbox 462 2597 829 2679; x_wconf 80' lang='lat' dir='ltr'>cupisceS,</span> <span class='ocrx_word' id='word_1_170' title='bbox 896 2596 1063 2676; x_wconf 90' lang='lat' dir='ltr'>quod</span> <span class='ocrx_word' id='word_1_171' title='bbox 1128 2595 1400 2658; x_wconf 88' lang='lat' dir='ltr'>fatemur</span> <span class='ocrx_word' id='word_1_172' title='bbox 1467 2597 1635 2658; x_wconf 85' lang='lat' dir='ltr'>certe</span> <span class='ocrx_word' id='word_1_173' title='bbox 1694 2593 2086 2659; x_wconf 85' lang='lat' dir='ltr'>Christianos</span> <span class='ocrx_word' id='word_1_174' title='bbox 2146 2594 2481 2660; x_wconf 87' lang='lat' dir='ltr'>obseruare</span> <span class='ocrx_word' id='word_1_175' title='bbox 2531 2596 2755 2660; x_wconf 86' lang='lat' dir='ltr'>debere</span> 
     </span>
     <span class='ocr_line' id='line_1_21' title="bbox 374 2700 2758 2785; baseline -0 -19"><span class='ocrx_word' id='word_1_176' title='bbox 374 2731 427 2766; x_wconf 79' lang='lat'>20</span> <span class='ocrx_word' id='word_1_177' title='bbox 463 2706 648 2783; x_wconf 87' lang='lat' dir='ltr'>atque</span> <span class='ocrx_word' id='word_1_178' title='bbox 696 2700 1063 2785; x_wconf 85' lang='lat' dir='ltr'>euangelica</span> <span class='ocrx_word' id='word_1_179' title='bbox 1108 2701 1376 2764; x_wconf 83' lang='lat' dir='ltr'>maxime</span> <span class='ocrx_word' id='word_1_180' title='bbox 1422 2700 1866 2766; x_wconf 86' lang='lat' dir='ltr'>inlustratione</span> <span class='ocrx_word' id='word_1_181' title='bbox 1913 2701 2290 2784; x_wconf 86' lang='lat' dir='ltr'>praedicare.</span> <span class='ocrx_word' id='word_1_182' title='bbox 2345 2702 2554 2785; x_wconf 84' lang='lat' dir='ltr'>legem</span> <span class='ocrx_word' id='word_1_183' title='bbox 2602 2702 2758 2766; x_wconf 88' lang='lat' dir='ltr'>dicit</span> 
     </span>
    </p>
   </div>
   <div class='ocr_carea' id='block_1_3' title="bbox 460 2976 2750 3222">
    <p class='ocr_par' dir='ltr' id='par_1_3' title="bbox 460 2976 2750 3222">
     <span class='ocr_line' id='line_1_22' title="bbox 637 2976 2749 3050; baseline -0 -17"><span class='ocrx_word' id='word_1_184' title='bbox 637 2981 669 3033; x_wconf 87' lang='grc'>2</span> <span class='ocrx_word' id='word_1_185' title='bbox 710 2977 828 3034; x_wconf 84' lang='lat' dir='ltr'>Gal.</span> <span class='ocrx_word' id='word_1_186' title='bbox 868 2982 919 3044; x_wconf 83' lang='lat'>2,</span> <span class='ocrx_word' id='word_1_187' title='bbox 959 2981 1023 3034; x_wconf 86' lang='lat'>21</span> <span class='ocrx_word' id='word_1_188' title='bbox 1128 2982 1269 3033; x_wconf 76' lang='lat'>4—5</span> <span class='ocrx_word' id='word_1_189' title='bbox 1309 2981 1375 3037; x_wconf 85' lang='lat' dir='ltr'>cf.</span> <span class='ocrx_word' id='word_1_190' title='bbox 1414 2998 1463 3050; x_wconf 87' lang='lat' dir='ltr'>p.</span> <span class='ocrx_word' id='word_1_191' title='bbox 1507 2979 1628 3042; x_wconf 77' lang='lat'>307,</span> <span class='ocrx_word' id='word_1_192' title='bbox 1669 2980 1847 3032; x_wconf 83' lang='lat'>8—10</span> <span class='ocrx_word' id='word_1_193' title='bbox 1995 2978 2112 3036; x_wconf 85' lang='lat' dir='ltr'>Gal.</span> <span class='ocrx_word' id='word_1_194' title='bbox 2143 2982 2194 3046; x_wconf 86' lang='lat'>5,</span> <span class='ocrx_word' id='word_1_195' title='bbox 2219 2981 2254 3032; x_wconf 87' lang='grc'>4</span> <span class='ocrx_word' id='word_1_196' title='bbox 2359 2979 2424 3034; x_wconf 90' lang='grc'>10</span> <span class='ocrx_word' id='word_1_197' title='bbox 2455 2976 2572 3032; x_wconf 84' lang='lat' dir='ltr'>Gal.</span> <span class='ocrx_word' id='word_1_198' title='bbox 2601 2981 2651 3044; x_wconf 85' lang='lat'>5,</span> <span class='ocrx_word' id='word_1_199' title='bbox 2685 2981 2749 3032; x_wconf 84' lang='grc'><strong>18</strong></span> 
     </span>
     <span class='ocr_line' id='line_1_23' title="bbox 464 3065 2750 3137; baseline 0 -16"><span class='ocrx_word' id='word_1_200' title='bbox 464 3070 669 3122; x_wconf 86' lang='grc'><strong>10-13</strong></span> <span class='ocrx_word' id='word_1_201' title='bbox 711 3068 777 3122; x_wconf 86' lang='lat' dir='ltr'>cf.</span> <span class='ocrx_word' id='word_1_202' title='bbox 820 3085 869 3137; x_wconf 86' lang='lat' dir='ltr'>p.</span> <span class='ocrx_word' id='word_1_203' title='bbox 910 3071 1029 3132; x_wconf 78' lang='lat'>307,</span> <span class='ocrx_word' id='word_1_204' title='bbox 1084 3071 1291 3124; x_wconf 88' lang='lat'>10—-13</span> <span class='ocrx_word' id='word_1_205' title='bbox 1406 3069 1470 3123; x_wconf 88' lang='lat'>18</span> <span class='ocrx_word' id='word_1_206' title='bbox 1516 3070 1670 3122; x_wconf 86' lang='lat' dir='ltr'>Rom.</span> <span class='ocrx_word' id='word_1_207' title='bbox 1714 3070 1762 3130; x_wconf 77' lang='lat'>7,</span> <span class='ocrx_word' id='word_1_208' title='bbox 1805 3069 1860 3132; x_wconf 83' lang='lat'>7;</span> <span class='ocrx_word' id='word_1_209' title='bbox 1907 3069 1990 3132; x_wconf 90' lang='grc'>13,</span> <span class='ocrx_word' id='word_1_210' title='bbox 2031 3065 2296 3131; x_wconf 80' lang='lat' dir='ltr'>93-Exod.</span> <span class='ocrx_word' id='word_1_211' title='bbox 2337 3067 2424 3130; x_wconf 87' lang='grc'>20,</span> <span class='ocrx_word' id='word_1_212' title='bbox 2457 3069 2546 3127; x_wconf 82' lang='lat'>17;</span> <span class='ocrx_word' id='word_1_213' title='bbox 2587 3068 2750 3121; x_wconf 86' lang='lat' dir='ltr'>Dcut.</span> 
     </span>
     <span class='ocr_line' id='line_1_24' title="bbox 460 3159 1181 3222; baseline 0 -10"><span class='ocrx_word' id='word_1_214' title='bbox 460 3163 509 3214; x_wconf 86' lang='lat'>5.</span> <span class='ocrx_word' id='word_1_215' title='bbox 548 3160 609 3212; x_wconf 86' lang='lat'>21</span> <span class='ocrx_word' id='word_1_216' title='bbox 723 3159 793 3212; x_wconf 82' lang='lat'>20</span> <span class='ocrx_word' id='word_1_217' title='bbox 832 3160 983 3212; x_wconf 88' lang='lat' dir='ltr'>Rom.</span> <span class='ocrx_word' id='word_1_218' title='bbox 1026 3161 1072 3222; x_wconf 84' lang='lat'>7,</span> <span class='ocrx_word' id='word_1_219' title='bbox 1116 3160 1181 3212; x_wconf 84' lang='lat'>12</span> 
     </span>
    </p>
   </div>
   <div class='ocr_carea' id='block_1_4' title="bbox 455 3313 2758 4453">
    <p class='ocr_par' dir='ltr' id='par_1_4' title="bbox 457 3313 2757 3563">
     <span class='ocr_line' id='line_1_25' title="bbox 534 3313 2750 3388; baseline -0.002 -18"><span class='ocrx_word' id='word_1_220' title='bbox 534 3319 557 3370; x_wconf 95' lang='lat'>1</span> <span class='ocrx_word' id='word_1_221' title='bbox 602 3319 765 3388; x_wconf 68' lang='lat' dir='ltr'>quisj¹</span> <span class='ocrx_word' id='word_1_222' title='bbox 810 3317 875 3370; x_wconf 89' lang='lat' dir='ltr'><strong><em>H</em></strong></span> <span class='ocrx_word' id='word_1_223' title='bbox 1016 3317 1065 3371; x_wconf 89' lang='lat' dir='ltr'>ei</span> <span class='ocrx_word' id='word_1_224' title='bbox 1104 3333 1205 3370; x_wconf 85' lang='lat' dir='ltr'>om.</span> <span class='ocrx_word' id='word_1_225' title='bbox 1246 3318 1281 3370; x_wconf 90' lang='lat'>1</span> <span class='ocrx_word' id='word_1_226' title='bbox 1436 3316 1573 3369; x_wconf 91' lang='lat' dir='ltr'>nihil</span> <span class='ocrx_word' id='word_1_227' title='bbox 1613 3315 1827 3370; x_wconf 88' lang='lat' dir='ltr'>omnino</span> <span class='ocrx_word' id='word_1_228' title='bbox 1867 3315 1986 3368; x_wconf 84' lang='lat' dir='ltr'>edd.</span> <span class='ocrx_word' id='word_1_229' title='bbox 2133 3316 2166 3368; x_wconf 85' lang='lat'>2</span> <span class='ocrx_word' id='word_1_230' title='bbox 2204 3314 2491 3384; x_wconf 85' lang='lat' dir='ltr'>prodeerat</span> <span class='ocrx_word' id='word_1_231' title='bbox 2528 3313 2593 3367; x_wconf 90' lang='lat' dir='ltr'><strong><em>H</em></strong></span> <span class='ocrx_word' id='word_1_232' title='bbox 2627 3331 2750 3383; x_wconf 88' lang='lat' dir='ltr'>pro-</span> 
     </span>
     <span class='ocr_line' id='line_1_26' title="bbox 458 3402 2748 3476; baseline -0.001 -19"><span class='ocrx_word' id='word_1_233' title='bbox 458 3404 599 3458; x_wconf 84' lang='lat' dir='ltr'>derit</span> <span class='ocrx_word' id='word_1_234' title='bbox 636 3409 681 3476; x_wconf 71' lang='lat' dir='ltr'><em>Q</em></span> <span class='ocrx_word' id='word_1_235' title='bbox 720 3405 925 3475; x_wconf 82' lang='lat' dir='ltr'>profuit</span> <span class='ocrx_word' id='word_1_236' title='bbox 960 3406 1020 3459; x_wconf 84' lang='lat' dir='ltr'><em>E</em></span> <span class='ocrx_word' id='word_1_237' title='bbox 1106 3407 1138 3459; x_wconf 87' lang='lat'><strong>3</strong></span> <span class='ocrx_word' id='word_1_238' title='bbox 1178 3405 1389 3476; x_wconf 58' lang='lat' dir='ltr'>iustitie-</span> <span class='ocrx_word' id='word_1_239' title='bbox 1428 3405 1495 3458; x_wconf 85' lang='lat' dir='ltr'><em>H</em></span> <span class='ocrx_word' id='word_1_240' title='bbox 1580 3407 1613 3458; x_wconf 87' lang='lat'>6</span> <span class='ocrx_word' id='word_1_241' title='bbox 1653 3408 1846 3474; x_wconf 83' lang='lat' dir='ltr'>arguet</span> <span class='ocrx_word' id='word_1_242' title='bbox 1889 3403 1994 3472; x_wconf 76' lang='lat' dir='ltr'>QE</span> <span class='ocrx_word' id='word_1_243' title='bbox 2125 3421 2182 3458; x_wconf 86' lang='lat' dir='ltr'>se</span> <span class='ocrx_word' id='word_1_244' title='bbox 2222 3420 2325 3459; x_wconf 86' lang='lat' dir='ltr'>om.</span> <span class='ocrx_word' id='word_1_245' title='bbox 2364 3402 2468 3456; x_wconf 91' lang='lat' dir='ltr'>HI</span> <span class='ocrx_word' id='word_1_246' title='bbox 2587 3404 2748 3456; x_wconf 80' lang='lat' dir='ltr'>iusti-</span> 
     </span>
     <span class='ocr_line' id='line_1_27' title="bbox 457 3491 2757 3563; baseline -0 -16"><span class='ocrx_word' id='word_1_247' title='bbox 457 3493 615 3548; x_wconf 83' lang='lat' dir='ltr'>ficare</span> <span class='ocrx_word' id='word_1_248' title='bbox 659 3493 766 3563; x_wconf 63' lang='grc' dir='ltr'>ΘΕ</span> <span class='ocrx_word' id='word_1_249' title='bbox 871 3495 999 3563; x_wconf 82' lang='lat' dir='ltr'>quia</span> <span class='ocrx_word' id='word_1_250' title='bbox 1026 3495 1081 3548; x_wconf 93' lang='lat' dir='ltr'><strong><em>P</em></strong></span> <span class='ocrx_word' id='word_1_251' title='bbox 1181 3496 1210 3547; x_wconf 85' lang='lat'><strong>7</strong></span> <span class='ocrx_word' id='word_1_252' title='bbox 1251 3494 1505 3547; x_wconf 86' lang='lat' dir='ltr'>honorem</span> <span class='ocrx_word' id='word_1_253' title='bbox 1546 3493 1650 3546; x_wconf 87' lang='lat' dir='ltr'>HI</span> <span class='ocrx_word' id='word_1_254' title='bbox 1662 3511 1716 3546; x_wconf 80' lang='lat' dir='ltr'>m</span> <span class='ocrx_word' id='word_1_255' title='bbox 1835 3511 1866 3546; x_wconf 89' lang='lat' dir='ltr'>a</span> <span class='ocrx_word' id='word_1_256' title='bbox 1905 3493 2030 3562; x_wconf 88' lang='lat' dir='ltr'>quo]</span> <span class='ocrx_word' id='word_1_257' title='bbox 2073 3496 2191 3562; x_wconf 83' lang='lat' dir='ltr'>atq;</span> <span class='ocrx_word' id='word_1_258' title='bbox 2231 3491 2304 3546; x_wconf 82' lang='lat' dir='ltr'><em>M</em></span> <span class='ocrx_word' id='word_1_259' title='bbox 2411 3492 2442 3544; x_wconf 89' lang='lat'>8</span> <span class='ocrx_word' id='word_1_260' title='bbox 2484 3493 2556 3560; x_wconf 82' lang='lat' dir='ltr'>ct]</span> <span class='ocrx_word' id='word_1_261' title='bbox 2598 3509 2658 3546; x_wconf 80' lang='lat' dir='ltr'>ex</span> <span class='ocrx_word' id='word_1_262' title='bbox 2696 3493 2757 3546; x_wconf 89' lang='lat' dir='ltr'><em>E</em></span> 
     </span>
    </p>

    <p class='ocr_par' dir='ltr' id='par_1_5' title="bbox 455 3579 2758 4099">
     <span class='ocr_line' id='line_1_28' title="bbox 530 3579 2754 3652; baseline -0.001 -16"><span class='ocrx_word' id='word_1_263' title='bbox 530 3584 678 3652; x_wconf 87' lang='lat' dir='ltr'>quia]</span> <span class='ocrx_word' id='word_1_264' title='bbox 722 3599 827 3651; x_wconf 84' lang='lat' dir='ltr'>qua</span> <span class='ocrx_word' id='word_1_265' title='bbox 863 3581 1242 3652; x_wconf 75' lang='lat' dir='ltr'>HQIEaem</span> <span class='ocrx_word' id='word_1_266' title='bbox 1386 3581 1661 3644; x_wconf 84' lang='lat' dir='ltr'>mandata,</span> <span class='ocrx_word' id='word_1_267' title='bbox 1700 3597 1839 3636; x_wconf 86' lang='lat' dir='ltr'>corr.</span> <span class='ocrx_word' id='word_1_268' title='bbox 1877 3585 1998 3636; x_wconf 86' lang='lat' dir='ltr'>m.1</span> <span class='ocrx_word' id='word_1_269' title='bbox 2034 3579 2279 3634; x_wconf 82' lang='lat' dir='ltr'>mandati</span> <span class='ocrx_word' id='word_1_270' title='bbox 2318 3581 2373 3633; x_wconf 90' lang='lat' dir='ltr'><strong><em>P</em></strong></span> <span class='ocrx_word' id='word_1_271' title='bbox 2405 3579 2646 3634; x_wconf 83' lang='lat' dir='ltr'>mandati</span> <span class='ocrx_word' id='word_1_272' title='bbox 2688 3583 2754 3634; x_wconf 81' lang='lat' dir='ltr'><strong><em>M</em></strong></span> 
     </span>
     <span class='ocr_line' id='line_1_29' title="bbox 458 3669 2752 3742; baseline -0.001 -18"><span class='ocrx_word' id='word_1_273' title='bbox 458 3674 491 3724; x_wconf 83' lang='lat'>9</span> <span class='ocrx_word' id='word_1_274' title='bbox 530 3675 655 3725; x_wconf 88' lang='lat' dir='ltr'>sunt</span> <span class='ocrx_word' id='word_1_275' title='bbox 698 3671 889 3740; x_wconf 75' lang='lat' dir='ltr'><strong><em>QIER</em></strong></span> <span class='ocrx_word' id='word_1_276' title='bbox 928 3671 1085 3739; x_wconf 80' lang='lat' dir='ltr'>(add.</span> <span class='ocrx_word' id='word_1_277' title='bbox 1123 3689 1193 3727; x_wconf 86' lang='lat' dir='ltr'>m.</span> <span class='ocrx_word' id='word_1_278' title='bbox 1232 3679 1295 3726; x_wconf 78' lang='lat' dir='ltr'>ut</span> <span class='ocrx_word' id='word_1_279' title='bbox 1330 3671 1445 3725; x_wconf 81' lang='lat' dir='ltr'>uid.</span> <span class='ocrx_word' id='word_1_280' title='bbox 1486 3675 1517 3723; x_wconf 90' lang='lat'><strong><em>1</em></strong></span> <span class='ocrx_word' id='word_1_281' title='bbox 1552 3671 1578 3724; x_wconf 68' lang='grc'><strong>1</strong></span> <span class='ocrx_word' id='word_1_282' title='bbox 1616 3671 1747 3736; x_wconf 85' lang='lat' dir='ltr'>sint)</span> <span class='ocrx_word' id='word_1_283' title='bbox 1897 3671 2000 3740; x_wconf 83' lang='lat' dir='ltr'>est]</span> <span class='ocrx_word' id='word_1_284' title='bbox 2043 3675 2099 3724; x_wconf 88' lang='lat' dir='ltr'>et</span> <span class='ocrx_word' id='word_1_285' title='bbox 2127 3672 2233 3742; x_wconf 65' lang='grc' dir='ltr'>ΟΕ</span> <span class='ocrx_word' id='word_1_286' title='bbox 2344 3671 2404 3725; x_wconf 95' lang='lat'>11</span> <span class='ocrx_word' id='word_1_287' title='bbox 2449 3670 2601 3723; x_wconf 88' lang='lat' dir='ltr'>uelut</span> <span class='ocrx_word' id='word_1_288' title='bbox 2639 3669 2752 3723; x_wconf 87' lang='lat' dir='ltr'>col-</span> 
     </span>
     <span class='ocr_line' id='line_1_30' title="bbox 455 3759 2748 3832; baseline -0 -19"><span class='ocrx_word' id='word_1_289' title='bbox 455 3761 595 3830; x_wconf 86' lang='lat' dir='ltr'>legis</span> <span class='ocrx_word' id='word_1_290' title='bbox 624 3777 881 3832; x_wconf 81' lang='lat' dir='ltr'>apparere</span> <span class='ocrx_word' id='word_1_291' title='bbox 910 3761 1015 3830; x_wconf 78' lang='lat' dir='ltr'>PQ</span> <span class='ocrx_word' id='word_1_292' title='bbox 1040 3762 1176 3815; x_wconf 83' lang='lat' dir='ltr'>uelit</span> <span class='ocrx_word' id='word_1_293' title='bbox 1206 3761 1389 3831; x_wconf 86' lang='lat' dir='ltr'>colligi</span> <span class='ocrx_word' id='word_1_294' title='bbox 1419 3778 1607 3830; x_wconf 82' lang='lat' dir='ltr'>sapere</span> <span class='ocrx_word' id='word_1_295' title='bbox 1637 3761 1739 3815; x_wconf 90' lang='lat' dir='ltr'>HI</span> <span class='ocrx_word' id='word_1_296' title='bbox 1759 3763 1842 3827; x_wconf 80' lang='lat' dir='ltr'>(in</span> <span class='ocrx_word' id='word_1_297' title='bbox 1871 3777 2040 3830; x_wconf 73' lang='lat' dir='ltr'>mary.</span> <span class='ocrx_word' id='word_1_298' title='bbox 2073 3759 2310 3826; x_wconf 85' lang='lat' dir='ltr'>ostendi)</span> <span class='ocrx_word' id='word_1_299' title='bbox 2451 3763 2676 3829; x_wconf 85' lang='lat' dir='ltr'>apparet</span> <span class='ocrx_word' id='word_1_300' title='bbox 2699 3777 2748 3812; x_wconf 79' lang='lat' dir='ltr'>m</span> 
     </span>
     <span class='ocr_line' id='line_1_31' title="bbox 461 3847 2753 3920; baseline -0.001 -17"><span class='ocrx_word' id='word_1_301' title='bbox 461 3851 525 3903; x_wconf 84' lang='lat'>12</span> <span class='ocrx_word' id='word_1_302' title='bbox 564 3853 747 3903; x_wconf 84' lang='lat' dir='ltr'>nostro</span> <span class='ocrx_word' id='word_1_303' title='bbox 785 3851 853 3904; x_wconf 85' lang='lat' dir='ltr'><strong><em>H</em></strong></span> <span class='ocrx_word' id='word_1_304' title='bbox 1064 3855 1253 3920; x_wconf 87' lang='lat' dir='ltr'>putare</span> <span class='ocrx_word' id='word_1_305' title='bbox 1298 3851 1403 3919; x_wconf 73' lang='lat' dir='ltr'>QE</span> <span class='ocrx_word' id='word_1_306' title='bbox 1438 3853 1516 3916; x_wconf 88' lang='lat' dir='ltr'>(re</span> <span class='ocrx_word' id='word_1_307' title='bbox 1556 3855 1698 3918; x_wconf 74' lang='lat' dir='ltr'>exp.)</span> <span class='ocrx_word' id='word_1_308' title='bbox 1897 3865 2022 3904; x_wconf 85' lang='lat' dir='ltr'>nero</span> <span class='ocrx_word' id='word_1_309' title='bbox 2063 3852 2115 3902; x_wconf 77' lang='lat' dir='ltr'><strong><em>A</em></strong></span> <span class='ocrx_word' id='word_1_310' title='bbox 2315 3851 2376 3902; x_wconf 86' lang='lat' dir='ltr'>ut</span> <span class='ocrx_word' id='word_1_311' title='bbox 2415 3865 2515 3917; x_wconf 84' lang='lat' dir='ltr'>ego</span> <span class='ocrx_word' id='word_1_312' title='bbox 2556 3864 2658 3902; x_wconf 82' lang='lat' dir='ltr'>om.</span> <span class='ocrx_word' id='word_1_313' title='bbox 2699 3847 2753 3900; x_wconf 88' lang='lat' dir='ltr'><em>P</em></span> 
     </span>
     <span class='ocr_line' id='line_1_32' title="bbox 460 3935 2756 4008; baseline -0.001 -17"><span class='ocrx_word' id='word_1_314' title='bbox 460 3939 525 3992; x_wconf 89' lang='lat'>13</span> <span class='ocrx_word' id='word_1_315' title='bbox 564 3939 811 4008; x_wconf 83' lang='lat' dir='ltr'>spiritum</span> <span class='ocrx_word' id='word_1_316' title='bbox 851 3943 1093 3993; x_wconf 85' lang='lat' dir='ltr'>sanctum</span> <span class='ocrx_word' id='word_1_317' title='bbox 1138 3939 1243 4008; x_wconf 76' lang='lat' dir='ltr'>QE</span> <span class='ocrx_word' id='word_1_318' title='bbox 1277 3939 1395 3992; x_wconf 79' lang='lat' dir='ltr'>edd.</span> <span class='ocrx_word' id='word_1_319' title='bbox 1582 3939 1648 3992; x_wconf 86' lang='lat'>14</span> <span class='ocrx_word' id='word_1_320' title='bbox 1691 3938 1811 4008; x_wconf 87' lang='lat' dir='ltr'>quis</span> <span class='ocrx_word' id='word_1_321' title='bbox 1849 3939 1917 3991; x_wconf 88' lang='lat' dir='ltr'><em>H</em></span> <span class='ocrx_word' id='word_1_322' title='bbox 2083 3939 2154 3991; x_wconf 86' lang='lat' dir='ltr'>sit</span> <span class='ocrx_word' id='word_1_323' title='bbox 2193 3955 2312 4000; x_wconf 66' lang='lat' dir='ltr'>om„</span> <span class='ocrx_word' id='word_1_324' title='bbox 2351 3941 2470 3990; x_wconf 83' lang='lat' dir='ltr'>m.1</span> <span class='ocrx_word' id='word_1_325' title='bbox 2511 3936 2641 3992; x_wconf 79' lang='lat' dir='ltr'>add.</span> <span class='ocrx_word' id='word_1_326' title='bbox 2681 3935 2756 3988; x_wconf 83' lang='lat' dir='ltr'><strong><em>M</em></strong></span> 
     </span>
     <span class='ocr_line' id='line_1_33' title="bbox 460 4025 2758 4099; baseline 0 -20"><span class='ocrx_word' id='word_1_327' title='bbox 460 4027 525 4079; x_wconf 82' lang='lat'>15</span> <span class='ocrx_word' id='word_1_328' title='bbox 565 4032 695 4080; x_wconf 79' lang='lat' dir='ltr'>ante</span> <span class='ocrx_word' id='word_1_329' title='bbox 730 4025 1009 4096; x_wconf 84' lang='lat' dir='ltr'>apostolus</span> <span class='ocrx_word' id='word_1_330' title='bbox 1048 4044 1157 4081; x_wconf 78' lang='lat' dir='ltr'>ras.</span> <span class='ocrx_word' id='word_1_331' title='bbox 1198 4033 1340 4080; x_wconf 79' lang='lat'>1-—2</span> <span class='ocrx_word' id='word_1_332' title='bbox 1379 4028 1413 4080; x_wconf 81' lang='lat' dir='ltr'>l.</span> <span class='ocrx_word' id='word_1_333' title='bbox 1461 4028 1507 4099; x_wconf 77' lang='lat' dir='ltr'><em>Q</em></span> <span class='ocrx_word' id='word_1_334' title='bbox 1647 4027 1710 4080; x_wconf 91' lang='lat'>16</span> <span class='ocrx_word' id='word_1_335' title='bbox 1750 4030 1848 4080; x_wconf 85' lang='lat' dir='ltr'>aut</span> <span class='ocrx_word' id='word_1_336' title='bbox 1882 4028 1928 4081; x_wconf 85' lang='lat' dir='ltr'>si</span> <span class='ocrx_word' id='word_1_337' title='bbox 1967 4028 2062 4080; x_wconf 85' lang='lat' dir='ltr'>illa</span> <span class='ocrx_word' id='word_1_338' title='bbox 2097 4027 2150 4080; x_wconf 80' lang='lat' dir='ltr'><em>R</em></span> <span class='ocrx_word' id='word_1_339' title='bbox 2287 4027 2352 4080; x_wconf 86' lang='lat'>17</span> <span class='ocrx_word' id='word_1_340' title='bbox 2392 4025 2538 4079; x_wconf 84' lang='lat' dir='ltr'>facta</span> <span class='ocrx_word' id='word_1_341' title='bbox 2575 4041 2677 4079; x_wconf 86' lang='lat' dir='ltr'>om.</span> <span class='ocrx_word' id='word_1_342' title='bbox 2716 4026 2758 4079; x_wconf 91' lang='lat' dir='ltr'><em>I</em></span> 
     </span>
    </p>

    <p class='ocr_par' dir='ltr' id='par_1_6' title="bbox 529 4113 2746 4184">
     <span class='ocr_line' id='line_1_34' title="bbox 529 4113 2746 4184; baseline -0.001 -16"><span class='ocrx_word' id='word_1_343' title='bbox 529 4133 559 4168; x_wconf 83' lang='lat' dir='ltr'>a</span> <span class='ocrx_word' id='word_1_344' title='bbox 584 4121 717 4184; x_wconf 75' lang='lat' dir='ltr'>post</span> <span class='ocrx_word' id='word_1_345' title='bbox 754 4133 895 4169; x_wconf 87' lang='lat' dir='ltr'>nunc</span> <span class='ocrx_word' id='word_1_346' title='bbox 933 4133 1034 4170; x_wconf 86' lang='lat' dir='ltr'>om.</span> <span class='ocrx_word' id='word_1_347' title='bbox 1075 4115 1323 4169; x_wconf 74' lang='grc' dir='ltr'>ΡΜΔΡι</span> <span class='ocrx_word' id='word_1_348' title='bbox 1364 4117 1517 4182; x_wconf 83' lang='lat' dir='ltr'>(add.</span> <span class='ocrx_word' id='word_1_349' title='bbox 1556 4133 1628 4170; x_wconf 87' lang='lat' dir='ltr'>m.</span> <span class='ocrx_word' id='word_1_350' title='bbox 1651 4119 1710 4183; x_wconf 84' lang='lat'>2)</span> <span class='ocrx_word' id='word_1_351' title='bbox 1749 4115 1805 4172; x_wconf 87' lang='lat' dir='ltr'><em>R</em></span> <span class='ocrx_word' id='word_1_352' title='bbox 1937 4117 2000 4170; x_wconf 83' lang='lat'>18</span> <span class='ocrx_word' id='word_1_353' title='bbox 2037 4116 2198 4170; x_wconf 89' lang='lat' dir='ltr'>huius</span> <span class='ocrx_word' id='word_1_354' title='bbox 2235 4113 2384 4168; x_wconf 88' lang='lat' dir='ltr'>modi</span> <span class='ocrx_word' id='word_1_355' title='bbox 2419 4115 2486 4168; x_wconf 90' lang='lat' dir='ltr'><em>H</em></span> <span class='ocrx_word' id='word_1_356' title='bbox 2491 4115 2596 4184; x_wconf 72' lang='lat' dir='ltr'>QE</span> <span class='ocrx_word' id='word_1_357' title='bbox 2628 4114 2746 4167; x_wconf 81' lang='lat' dir='ltr'>edd.</span> 
     </span>
    </p>

    <p class='ocr_par' dir='ltr' id='par_1_7' title="bbox 457 4201 2756 4453">
     <span class='ocr_line' id='line_1_35' title="bbox 528 4201 2756 4274; baseline -0 -18"><span class='ocrx_word' id='word_1_358' title='bbox 528 4203 625 4257; x_wconf 82' lang='lat' dir='ltr'>sed</span> <span class='ocrx_word' id='word_1_359' title='bbox 658 4208 882 4274; x_wconf 84' lang='lat' dir='ltr'>propter</span> <span class='ocrx_word' id='word_1_360' title='bbox 916 4205 1019 4259; x_wconf 93' lang='lat' dir='ltr'>hoc</span> <span class='ocrx_word' id='word_1_361' title='bbox 1058 4204 1131 4258; x_wconf 88' lang='lat' dir='ltr'>P¹</span> <span class='ocrx_word' id='word_1_362' title='bbox 1242 4207 1405 4259; x_wconf 80' lang='lat' dir='ltr'>etiam</span> <span class='ocrx_word' id='word_1_363' title='bbox 1443 4221 1547 4259; x_wconf 86' lang='lat' dir='ltr'>om.</span> <span class='ocrx_word' id='word_1_364' title='bbox 1586 4204 1763 4258; x_wconf 82' lang='lat' dir='ltr'>PMA</span> <span class='ocrx_word' id='word_1_365' title='bbox 1882 4205 2080 4260; x_wconf 86' lang='lat' dir='ltr'>dicitur</span> <span class='ocrx_word' id='word_1_366' title='bbox 2123 4203 2168 4273; x_wconf 79' lang='lat' dir='ltr'><em>Q</em></span> <span class='ocrx_word' id='word_1_367' title='bbox 2285 4204 2620 4272; x_wconf 84' lang='lat' dir='ltr'>concupiscis</span> <span class='ocrx_word' id='word_1_368' title='bbox 2657 4201 2756 4257; x_wconf 86' lang='lat' dir='ltr'>HI</span> 
     </span>
     <span class='ocr_line' id='line_1_36' title="bbox 457 4291 2747 4363; baseline 0 -19"><span class='ocrx_word' id='word_1_369' title='bbox 457 4293 697 4362; x_wconf 83' lang='lat' dir='ltr'>cupisces</span> <span class='ocrx_word' id='word_1_370' title='bbox 725 4293 781 4348; x_wconf 80' lang='lat' dir='ltr'><em>R</em></span> <span class='ocrx_word' id='word_1_371' title='bbox 816 4293 1124 4363; x_wconf 86' lang='lat' dir='ltr'>concupisci</span> <span class='ocrx_word' id='word_1_372' title='bbox 1167 4293 1272 4362; x_wconf 72' lang='lat' dir='ltr'>QE</span> <span class='ocrx_word' id='word_1_373' title='bbox 1308 4298 1397 4353; x_wconf 85' lang='lat' dir='ltr'>(m.</span> <span class='ocrx_word' id='word_1_374' title='bbox 1421 4297 1459 4346; x_wconf 82' lang='lat'><strong><em>2</em></strong></span> <span class='ocrx_word' id='word_1_375' title='bbox 1496 4294 1894 4363; x_wconf 86' lang='lat' dir='ltr'>concupiscere)</span> <span class='ocrx_word' id='word_1_376' title='bbox 1974 4295 2040 4348; x_wconf 88' lang='lat'>19</span> <span class='ocrx_word' id='word_1_377' title='bbox 2079 4296 2222 4347; x_wconf 86' lang='lat' dir='ltr'>certe</span> <span class='ocrx_word' id='word_1_378' title='bbox 2261 4309 2364 4347; x_wconf 86' lang='lat' dir='ltr'>om.</span> <span class='ocrx_word' id='word_1_379' title='bbox 2391 4292 2446 4344; x_wconf 83' lang='lat' dir='ltr'><em>P</em></span> <span class='ocrx_word' id='word_1_380' title='bbox 2551 4291 2747 4345; x_wconf 79' lang='lat' dir='ltr'>debere</span> 
     </span>
     <span class='ocr_line' id='line_1_37' title="bbox 458 4379 2754 4453; baseline 0 -20"><span class='ocrx_word' id='word_1_381' title='bbox 458 4380 741 4435; x_wconf 87' lang='lat' dir='ltr'>obseruare</span> <span class='ocrx_word' id='word_1_382' title='bbox 780 4382 899 4436; x_wconf 76' lang='lat' dir='ltr'>edd.</span> <span class='ocrx_word' id='word_1_383' title='bbox 1012 4383 1080 4436; x_wconf 83' lang='lat'>20</span> <span class='ocrx_word' id='word_1_384' title='bbox 1120 4382 1293 4453; x_wconf 86' lang='lat' dir='ltr'>adque</span> <span class='ocrx_word' id='word_1_385' title='bbox 1335 4383 1371 4434; x_wconf 93' lang='lat' dir='ltr'><strong><em>I</em></strong></span> <span class='ocrx_word' id='word_1_386' title='bbox 1510 4382 1808 4452; x_wconf 84' lang='lat' dir='ltr'>praedicari</span> <span class='ocrx_word' id='word_1_387' title='bbox 1837 4381 2065 4438; x_wconf 78' lang='lat' dir='ltr'><em>IIIP¹R</em></span> <span class='ocrx_word' id='word_1_388' title='bbox 2093 4381 2213 4436; x_wconf 79' lang='lat' dir='ltr'>edd.</span> <span class='ocrx_word' id='word_1_389' title='bbox 2362 4397 2478 4434; x_wconf 83' lang='lat' dir='ltr'>essc-</span> <span class='ocrx_word' id='word_1_390' title='bbox 2517 4380 2648 4434; x_wconf 85' lang='lat' dir='ltr'>dicit</span> <span class='ocrx_word' id='word_1_391' title='bbox 2677 4379 2754 4434; x_wconf 84' lang='lat' dir='ltr'><strong><em>M</em></strong></span> 
     </span>
    </p>
   </div>
   <div class='ocr_carea' id='block_1_5' title="bbox 2576 4486 2676 4539">
    <p class='ocr_par' dir='ltr' id='par_1_8' title="bbox 2576 4486 2676 4539">
     <span class='ocr_line' id='line_1_38' title="bbox 2576 4486 2676 4539; baseline 0 0"><span class='ocrx_word' id='word_1_392' title='bbox 2576 4486 2676 4539; x_wconf 78' lang='lat'>24*</span> 
     </span>
    </p>
   </div>
  </div>
 </body>
</html>
