3184 4959
1171 406 1699 477 epistularum
1758 408 1975 463 XXXII.
2630 416 2707 479 13

415 601 804 684 perfectione
869 602 1146 683 palmam
1213 604 1574 687 Augustino
1640 604 2049 687 potissimum
2119 605 2495 670 destinatam
2555 610 2707 673 scio.

416 727 660 785 uereor,
706 708 816 785 fili,
865 729 940 772 ne
991 728 1171 773 aures
1221 714 1364 773 tuas
1414 712 1753 793 asperitate
1802 713 2118 776 temerarii
2166 714 2475 777 sermonis
2524 716 2711 779 offen-

416 814 618 878 derim
669 820 734 879 et
775 835 890 897 per
935 834 1115 880 aures
1165 816 1370 880 animo
1422 817 1613 881 etiam
1660 821 1771 881 tuo
1821 818 2014 881 taedii
2072 819 2197 882 mei
2254 821 2488 884 uulnus
2546 822 2709 886 intu-

411 921 616 986 lerim.
689 921 798 985 sed
852 921 912 985 in
971 926 1248 987 mentem
1303 924 1482 987 uenit
1539 924 1849 1006 epistulae
1904 930 2072 990 tuae.
2132 944 2255 1007 qua
2318 929 2382 989 te
2448 928 2709 992 musicis

345 1052 374 1092 ⁵
413 1027 786 1093 familiarem
848 1030 1054 1093 modis
1110 1030 1409 1105 intellexi,
1469 1050 1504 1093 a
1561 1050 1685 1113 quo
1744 1031 1955 1095 studio
2015 1051 2133 1115 ego
2190 1032 2334 1096 aeui
2395 1035 2707 1115 quondam

412 1134 512 1197 tui
565 1154 682 1199 non
728 1136 1044 1201 abhorrui.
1111 1136 1325 1219 itaque
1381 1136 1536 1201 mihi
1585 1138 1663 1201 ad
1708 1142 1883 1201 tuam
1933 1144 2232 1208 mentem.
2283 1140 2338 1203 si
2384 1139 2445 1203 in
2496 1140 2706 1222 aliquo

413 1241 897 1321 exulcerassem,
964 1242 1399 1307 deleniendam
1455 1245 1805 1308 remedium
1854 1245 2099 1310 litteras
2146 1250 2291 1309 tuas
2338 1248 2706 1311 recordatus

413 1349 682 1429 repperi,
745 1352 820 1412 ut
878 1352 940 1412 te
997 1349 1073 1411 ad
1133 1349 1458 1414 dominum
1523 1350 1886 1415 harmoniae
1952 1350 2344 1415 omniformis
2409 1352 2711 1417 artificem

413 1455 844 1520 modulamine
921 1456 1213 1521 carminis
1295 1476 1645 1523 euocarem.
1715 1476 1949 1539 quaeso
2011 1460 2095 1535 te,
2156 1462 2229 1521 ut
2283 1476 2431 1521 aure
2487 1459 2706 1523 audias

318 1586 376 1625 ιο
413 1581 618 1643 neque
665 1581 922 1627 causam
971 1563 1198 1628 salutis
1245 1568 1393 1628 tuae
1439 1563 1502 1628 in
1553 1564 1764 1627 uerbis
1824 1564 1981 1628 meis
2039 1583 2317 1646 sperma
2378 1565 2489 1629 sed
2536 1566 2705 1647 piam

413 1688 628 1733 curam
682 1673 748 1733 et
795 1674 1070 1734 mentem
1116 1676 1444 1754 paternam
1493 1671 1685 1735 etiam
1734 1672 1795 1733 in
1846 1670 2269 1752 despiciendis
2309 1672 2706 1735 sermonibus

409 1776 684 1841 libenter
731 1777 1023 1859 accipias,
1073 1778 1305 1859 quibus
1353 1777 1619 1843 insitum
1670 1777 1903 1842 Christi
1960 1796 2259 1853 nomen,
2320 1778 2523 1860 qnod
2582 1782 2705 1843 cst

413 1902 651 1966 super
719 1904 940 1949 omne
1006 1902 1304 1961 nomen,
1373 1884 1530 1947 hanc
1589 1884 1801 1948 deberi
1858 1884 2327 1948 uenerationem
2395 1884 2565 1957 facit,
2634 1894 2705 1949 ut

409 2010 533 2054 non
580 1992 792 2074 possit
836 2010 872 2054 a
919 1991 1206 2055 credente
1256 1991 1591 2058 contemni.

319 2316 369 2354 ιε»
595 2288 801 2368 Quare
849 2308 964 2372 age
1009 2308 1232 2371 rumpe
1281 2308 1488 2353 moras
1539 2292 1605 2352 et
1650 2288 1861 2352 uincla
1906 2287 2149 2351 tenacia
2198 2288 2391 2351 saecli

682 2414 794 2459 nec
842 2400 1090 2459 metuas
1137 2395 1371 2477 placidi
1417 2395 1570 2459 mite
1619 2395 1842 2471 iugum
1891 2393 2149 2458 domini.

589 2501 856 2582 pulchra
901 2501 1152 2584 quidem
1205 2502 1316 2565 sed
1363 2502 1522 2565 mira
1570 2501 1753 2585 uagis
1799 2500 2153 2582 praesentia
2200 2519 2407 2564 rerum

679 2607 1019 2683 mentibus,
1069 2612 1135 2672 at
1178 2608 1432 2689 sapiens
1471 2627 1603 2675 non
1651 2610 1869 2690 stupet
1913 2606 2039 2671 ista
2086 2606 2353 2671 animus

405 2732 440 2783 5
591 2733 756 2778 nunc
803 2717 866 2778 te
915 2714 1222 2779 sollicitat
1267 2714 1460 2779 uariis
1509 2713 1877 2779 malesuada
1922 2712 2140 2796 figuris

317 2850 368 2889 20
682 2820 832 2883 heu!
883 2820 1132 2885 ualidos
1181 2820 1372 2886 etiam
1419 2826 1665 2886 uertere
1714 2822 1913 2885 Roma
1958 2823 2202 2903 potens.

587 3031 624 3082 4
670 3028 903 3082 Gramm.
949 3028 1045 3082 lat.
1094 3046 1156 3083 ex
1201 3046 1302 3083 rec.
1351 3030 1518 3083 Keilii
1564 3029 1739 3100 suppl.
1792 3028 2093 3085 (Anecdota
2138 3028 2297 3083 Helu.
2348 3027 2431 3081 ed.
2480 3027 2694 3093 Hagen)

397 3134 456 3186 p.
503 3117 624 3181 173,
662 3118 721 3169 4:
761 3116 892 3169 Tale
940 3122 1023 3169 est
1068 3116 1204 3170 illud
1250 3116 1466 3171 Paulini
1515 3118 1584 3171 ad
1622 3118 1949 3171 Licentium:
1992 3117 2063 3169 ‘in
2102 3121 2337 3169 mentem
2376 3116 2509 3169 mihi
2546 3118 2699 3169 uenit

397 3206 675 3274 epistolae
713 3207 856 3258 ‘tuae'
896 3204 952 3259 id
993 3208 1075 3259 est
1115 3206 1197 3259 ‘de
1237 3208 1470 3276 epistola
1508 3208 1623 3260 tua’
1755 3208 1819 3259 12
1857 3205 1997 3260 Phil.
2040 3208 2088 3266 2,
2129 3207 2161 3259 9
2277 3207 2338 3259 15
2370 3206 2531 3275 Verg.
2563 3205 2696 3259 Aen.

393 3294 482 3347 IV
523 3296 652 3358 569;
695 3294 890 3363 Georg.
928 3293 1004 3347 IV
1041 3296 1147 3349 412
1260 3295 1325 3349 16
1363 3295 1556 3349 Mat-th.
1601 3298 1683 3361 11,
1722 3296 1791 3348 30

479 3422 504 3472 1
549 3419 904 3489 perfectione]
944 3437 1040 3490 per
1078 3420 1417 3473 effectionem
1451 3420 1528 3473 M
1561 3436 1655 3489 per
1694 3418 2031 3473 affectionem
2074 3420 2125 3471 A
2290 3420 2321 3471 3
2362 3436 2456 3488 per
2492 3419 2555 3470 in
2582 3418 2700 3487 fine

395 3526 456 3562 u.
502 3524 602 3562 om.
643 3510 696 3561 A
841 3509 1049 3565 uulnes.
1091 3525 1225 3563 corr.
1265 3510 1406 3579 (m.1
1444 3510 1495 3576 ?)
1537 3510 1733 3563 uulnus
1770 3508 1844 3561 M
1965 3510 1999 3561 4
2036 3510 2217 3561 mente
2254 3508 2329 3561 M
2470 3507 2699 3576 epistola

393 3604 504 3651 tua
553 3614 665 3651 ras,
719 3614 785 3651 ex
836 3598 1097 3667 epistolae
1149 3602 1275 3651 tuae
1323 3596 1377 3649 P
1422 3597 1651 3667 epistole
1698 3600 1825 3650 tuae
1874 3598 2013 3650 ratio
2051 3596 2107 3649 R
2154 3598 2387 3666 epistola
2433 3600 2529 3649 tua
2577 3596 2697 3648 edd.

399 3690 434 3742 5
479 3703 514 3739 a
551 3686 675 3755 quo]
716 3703 888 3757 aequo
924 3686 1050 3741 MA
1159 3686 1388 3755 quodam
1427 3687 1661 3739 MACP
1695 3690 1783 3752 (m.
1808 3690 1846 3739 2
1884 3685 2175 3754 quondam)
2262 3687 2290 3739 7
2332 3684 2697 3737 deliniendam

396 3774 636 3829 MACP
669 3776 788 3829 edd.
828 3774 1179 3829 diliniendam
1218 3776 1274 3829 R
1470 3777 1687 3837 litteris,
1728 3791 1865 3831 corr.
1904 3792 1973 3831 m.
2001 3779 2026 3827 1
2060 3775 2275 3828 litteras
2313 3774 2383 3826 M
2505 3775 2539 3827 8
2576 3790 2695 3842 rep-

395 3865 546 3936 peri]
585 3865 688 3919 hoc
723 3866 935 3935 repperi
972 3865 1038 3918 K
1215 3866 1247 3917 9
1286 3880 1633 3917 euocaremus
1672 3866 1725 3917 P
1870 3865 2018 3932 aurel
2062 3864 2263 3929 audire,
2300 3880 2367 3917 m.
2392 3868 2431 3917 2
2468 3880 2593 3916 aure
2628 3864 2701 3916 M

475 3952 666 4007 audias
705 3971 832 4008 aure
875 3958 924 4007 A
1001 3956 1061 4008 11
1107 3953 1456 4025 dispiciendis
1495 3954 1568 4007 Μ
1604 3957 1753 4016 (m.2
1791 3952 2175 4023 despiciendis)
2215 3950 2337 4005 ΑΚ
2430 3954 2493 4005 13
2532 3969 2691 4020 snpra

406 4042 511 4095 GP
544 4042 663 4095 edd.
811 4059 1021 4096 omnem
1064 4042 1174 4095 CK
1319 4044 1384 4096 15
1423 4043 1641 4096 uincula
1682 4046 1737 4103 (u
1776 4060 1893 4111 exp.
1934 4059 1984 4094 m
2025 4046 2081 4106 2)
2122 4041 2196 4094 M
2330 4042 2396 4095 16
2434 4042 2590 4094 mitte
2627 4042 2697 4094 M

405 4133 670 4196 (alterum
705 4137 730 4185 t
766 4136 930 4199 eras.)
961 4132 1027 4185 K
1059 4134 1219 4186 mite*
1249 4132 1392 4201 (suit
1419 4133 1492 4200 m)
1520 4132 1576 4185 P
1650 4132 1714 4185 18
1755 4132 1839 4195 ad,
1870 4149 1937 4183 m.
1961 4135 2001 4185 2
2038 4136 2095 4183 at
2132 4132 2185 4183 A
2224 4135 2284 4183 ut
2313 4130 2379 4182 K
2454 4132 2515 4184 19
2546 4130 2693 4184 uriis.

402 4236 543 4274 corr.
583 4238 650 4273 m.
673 4227 700 4274 1
738 4222 898 4275 uariis
934 4222 1008 4275 M
1119 4221 1443 4282 malesuade⁹
1483 4238 1619 4275 corr.
1662 4238 1727 4273 m..
1752 4226 1781 4273 1
1816 4220 2127 4273 malesuada
2153 4220 2226 4271 M
2262 4220 2563 4272 malesuasa
2590 4220 2696 4272 PR

399 4312 474 4363 20
512 4309 743 4375 ualiduS,
780 4328 846 4363 m..
871 4315 910 4363 2
946 4309 1143 4363 ualidis
1181 4314 1232 4362 A
