3184 4959
461 447 586 512 168
1167 441 1221 498 S.
1279 441 1551 496 Aureli
1608 441 2043 512 Augustini

260 637 438 704 vna
551 637 674 704 Sed
741 637 1076 704 nonnullos
1142 635 1484 720 probabilis
1559 637 1867 720 quaedam
1941 639 2101 703 ratio
2176 637 2546 705 delectauit:
2622 659 2747 706 uno

461 751 630 812 certo
689 743 788 810 die
842 765 954 828 per
1009 763 1263 822 annum,
1312 763 1434 826 quo
1483 745 1689 826 ipsam
1738 763 1957 810 cenam
2003 745 2301 810 dominus
2348 745 2541 825 dedit,
2588 751 2748 811 tam-

459 869 648 934 quam
713 851 788 916 ad
843 850 1252 934 insigniorem
1301 852 1964 917 commemorationem
2012 856 2159 936 post
2206 853 2383 918 cibos
2432 853 2639 918 offerri
2684 857 2747 918 et

459 957 660 1042 accipi
703 957 898 1024 liceat
961 975 1190 1040 corpus
1255 961 1320 1022 et
1383 957 1755 1042 sanguinem
1822 958 2079 1024 domini.
2144 959 2476 1024 honestius
2534 963 2747 1024 autem

460 1063 726 1131 arbitror
781 1053 868 1128 ea‘
907 1063 1060 1129 hora
1113 1063 1268 1138 fieri,
1327 1066 1420 1138 ut,
1479 1065 1590 1146 qui
1646 1063 1837 1130 etiam
1894 1065 2291 1142 ieiunauerit‚
2348 1067 2498 1149 post
2552 1066 2749 1130 refec-
2804 1091 2828 1127 ⁵

459 1171 716 1248 tionem,
777 1188 934 1254 quae
991 1169 1143 1235 hora
1197 1189 1362 1236 nona
1419 1169 1510 1248 fit,
1569 1171 1649 1235 ad
1705 1171 2087 1237 oblationem
2140 1171 2349 1256 possit
2403 1189 2747 1237 occurrere.

461 1280 845 1362 quapropter
905 1276 1220 1340 neminem
1283 1276 1572 1360 cogimus
1639 1281 1783 1342 ante
1848 1277 2227 1342 dominicam
2288 1277 2463 1342 illam
2528 1295 2748 1342 cenam

461 1383 782 1468 prandere,
852 1381 962 1448 sed
1018 1381 1180 1446 nulli
1237 1381 1428 1448 etiam
1487 1382 1912 1448 contradicere
1970 1382 2297 1448 audemus.
2364 1383 2483 1448 hoc
2536 1386 2747 1447 tamen

461 1509 582 1556 non
640 1487 908 1554 arbitror
961 1488 1350 1562 institutum,
1409 1487 1530 1552 nisi
1587 1489 1739 1570 quia
1792 1491 2003 1572 plures
2064 1493 2128 1553 et
2180 1509 2373 1572 prope
2422 1507 2638 1554 omnes
2683 1488 2747 1552 in

461 1594 778 1680 plerisque
834 1593 994 1660 locis
1050 1613 1122 1660 eo
1181 1593 1282 1660 die
1336 1595 1548 1660 lauare
1608 1599 2091 1687 cons-uenerunt,
2122 1599 2222 1674 et,
2270 1596 2421 1680 quia
2464 1594 2749 1660 nonnulli
2788 1585 2859 1650 10'

463 1701 652 1766 etiam
709 1699 1016 1766 ieiunium
1073 1699 1462 1780 custodiunt,
1511 1721 1695 1768 mane
1751 1703 2011 1767 offertur
2052 1705 2307 1786 propter
2349 1701 2749 1785 prandentes,

464 1805 612 1890 quia
657 1805 892 1871 ieiunia
939 1806 1134 1872 simul
1181 1808 1246 1870 et
1287 1805 1542 1871 lauacra
1588 1807 1855 1872 tolerare
1904 1826 2025 1872 non
2073 1810 2365 1889 possunt,
2412 1805 2491 1870 ad
2528 1823 2751 1888 uespe-

463 1931 596 1976 ram
645 1929 796 1976 uero
841 1914 1096 1994 propter
1141 1909 1518 1978 ieiunantes·

361 2017 442 2081 10
555 2015 622 2083 Si
679 2021 890 2082 autem
947 2016 1217 2100 quaeris,
1277 2035 1387 2082 cur
1441 2017 1631 2083 etiam
1689 2017 1945 2082 lauandi
2002 2037 2140 2083 mos
2198 2021 2373 2084 ortus
2432 2016 2536 2094 sit,
2592 2017 2753 2084 nihil

463 2123 622 2190 mihi
669 2123 744 2188 de
791 2123 907 2190 hac
953 2143 1020 2190 re
1067 2125 1372 2209 cogitanti
1417 2123 1809 2207 probabilius
1857 2126 2149 2202 occurrit,
2188 2125 2312 2190 nisi
2358 2125 2507 2207 quia
2548 2123 2751 2205 bapti·
2789 2143 2841 2183 ιε

465 2229 802 2294 zandorum
853 2247 1110 2314 corpora
1157 2250 1268 2314 per
1313 2230 1821 2296 obseruationem
1870 2231 2389 2314 quadragesimae
2434 2229 2753 2296 sordidata

467 2355 612 2402 cum
679 2337 1022 2403 offensione
1088 2356 1313 2402 sensus
1379 2337 1458 2402 ad
1522 2339 1759 2402 fontem
1826 2337 2130 2414 uenirent,
2198 2337 2321 2402 nisi
2385 2338 2598 2420 aliqua
2654 2335 2754 2400 die

464 2443 848 2510 lauarentur.
913 2443 1112 2510 istum
1179 2447 1390 2510 autem
1456 2445 1625 2509 diem
1690 2444 1904 2526 potius
1964 2443 2043 2508 ad
2096 2444 2217 2510 hoc
2276 2444 2571 2520 electum,
2628 2461 2751 2526 quo

467 2567 620 2616 cena
679 2549 994 2616 dominica
1039 2551 1462 2616 anniuersarie
1509 2551 1883 2616 celebratur.
1933 2557 1997 2614 et
2044 2551 2193 2632 quia
2238 2569 2611 2616 eoncessum
2657 2551 2757 2614 est

465 2655 584 2722 hoc
649 2657 1042 2740 baptismum
1107 2657 1482 2741 accepturis,
1549 2657 1735 2726 multi
1790 2677 1937 2724 cum
1994 2657 2093 2722 his
2146 2656 2359 2723 lauare
2416 2656 2753 2722 uoluerunt
2789 2673 2843 2714 20

465 2761 897 2848 ieiuniumque
941 2765 1166 2830 laxare.

559 2867 697 2943 His,
747 2873 820 2934 ut
871 2869 1071 2952 potui,
1121 2869 1464 2952 disputatis
1521 2887 1767 2946 moneo,
1832 2871 1905 2933 ut
1970 2887 2061 2946 ea,
2128 2888 2287 2952 quae
2351 2868 2755 2951 praelocutus

472 2993 634 3042 snm.
701 2993 940 3048 seruas,
1006 2977 1310 3057 quantum
1375 2979 1580 3058 potes,
1646 2978 1721 3038 ut
1784 2974 1967 3040 decet
2020 2974 2327 3039 ecclesiae
2382 2973 2754 3057 prudentem

471 3101 541 3146 ac
591 3081 922 3164 pacificum
971 3079 1196 3147 filium.
1245 3081 1368 3144 alia
1415 3100 1573 3163 quae
1620 3081 2046 3166 interrogasti,
2096 3081 2152 3144 si
2198 3080 2493 3146 dominns
2539 3080 2755 3144 uolue-

469 3189 572 3254 rit.
619 3187 744 3250 alio
791 3189 1072 3270 tempore
1119 3186 1464 3270 expediam.
2790 3204 2845 3244 ει

547 3378 568 3433 l
613 3393 736 3439 uno,
775 3395 842 3432 m.
865 3383 905 3430 2
941 3383 1002 3432 ut
1037 3393 1142 3431 uno
1185 3378 1234 3432 Ο
1269 3381 1332 3431 ut
1365 3395 1472 3432 uno
1511 3377 1631 3432 edd.
1814 3381 1847 3432 2
1886 3383 2029 3432 certe
2064 3377 2123 3431 P
2316 3394 2421 3446 quo
2458 3379 2518 3430 iu
2556 3395 2669 3431 ma.
2712 3377 2759 3430 O

471 3473 578 3536 quil
618 3465 671 3519 P
702 3483 822 3520 oum
859 3467 934 3520 M
1071 3483 1256 3520 cenam
1293 3467 1466 3536 ipsam
1509 3467 1556 3522 0
1696 3468 1731 3521 3
1768 3467 2113 3535 insignorem.
2150 3483 2219 3520 m.
2242 3469 2281 3518 2
2316 3465 2669 3535 insigniorem
2705 3464 2761 3516 P

471 3557 506 3608 4
533 3553 724 3608 dicent
765 3555 804 3622 (i
843 3572 954 3610 ms.
993 3571 1060 3610 en
1095 3557 1146 3608 a}
1189 3553 1240 3610 O
1273 3557 1488 3625 piat-eat
1525 3555 1675 3609 P¹M
1830 3557 1863 3608 5
1902 3555 2159 3608 arbitnor
2198 3555 2331 3622 (suit
2366 3555 2409 3619 i)
2448 3553 2507 3607 P
2640 3553 2757 3606 fleri

471 3641 606 3698 hora
645 3643 840 3698 012131
957 3643 1299 3702 ieiunant-rit.
1337 3661 1406 3700 uo.
1430 3648 1470 3697 2
1503 3645 1745 3698 ieiunare
1784 3643 2021 3698 uoluerit
2065 3643 2113 3696 O
2144 3643 2414 3698 ieiunaret
2448 3643 2523 3696 M
2632 3649 2759 3711 post

469 3733 656 3802 spor-‘o
693 3733 882 3788 relicto
919 3749 1022 3788 ουκ.
1059 3733 1134 3786 Μ
1165 3739 1294 3788 ante
1330 3733 1402 3786 Ρι
1515 3735 1546 3786 ἰ’
1585 3737 1715 3786 ante
1750 3747 1855 3785 om.
1892 3731 2071 3786 POM
2084 3733 2223 3799 aes
2356 3731 2631 3784 dominica
2662 3729 2759 3783 illa

473 3839 606 3876 cena
645 3822 698 3877 P
733 3841 766 3874 η
789 3823 872 3891 es
981 3823 1014 3876 9
1051 3823 1124 3876 im
1169 3821 1218 3877 Ο
1345 3823 1412 3876 10
1447 3821 1651 3876 lauare.
1690 3837 1829 3874 eor-r.
1868 3819 2091 3888 μαι-99)
2128 3821 2301 3874 lauari
2338 3820 2393 3872 P
2532 3835 2759 3872 censue-

471 3916 599 3966 runt
635 3911 692 3964 Ρ
817 3911 878 3966 11
917 3911 1096 3964 offex-’t
1135 3934 1226 3978 (τ.
1257 3911 1512 3964 offo-runo
1550 3909 1625 3962 P¹
1750 3910 1815 3963 12³.
1852 3909 2003 3978 quia]
2040 3909 2159 3977 qui·
2188 3913 2245 3961 et
2286 3909 2335 3962 O
2370 3909 2499 3977 quia
2534 3913 2593 3961 et
2616 3907 2763 3960 P¹M

543 4000 706 4056 simul
741 4017 842 4056 om.
881 4000 1030 4054 1²¹ss
1191 4001 1256 4056 13
1295 4017 1422 4052 uero
1459 4015 1582 4057 on„
1620 4001 1741 4053 nl
1778 3997 1907 4052 add.
1946 3997 2019 4050 M
2182 3997 2247 4049 1?
2282 3998 2531 4050 uenirent
2568 4013 2673 4050 on.
2708 3997 2765 4048 P

473 4095 838 4146 tractarentur
871 4090 990 4143 edd.
1175 4093 1240 4144 1q
1279 4088 1425 4158 qnod
1469 4091 1518 4140 0
1700 4088 1767 4141 19
1802 4085 2203 4140 anniuersariae
2238 4085 2295 4138 P
2464 4087 2537 4139 20
2572 4085 2653 4138 eis
2686 4083 2761 4136 P¹

473 4183 538 4236 81
581 4182 784 4236 lex-an*
821 4180 878 4234 P
907 4180 1146 4234 relaxare
1179 4179 1302 4232 edd.
1415 4179 1485 4231 ‘2⁸2
1523 4177 1707 4246 potui·
1740 4175 1789 4230 Ο
1930 4174 2215 4245 disputans
2240 4174 2363 4227 PM
2466 4176 2537 4227 24
2574 4175 2661 4242 nc]
2694 4173 2761 4226 ad

475 4271 530 4326 1³
667 4271 858 4340 aliaqz.
895 4287 962 4322 ιιι.
992 4273 1024 4322 :⁸
1061 4269 1170 4322 alia
1207 4284 1344 4338 quae
1371 4267 1428 4320 P
1567 4265 1633 4322 si.
1672 4269 1801 4318 *3
1834 4274 1895 4316 ut
1932 4268 1979 4311 0
2084 4265 2153 4317 *Ξὸ
2192 4263 2339 4316 beati
2375 4263 2655 4332 augustini
2692 4262 2763 4314 ad

475 4359 778 4416 ianuarium
815 4359 1048 4428 epistula
1083 4359 1256 4427 prima
1295 4357 1348 4409 P
1379 4356 1599 4425 explicit
1640 4354 1779 4407 liber
1812 4355 2017 4423 primns
2054 4353 2127 4406 M
