3184 4959
1125 419 1655 488 epistularum
1711 417 1976 470 LXXXII.
2568 422 2696 486 359

400 621 679 701 Moyse
754 636 1045 690 eorum,
1126 615 1260 696 qui
1336 632 1472 696 per
1556 617 1840 698 gentes
1929 617 2136 690 sunt,
2221 614 2697 678 ludaeorum

404 725 685 790 dicens
754 744 899 789 non
968 723 1257 788 debere
1326 721 1924 786 circumcidere
1991 741 2125 785 eos
2190 720 2428 785 filios
2505 739 2695 786 suos

402 851 659 915 neque
700 830 1141 895 secundum
1185 828 1864 892 consuetudinem
1906 827 2246 910 ingredi.
2287 828 2478 910 quid
2509 848 2692 911 ergo

406 942 575 1003 est?
616 937 902 1020 ntique
944 940 1271 1018 oportet
1310 935 1750 1000 conuenire
1789 935 2441 1010 multitudinem;
2484 937 2697 999 audi-

345 1068 369 1104 5
408 1049 539 1108 ent
586 1043 791 1108 enim
840 1047 917 1108 te
968 1043 1580 1124 superuenisse.
1630 1044 1776 1106 hoc
1825 1062 2012 1126 ergo
2061 1045 2212 1118 sac,
2273 1043 2480 1124 quod
2539 1043 2699 1107 tibi

406 1151 776 1216 dicimus,
828 1154 1023 1214 sunt
1068 1149 1303 1213 nobis
1352 1149 1513 1214 uiri
1553 1153 1946 1230 quattuor
1983 1153 2258 1213 uotum
2299 1149 2696 1213 habentes

406 1278 647 1340 super
712 1277 813 1322 se.
880 1257 1005 1320 his
1074 1255 1531 1339 adsumptis
1601 1256 2048 1320 sanctifica
2113 1259 2188 1319 te
2247 1275 2424 1320 cum
2485 1256 2696 1338 ipsis

406 1370 480 1428 et
536 1365 883 1446 inpende
940 1364 1013 1427 in
1075 1382 1229 1442 eoa,
1290 1367 1377 1428 ut
1431 1362 1720 1427 radant
1775 1363 2067 1446 capita,
2119 1367 2194 1426 et
2240 1363 2508 1426 scient
2555 1383 2698 1426 om-

406 1492 561 1548 neS‚
630 1471 839 1554 quia.
908 1490 1110 1554 quae
1176 1469 1266 1534 de
1334 1474 1407 1534 te
1476 1471 1934 1548 audierunt,
2001 1471 2216 1534 falsa
2283 1476 2490 1544 sunt,
2561 1471 2698 1534 sed

317 1579 781 1660 insequeris
849 1580 924 1641 et
992 1577 1166 1658 ipse
1242 1577 1722 1641 custodiens
1788 1579 2066 1660 legem.
2138 1578 2226 1642 de
2301 1577 2694 1661 gentibus

406 1687 693 1761 autem,
780 1683 915 1767 qui
1002 1682 1546 1758 crediderunt,
1632 1669 1771 1748 nos
1855 1683 2416 1748 mandauimus
2502 1682 2698 1746 iudi-

407 1795 688 1856 cantes
755 1791 966 1855 nihil
1032 1791 1205 1854 eius
1273 1790 1483 1854 modi
1550 1809 1880 1856 seruare
1943 1790 2162 1868 illos,
2222 1791 2380 1854 nisi
2438 1794 2522 1852 nt
2578 1789 2696 1853 ob-

408 1903 740 1963 sernent
814 1898 903 1962 ab
978 1897 1231 1962 idolis
1310 1896 1727 1960 immolato
1805 1900 1882 1960 et
1945 1916 1982 1960 a
2047 1896 2444 1980 sanguine
2520 1901 2598 1958 et
2661 1914 2698 1958 a

403 2003 973 2069 fornicatione.
1052 2022 1195 2080 non,
1262 2006 1337 2066 ut
1401 2001 1639 2083 opinor,
1705 2002 2044 2066 obscurum
2111 2005 2210 2066 est
2275 2007 2340 2064 et
2393 2001 2695 2066 Iacobum

316 2137 364 2174 ιε»
406 2111 525 2176 hoc
568 2110 711 2175 ideo
759 2111 1100 2184 monuisse,
1150 2112 1220 2172 ut
1269 2110 1505 2174 scirent
1546 2110 1712 2174 falsa
1757 2129 1918 2185 esse,
1967 2129 2126 2191 quae
2185 2109 2261 2174 de
2315 2108 2426 2172 illo
2484 2108 2698 2172 audie-

406 2222 546 2281 rant
592 2217 678 2292 hi,
728 2217 856 2300 qui,
904 2235 1051 2282 cum
1098 2217 1159 2279 in
1213 2216 1537 2280 Christum
1586 2235 1656 2279 ex
1704 2216 1954 2280 Iudaeis
2003 2215 2437 2280 credidissent.
2483 2221 2694 2279 tamen

408 2325 829 2390 aemulatores
877 2327 1051 2387 erant
1096 2323 1280 2406 legiS‚
1329 2343 1405 2386 ne
1452 2343 1563 2405 per
1612 2323 1960 2387 doctrinam
1999 2322 2235 2386 Christi
2285 2323 2462 2386 uelut
2509 2323 2695 2385 sacri-

406 2432 553 2516 lega
610 2450 725 2496 nec
782 2431 897 2496 deo
956 2430 1287 2494 mandante
1346 2429 1704 2511 conscripta
1761 2428 2044 2492 damnari
2094 2430 2486 2510 putarentur.
2536 2446 2694 2508 quae

406 2557 517 2621 per
563 2538 825 2622 Moysen
883 2536 1171 2620 patribus
1227 2537 1478 2600 fuerant
1534 2536 1910 2600 ministrata.
1977 2535 2100 2600 hoc
2151 2535 2320 2598 enim
2372 2535 2448 2598 de
2495 2535 2694 2598 Paulo

325 2645 797 2710 zoiactauerant
860 2664 977 2710 non
1046 2644 1163 2714 illi,
1229 2644 1337 2725 qui
1392 2643 1864 2727 intellegebant,
1924 2662 2048 2724 quo
2105 2642 2312 2706 animo
2363 2661 2398 2703 a
2445 2640 2694 2704 ludaeis

406 2750 699 2814 fidelibus
748 2750 1065 2815 obseruari
1114 2753 1265 2814 tunc
1312 2751 1437 2812 ista
1484 2749 1784 2812 deberent
1829 2754 2084 2832 propter
2137 2747 2696 2813 commendandam

484 2997 503 3048 1
548 3000 677 3049 sunt
712 3011 813 3049 om.
853 2995 908 3048 P
1014 2997 1045 3048 2
1086 2995 1285 3059 dicens,
1324 3011 1459 3050 corr.
1503 2993 1744 3048 dicentes
1785 2995 1824 3047 Ι
1964 3013 2054 3048 cos
2095 2992 2470 3048 circumcidere
2511 3009 2599 3045 eos
2633 2991 2692 3042 H

407 3103 497 3138 eos
536 3084 912 3138 circumcidere
942 3085 1002 3138 E
1024 3101 1122 3138 sec.
1163 3083 1319 3152 Vulq.
1424 3085 1456 3138 3
1487 3082 1776 3137 secundum
1819 3083 2208 3138 consuetudine
2239 3084 2294 3136 P
2388 3083 2424 3135 4
2453 3081 2693 3139 audient,

407 3176 527 3229 m.2
560 3189 737 3242 supra
772 3173 799 3226 l
836 3173 1123 3226 audierunt
1148 3173 1223 3226 Ρι
1263 3173 1553 3227 audierunt
1579 3173 1634 3227 R
1671 3172 1790 3226 edd.
1891 3173 1923 3226 5
1965 3173 2105 3226 enim
2153 3172 2526 3240 superuenisse
2567 3177 2690 3230 (om.

406 3267 481 3328 te)
520 3262 576 3316 P
608 3266 662 3316 te
703 3264 843 3315 enim
881 3263 1255 3331 superuenisse
1290 3263 1365 3315 M
1402 3263 1543 3315 enim
1582 3261 1958 3332 superuenisse
1997 3267 2052 3314 te
2092 3263 2146 3314 A
2313 3263 2346 3314 6
2386 3264 2512 3314 sunt
2550 3261 2694 3312 enim

404 3352 558 3404 nobis
598 3352 705 3421 QE
868 3351 1025 3406 1111Μ
1058 3352 1113 3406 R
1292 3351 1324 3403 8
1364 3351 1542 3421 capita
1582 3368 1682 3405 sua
1720 3355 1774 3404 et
1814 3352 1989 3405 sciant
2026 3349 2135 3419 QE
2301 3349 2480 3404 omnia
2517 3346 2692 3402 PMA

404 3445 437 3494 9
476 3441 763 3494 audierant
805 3439 911 3508 QE
1018 3443 1081 3494 10
1120 3442 1299 3512 qucgris
1336 3441 1407 3494 M
1519 3442 1578 3494 11
1623 3441 1996 3494 mandabimus
2035 3440 2139 3494 HI
2168 3439 2609 3493 manducauimus
2639 3440 2694 3492 A

407 3531 473 3584 12
510 3531 669 3584 huius
707 3529 854 3583 modi
892 3532 941 3582 A
985 3532 1060 3583 eis
1099 3530 1166 3583 H
1305 3533 1386 3598 ut]
1427 3535 1482 3582 et
1520 3529 1559 3582 I
1683 3531 1988 3592 obseruant,
2027 3546 2093 3582 m.
2119 3531 2157 3581 2
2194 3528 2487 3582 obseruent
2523 3543 2580 3580 se
2619 3527 2692 3580 Ρι

404 3635 461 3672 se
500 3619 793 3672 obseruent
828 3619 947 3673 edd.
1072 3620 1137 3672 13
1164 3625 1295 3687 post
1332 3618 1492 3671 idolis
1530 3635 1597 3672 m.
1621 3623 1660 3672 2
1695 3635 1736 3672 s,
1775 3633 1830 3671 α.
1872 3618 2001 3671 add.
2044 3621 2100 3670 ct
2133 3617 2207 3670 P¹
2354 3617 2692 3670 immolatum

410 3706 517 3774 QE
549 3711 635 3774 (m.
656 3713 690 3760 2
726 3707 1040 3772 immolatis)
1156 3725 1187 3760 a
1223 3709 1510 3776 sanguine]
1552 3707 1814 3776 sanguine
1844 3706 1948 3762 HI
2051 3724 2084 3758 a
2111 3706 2492 3772 fornicatione}
2525 3703 2692 3757 forni-

405 3797 617 3850 catione
654 3797 750 3850 PI
881 3799 943 3850 14
985 3801 1048 3850 ut
1085 3813 1187 3852 om.
1210 3797 1351 3850 lrm
1496 3800 1551 3849 et
1588 3797 1676 3850 aia
1716 3795 1908 3849 cobum
1945 3796 2000 3848 P
2135 3797 2199 3848 16
2241 3811 2356 3848 cum
2398 3795 2454 3847 in
2492 3810 2594 3847 om.
2633 3791 2688 3845 R

476 3886 531 3938 in
569 3901 670 3938 om.
712 3886 961 3939 ΡΜᾼΡι
1000 3887 1145 3954 (m.2
1182 3886 1336 3955 add.)
1483 3885 1683 3939 christo
1725 3884 1930 3955 HPQI
2071 3885 2152 3953 ex]
2196 3888 2252 3936 et
2285 3883 2391 3953 QE
2427 3887 2514 3948 (m.
2542 3885 2580 3934 :2
2610 3890 2692 3945 ex)

476 3974 777 4029 credissent
812 3975 883 4028 M
1064 3976 1126 4028 17
1167 3975 1488 4028 emolatorcs
1526 3971 1587 4028 Η
1627 3974 1932 4028 enulatores
1970 3975 2024 4026 A
2221 3972 2360 4041 legis
2401 3975 2554 4025 crant
2596 3970 2700 4038 QE

476 4080 551 4117 ne'
592 4081 595 4087 ·
639 4069 854 4131 (parua
890 4069 1025 4128 ras.)
1068 4065 1117 4116 A
1234 4063 1295 4116 18
1338 4061 1598 4132 damnari]
1640 4062 1757 4117 dari
1793 4063 1848 4117 R
1961 4063 2025 4115 19
2062 4078 2268 4116 mosum
2307 4061 2372 4114 H
2480 4061 2550 4114 20
2587 4060 2694 4112 iac-

404 4151 657 4205 taberant
704 4151 811 4206 HI
854 4153 1191 4206 iactauerant
1242 4152 1349 4216 (iac
1401 4152 1463 4204 in
1513 4167 1625 4204 -ναε,
1677 4153 1778 4204 uix
1829 4169 1894 4204 m.
1925 4155 1975 4214 1)
2032 4151 2079 4220 Q
2127 4151 2470 4203 iactauerunt
2518 4147 2696 4200 PMA

474 4257 579 4294 non
610 4240 717 4309 illi}
749 4241 935 4294 nonuli
956 4241 1021 4294 H
1129 4241 1245 4310 qui·
1274 4239 1349 4293 ΡΙ
1378 4241 1505 4308 quia
1534 4242 1596 4294 ΙΙ
1706 4257 1738 4293 a
1765 4255 1866 4294 om.
1897 4239 1952 4292 P
2022 4241 2084 4292 21
2120 4239 2384 4292 deuerent
2411 4239 2453 4290 I
2475 4235 2698 4290 deberet

408 4329 454 4396 Q
490 4327 745 4383 «licebant
782 4329 847 4382 H
1026 4328 1503 4382 commendandum
1546 4327 1593 4397 Q
1632 4327 2038 4381 comendantem
2077 4327 2143 4380 Η
2177 4327 2620 4381 conmendantem
2661 4327 2701 4378 Ι
