3184 4959
194 1583 335 1648 710

283 2142 335 2183 16

281 2677 334 2716 20

287 3212 338 3252 25

1107 432 1637 501 epistularum
1696 432 1941 488 CXVIII.
2542 438 2666 501 671

369 630 433 692 te
470 627 660 711 figere
698 630 1000 694 uolumus
1028 628 1578 693 constantissimae
1616 627 1983 694 intentionis
2016 629 2275 694 domum
2305 633 2370 695 et
2406 630 2673 695 securis-

371 734 600 799 simam
643 736 930 818 requiem
967 736 1174 800 omnis
1219 734 1418 800 bonae
1467 738 1659 817 atque
1706 736 2011 801 honestae
2059 737 2327 802 actionis
2373 738 2543 801 tuae.
2593 756 2670 801 an

369 842 534 907 forte
587 842 780 908 istam
833 844 1039 926 ipsam
1095 844 1408 907 terrenam
1461 842 1857 922 felicitatem,
1917 862 2107 925 quam
2155 844 2669 918 commemoraui,

372 949 429 1014 si
473 950 758 1033 prosperi
802 950 1076 1016 rumoris
1124 968 1276 1014 aura
1321 952 1434 1014 aut
1480 948 1673 1013 etiam
1718 948 1979 1015 flatibus
2025 952 2171 1016 uela
2217 950 2544 1033 pandendo
2594 950 2669 1014 ad

372 1075 510 1121 eam
562 1057 848 1139 potueris
903 1056 1251 1140 peruenire,
1316 1056 1480 1121 hanc
1533 1056 1725 1121 etiam
1784 1056 2031 1140 cogitas
2098 1056 2325 1122 referre
2379 1057 2443 1122 in
2500 1056 2673 1121 aliud
2776 1116 2787 1125 .

369 1181 592 1227 uerum
651 1165 716 1227 et
771 1166 1015 1228 certum
1080 1166 1146 1227 et
1205 1164 1466 1246 plenum
1528 1161 1812 1227 bonum?
1877 1166 1945 1228 at
2005 1162 2165 1228 mihi
2229 1184 2350 1229 non
2417 1162 2676 1228 uidetur

371 1275 560 1353 atque
608 1270 859 1336 omnino
913 1272 1056 1354 ipsa
1099 1271 1340 1335 ueritas
1385 1272 1578 1354 negat
1622 1270 1729 1336 uel
1773 1270 1971 1335 tantis
2020 1270 2099 1335 ad
2147 1290 2215 1336 se
2262 1271 2672 1349 anfractibus,

369 1396 532 1459 quae
568 1380 700 1442 tam
741 1378 1024 1460 proxima
1061 1380 1179 1453 est,
1218 1378 1325 1442 uel
1359 1378 1556 1443 tantis
1598 1378 1985 1461 sumptibuS,
2024 1396 2185 1461 quae
2223 1382 2355 1442 tam
2395 1378 2677 1463 gratuita

371 1487 488 1563 est,
537 1484 877 1568 perueniri.

460 1589 557 1654 An
639 1590 783 1672 ipsa
862 1591 1138 1654 humana
1211 1589 1400 1654 laude
1473 1593 1798 1673 tamquam
1866 1590 2289 1656 instrumento
2364 1590 2673 1656 utendum

371 1696 717 1775 existimas,
773 1699 848 1761 ut
894 1696 1136 1762 aditum
1183 1716 1295 1780 per
1339 1697 1500 1762 hanc
1547 1716 1881 1780 praepares
1928 1699 2007 1762 ad
2055 1697 2298 1763 animos
2345 1698 2675 1763 hominum

371 1801 790 1885 persuadendi
845 1822 1000 1869 uera
1045 1807 1234 1887 atque
1283 1803 1584 1880 salubria,
1634 1808 1699 1869 et
1745 1823 1955 1879 caues,
2010 1824 2087 1869 ne
2133 1807 2219 1882 te,
2269 1824 2417 1870 cum
2461 1804 2676 1869 indoc-

370 1912 511 1974 tum
585 1913 772 1992 atque
844 1910 1136 1976 hebetem
1209 1910 1594 1994 putauerint,
1677 1910 2013 1995 indignum
2088 1910 2492 1989 arbitrentur,
2568 1910 2673 1975 cui

373 2034 588 2081 aurem
653 2017 760 2081 uel
813 2016 1306 2083 intentissimam
1362 2019 1472 2083 uel
1523 2016 2057 2101 patientissimam
2112 2018 2472 2101 praebeant,
2532 2018 2671 2082 siue

373 2123 450 2187 ad
488 2127 658 2189 recte
696 2123 864 2189 sacta
902 2144 1282 2208 quemquam
1323 2124 1668 2189 exhorteris
1708 2124 1843 2189 siue
1880 2125 2193 2189 malitiam
2231 2126 2418 2207 atque
2456 2124 2671 2205 nequi-

369 2230 526 2295 tiam
589 2230 912 2313 peccantis
981 2231 1321 2315 obiurges?
1387 2231 1555 2295 hunc
1618 2234 1693 2295 tu
1756 2230 1946 2296 finem
2000 2231 2285 2295 iustitiae
2350 2249 2425 2295 ac
2488 2230 2673 2295 bene-

369 2336 659 2402 ficentiae
717 2336 772 2401 si
829 2337 888 2401 in
945 2337 1076 2402 illis
1132 2338 1597 2421 interrogandis
1646 2338 2127 2421 quaestionibus
2176 2338 2497 2423 cogitasti,
2556 2354 2670 2400 nos

371 2442 447 2507 de
493 2446 558 2508 te
610 2444 776 2507 male
831 2444 1204 2521 meruimus,
1254 2444 1488 2525 quibus
1545 2444 1610 2508 iu
1660 2444 1941 2527 epistula
1986 2448 2099 2508 tua
2143 2462 2263 2508 non
2322 2443 2389 2507 id
2432 2442 2671 2525 potius,

371 2568 493 2633 quo
567 2569 990 2628 moneremur,
1063 2550 1362 2632 posuisti,
1437 2555 1514 2616 ut
1585 2554 1699 2615 aut
1770 2550 2042 2615 libenter
2112 2550 2427 2627 daremus,
2502 2550 2673 2631 quod

369 2656 654 2740 petebaS,
729 2660 842 2721 aut
903 2655 1046 2722 ideo
1113 2676 1238 2722 non
1303 2657 1621 2736 daremu5‚
1690 2656 1837 2739 quia
1905 2676 2097 2722 causa
2164 2655 2485 2738 quaelibet
2549 2656 2676 2720 alia

370 2764 642 2831 fortasse
687 2764 1074 2848 prohiberet,
1121 2784 1243 2829 non
1291 2767 1500 2829 tamen
1541 2764 1691 2847 quia
1736 2769 1883 2829 tuae
1928 2784 2127 2829 uanae
2166 2762 2505 2847 cupiditati
2549 2782 2671 2827 non

374 2872 582 2937 solum
622 2871 860 2936 seruire
897 2890 1119 2935 uerum
1161 2870 1352 2935 etiam
1391 2890 1512 2935 non
1549 2872 1849 2936 resistere
1894 2871 2179 2954 puderet.
2230 2873 2463 2953 quanto
2504 2869 2671 2934 enim

345 2978 604 3043 ‘melius
679 2981 868 3061 atque
943 2978 1282 3053 salubrius,
1355 2996 1589 3060 quaeso
1656 2980 1741 3055 te,
1814 2978 1987 3061 ipsas
2054 2977 2345 3042 ueritatis
2419 2977 2675 3060 regulas

373 3085 578 3149 multo
635 3086 872 3149 certius
930 3088 994 3149 et
1057 3084 1316 3149 breuius
1383 3104 1494 3167 per
1549 3104 1619 3149 se
1675 3085 1847 3168 ipsas
1906 3083 2165 3167 accipis,
2225 3082 2455 3165 quibus
2512 3083 2677 3149 falsa

378 3190 589 3255 omnia
633 3190 841 3274 possis
889 3190 1026 3275 ipse
1064 3192 1370 3270 refellere,
1420 3211 1517 3269 ne,
1559 3192 1727 3273 quod
1766 3191 2001 3256 falsum
2040 3193 2105 3255 et
2148 3189 2515 3272 pudendum
2553 3191 2674 3267 est,

450 3539 477 3592 1
520 3538 718 3593 donum
754 3538 811 3592 R
902 3539 934 3592 2
973 3538 1257 3591 mmactionis
1300 3542 1354 3598 (a
1391 3554 1458 3593 ex
1493 3554 1630 3593 corr.
1669 3554 1739 3591 m.
1761 3542 1810 3605 1)
1847 3536 1921 3591 P¹
2024 3539 2057 3593 3
2095 3538 2267 3609 ipsam
2304 3537 2467 3590 istam
2502 3536 2677 3606 siquis

377 3642 515 3682 corr.
564 3626 616 3681 V
757 3628 1172 3683 cummemoraui
1210 3627 1266 3680 A
1395 3628 1431 3681 4
1467 3626 1558 3680 uel
1596 3626 1935 3695 apandendo,
1972 3644 2043 3681 m.
2065 3630 2105 3681 2
2142 3626 2265 3681 uela
2298 3624 2585 3696 pandendo
2622 3626 2679 3679 P

375 3717 466 3770 uel
503 3715 822 3786 apendendo
857 3715 982 3769 MA
1119 3718 1152 3769 5
1189 3715 1405 3779 referte,
1443 3732 1580 3769 corr.
1624 3720 1715 3780 (m.
1740 3720 1768 3769 1
1788 3714 1837 3783 J)
1874 3714 2075 3770 referre
2110 3716 2167 3769 P
2305 3717 2339 3769 6
2376 3717 2581 3767 certum
2621 3717 2676 3767 et

375 3822 564 3860 uerum
600 3804 720 3859 edd.
870 3805 930 3859 11
971 3820 1318 3874 praeparares
1353 3802 1674 3858 MAPP1V
1842 3804 2047 3858 animas
2082 3804 2209 3857 MP
2240 3804 2497 3867 sonimos,
2535 3818 2674 3857 corr.

375 3898 498 3949 m.1
521 3893 759 3947 *animos
798 3893 857 3959 (h
893 3897 1059 3960 eras.)
1099 3892 1165 3947 1¹¹
1367 3894 1434 3947 12
1473 3892 1846 3962 persuadendo
1884 3893 1994 3948 PR
2197 3894 2259 3947 13
2300 3893 2485 3961 atque]
2528 3895 2585 3945 et
2619 3890 2675 3945 R

382 3982 447 4037 15
487 3983 556 4037 ad
591 3998 693 4037 om.
733 3982 789 4035 A
954 3983 1018 4036 16
1053 3985 1342 4052 peccantes
1377 3982 1432 4036 R
1576 3983 1663 4051 ac]
1701 3986 1867 4051 atque
1902 3982 1959 4037 R
2102 3980 2507 4042 beneficentiae.
2546 3996 2614 4033 m.
2638 3982 2679 4032 2

376 4072 792 4126 beneficientiae
827 4070 883 4124 P
913 4069 1324 4125 beneficientiae
1364 4070 1518 4136 (med.
1547 4070 1568 4123 i
1597 4074 1739 4140 exp.)
1766 4070 1903 4124 P¹V
1927 4070 2341 4124 beneficientiae
2367 4067 2423 4123 R
2509 4068 2574 4121 17
2604 4068 2673 4136 si]

379 4178 430 4226 ες
479 4160 530 4215 V
634 4161 700 4215 21
741 4159 994 4230 prohibet
1028 4160 1084 4214 R
1229 4158 1518 4229 cupiditati
1553 4161 1685 4213 tuae
1720 4176 1893 4214 uanae
1927 4158 2066 4213 P¹V
2186 4158 2256 4211 22
2294 4156 2543 4227 puderet]
2579 4172 2675 4225 po·

377 4250 550 4304 tuerit
585 4250 658 4302 M
687 4249 893 4319 poterit
920 4250 973 4302 A
1081 4250 1150 4303 23
1188 4248 1405 4317 regulas
1440 4252 1498 4319 (a
1531 4264 1601 4303 m.
1624 4252 1663 4302 2
1699 4263 1838 4303 corr.
1879 4254 1981 4303 aut
2014 4247 2271 4316 inducta)
2306 4246 2379 4299 M
2478 4247 2548 4299 25
2578 4262 2677 4315 pu·

379 4338 602 4393 tendum
656 4337 707 4390 V
