3184 4959
299 1672 350 1711 10

301 2203 354 2242 15

302 2735 354 2774 20

307 3267 357 3308 25

301 3804 358 3844 30

1067 490 1592 559 epistularum
1646 489 1785 543 LXI.
1840 489 2008 544 LXII.
2552 495 2682 558 225

386 692 596 751 tamen
647 685 914 749 dolenda
960 687 1024 748 et
1067 683 1408 755 toleranda,
1459 686 1765 766 quantum
1805 684 2099 749 dominus
2148 685 2416 762 adiuuit,
2453 687 2682 768 paitim

391 791 802 875 obiurgando,
850 791 1082 874 partim
1128 789 1461 866 monendo,
1509 790 1741 871 partim
1792 790 2023 855 orando
2072 791 2475 856 correximus,
2522 793 2685 858 illud

391 918 558 974 sane,
619 898 786 982 quod
840 901 991 980 post
1049 902 1196 961 tuae
1253 897 1611 960 sanctitatis
1667 896 2118 979 profectionem
2174 917 2290 963 nos
2337 898 2679 980 plurimum

391 1004 812 1072 contristauit,
863 1003 1028 1085 quod
1076 1002 1221 1066 inde
1267 1003 1489 1066 fratres
1539 1003 1673 1066 sine
1719 1002 1962 1066 itineris
2010 1002 2170 1066 duce
2218 1003 2467 1068 dimissi
2514 1012 2683 1082 sunt,

389 1111 669 1193 petimus
724 1111 1022 1194 ignoscas
1079 1113 1144 1174 et
1197 1109 1486 1173 timidius
1535 1127 1723 1191 quam
1770 1109 2157 1174 malitiosius
2204 1111 2443 1174 factum
2496 1112 2683 1178 scias.

391 1237 534 1282 cum
600 1217 768 1281 enim
831 1220 1130 1299 putarent
1192 1235 1300 1280 eos
1368 1235 1404 1279 a
1466 1215 1599 1279 filio
1664 1218 1881 1279 nostro
1947 1215 2279 1281 Timotheo
2353 1220 2687 1300 propterea

390 1324 582 1400 mitti,
630 1326 704 1387 ut
747 1322 810 1386 in
859 1341 972 1387 nos
1021 1322 1288 1386 maxime
1335 1322 1664 1387 caritatem
1702 1325 1879 1386 tuam
1922 1323 1999 1386 ad
2036 1321 2422 1386 iracundiam
2460 1342 2686 1406 prouo-

392 1433 624 1506 carent,
705 1430 947 1494 uellent
1028 1435 1244 1493 autem
1318 1430 1444 1513 ipsi
1516 1433 1732 1494 nostro
1810 1429 2132 1506 aduentui,
2209 1449 2399 1512 quem
2469 1434 2685 1496 tecum

389 1539 676 1601 futurum
743 1538 1098 1620 sperabant,
1158 1536 1368 1600 omnia-
1421 1536 1671 1620 integra
1723 1555 2065 1613 reseruare,
2124 1539 2511 1619 putauerunt
2563 1557 2686 1602 non

393 1663 500 1710 eos
545 1643 962 1726 profecturoS,
1013 1644 1068 1707 si
1117 1643 1339 1708 ducem
1387 1643 1634 1708 itineris
1682 1662 1803 1708 non
1863 1643 2237 1725 acciperent.
2304 1643 2416 1708 sed
2469 1646 2685 1709 tamen

390 1755 722 1835 peccatum
789 1769 929 1815 esse
995 1750 1138 1832 quis
1205 1749 1494 1814 dubitet?
1560 1749 1706 1814 hinc
1774 1750 1960 1814 etiam
2020 1749 2259 1814 factum
2318 1755 2436 1828 est,
2492 1753 2569 1815 ut
2624 1755 2689 1816 et

390 1858 650 1922 Fossori
706 1853 1020 1921 diceretur
1073 1856 1200 1920 iam
1248 1856 1656 1920 Timotheum
1714 1875 1859 1920 cum
1913 1857 2073 1938 ipsis
2128 1857 2425 1921 fratribus
2490 1858 2687 1922 fuisse

389 1965 764 2048 profectum.
834 1963 1001 2046 quod
1057 1964 1278 2046 utique
1325 1963 1560 2027 falsum
1610 1968 1765 2042 erat,
1812 1983 1933 2028 non
1980 1967 2189 2028 tamen
2241 1984 2277 2029 a
2322 1963 2685 2047 presbytero

392 2071 663 2145 dictum;
713 2073 778 2134 et
825 2069 976 2134 haec
1025 2069 1238 2134 omnia
1281 2069 1540 2134 fratrem
1579 2069 2033 2135 carcedonium
2072 2071 2327 2154 penitus
2366 2071 2688 2156 ignorasse

391 2177 574 2241 nobis
623 2175 1142 2241 manifestissime
1189 2176 1576 2240 declaratum
1626 2181 1742 2254 est,
1793 2180 2099 2259 quantum
2136 2177 2262 2241 ista
2298 2177 2688 2242 manifestari

394 2285 621 2348 solent.
797 2349 800 2352 ,

481 2390 602 2456 Sed
672 2390 824 2472 quid
897 2390 1189 2473 pluribus
1265 2389 1691 2454 inmoramur?
1767 2393 2155 2455 memoratus
2228 2389 2403 2455 filius
2475 2393 2691 2454 noster

389 2495 762 2562 Timotheus
811 2494 1371 2560 uehementissime
1418 2497 1848 2577 perturbatuS,
1898 2496 2067 2579 quod
2113 2496 2505 2561 dubietatem
2556 2501 2690 2560 tam

390 2603 780 2687 inopinatam
835 2602 1264 2668 inuitissimus
1323 2603 1611 2678 senserit,
1667 2603 1981 2667 indicauit
2034 2603 2236 2681 nobis,
2296 2602 2485 2686 quod,
2535 2603 2685 2667 dum

392 2727 612 2793 ageres
671 2728 814 2773 cum
871 2708 1004 2786 illo,
1064 2713 1137 2773 ut
1192 2709 1360 2791 apud
1419 2709 1775 2774 Subsanam
1832 2709 1947 2774 deo
2006 2709 2295 2786 seruiret‚
2354 2708 2561 2792 erupit
2625 2711 2690 2772 et

389 2815 628 2880 iurauit
673 2835 710 2879 a
753 2818 818 2880 te
867 2817 1116 2880 omnino
1165 2835 1288 2880 non
1331 2835 1755 2881 recessurum.
1806 2835 2074 2898 cumque
2113 2817 2251 2880 eius
2288 2816 2686 2881 uoluntatem

389 2922 873 3005 requireremuS,
921 2922 1249 3007 respondit
1296 2942 1363 3022 se
1410 2924 1528 2987 hac
1574 2924 1887 2989 iuratione
1931 2922 2248 3005 impediri,
2298 2941 2421 3006 quo
2474 2921 2685 2985 minus

390 3029 479 3093 ibi
546 3031 736 3106 esset,
801 3029 914 3093 ubi
978 3048 1122 3093 eum
1190 3049 1332 3094 esse
1399 3029 1589 3094 etiam
1658 3035 1843 3094 antea
1908 3030 2303 3106 uolebamu8‚
2362 3049 2507 3094 cum
2560 3028 2690 3092 iam

389 3136 758 3218 praesertim
809 3135 885 3201 de
934 3154 1083 3200 suae
1131 3136 1446 3201 libertatis
1495 3137 2003 3202 manifestatione
2051 3155 2314 3202 securus
2364 3137 2467 3200 sit.
2519 3154 2690 3200 cum-

391 3261 512 3324 que
558 3243 655 3306 illi
703 3243 1172 3325 aperuissemus
1221 3263 1341 3307 non
1393 3263 1538 3308 eum
1585 3243 1871 3308 futurum
1920 3243 2194 3326 periurii·
2226 3263 2425 3320 reum,
2476 3242 2687 3306 sinon

387 3369 502 3432 -per
555 3348 769 3431 ipsum
829 3349 942 3414 sed
995 3368 1107 3432 per
1162 3354 1226 3414 te
1273 3350 1470 3428 fieret,
1518 3354 1592 3414 ut
1638 3354 1893 3434 propter
1936 3350 2272 3415 uitandum
2323 3348 2685 3414 scandalum

390 3459 606 3520 tecum
661 3475 802 3521 esse
849 3475 972 3521 non
1018 3459 1258 3540 posset,
1309 3456 1557 3538 quando
1607 3457 1862 3539 quidem
1910 3477 2029 3522 non
2079 3457 2153 3521 de
2201 3462 2314 3520 tua
2360 3457 2689 3520 uoluntate

393 3563 504 3627 sed
551 3563 630 3626 de
679 3581 796 3627 sua
839 3563 1044 3626 iurare
1092 3563 1373 3647 potuerit
1419 3582 1533 3628 nec
1571 3567 1635 3627 te
1675 3564 1798 3628 sibi
1836 3563 2129 3628 uicissim
2168 3561 2408 3645 aliquid
2446 3563 2691 3626 iurasse

393 3668 722 3733 confessus
772 3668 876 3745 sit,
927 3668 1005 3732 ad
1051 3673 1399 3734 extremum
1450 3669 1627 3748 dixit,
1678 3670 1847 3752 quod
1895 3689 2153 3734 seruum
2204 3669 2323 3746 dei,
2383 3668 2690 3734 ecclesiae

393 3773 597 3838 filium
663 3773 870 3839 dicere
939 3775 1292 3856 oportebat,
1363 3775 1663 3857 quicquid
1732 3776 1913 3841 nobis
1982 3795 2125 3840 cum
2184 3779 2296 3839 tua
2354 3776 2691 3840 sanctitate

467 3965 490 4017 1
533 3962 841 4033 toleranda]
881 3963 1128 4019 tollenda
1164 3964 1285 4018 edd.
1315 3971 1615 4034 praeterm
1796 3967 1832 4020 4
1868 3966 1985 4020 sine
2024 3983 2091 4020 ex
2127 3966 2243 4020 siue
2292 3964 2347 4019 U
2528 3965 2691 4019 dmisi

395 4057 496 4106 aut
531 4052 696 4106 dinisi
739 4052 791 4105 T
875 4054 935 4106 11
979 4057 1109 4115 este,
1149 4069 1285 4108 corr.
1329 4071 1394 4107 m.
1419 4059 1450 4108 1
1486 4071 1603 4108 esse
1638 4053 1697 4109 R
1805 4055 1951 4126 hinc]
1988 4054 2115 4108 hinc
2155 4061 2182 4108 e
2224 4059 2275 4121 (e
2314 4070 2431 4122 cap.
2470 4071 2539 4108 m.
2560 4055 2615 4124 1)
2644 4053 2696 4106 T

398 4142 458 4195 19
499 4140 650 4210 dum]
694 4159 808 4195 cum
849 4142 970 4196 edd.
1152 4144 1223 4197 20
1261 4159 1426 4212 agens
1474 4143 1525 4196 T
1665 4160 1933 4208 susanam,
1975 4160 2113 4197 corr.
2150 4160 2218 4197 m.
2242 4147 2273 4196 1
2309 4143 2595 4197 subsanam
2636 4141 2692 4196 R

394 4231 460 4283 22
499 4231 711 4300 require
731 4247 852 4283 mus
897 4230 947 4283 T
1123 4231 1370 4301 respndit
1417 4248 1475 4285 se
1515 4249 1576 4286 ac
1623 4233 1894 4286 iuratione
1941 4233 1992 4286 Τ
2168 4233 2237 4286 23
2278 4233 2441 4286 etiam
2480 4247 2598 4286 esse
2646 4231 2695 4285 U

394 4320 461 4372 24
497 4319 942 4373 manifestatione
978 4319 1252 4374 libertatis
1292 4319 1404 4374 VU
1496 4321 1564 4375 25
1604 4338 1751 4375 reum
1794 4309 1853 4376 ὦ
1885 4321 1930 4373 si
1968 4321 2018 4374 T
2122 4320 2191 4374 28
2228 4321 2466 4374 iurasses
2494 4321 2690 4390 (postr.

398 4408 431 4463 l.
469 4412 610 4477 exp.)
658 4407 713 4462 U
815 4409 884 4462 29
925 4413 1010 4462 est
1054 4407 1108 4462 U

449 4533 686 4580 xxxnn,
713 4531 830 4582 Aug.
851 4538 962 4574 sect.
985 4533 1030 4573 11
1058 4543 1162 4582 pars
1181 4535 1222 4575 2.
2555 4517 2621 4571 15
