3184 4959
203 1084 235 1146 1

314 1101 339 1141 5

293 1638 345 1676 10

296 2173 347 2211 15

994 439 1529 508 epistularum
1583 437 1781 493 xcm.
1839 437 2028 495 XCIV.
2543 445 2670 509 497

1408 633 1636 700 XCIV.

473 773 753 830 SANOTO
794 773 1067 828 DOMINI
1104 773 1539 829 BEATISSIMO
1578 775 1668 828 ΕΤ
1709 773 1930 829 UNICE
1968 773 2187 830 NOBIS
2227 775 2572 832 UNANIMO

373 863 467 919 Ac
502 863 951 919 VENERABILI
997 864 1088 918 ΕΤ
1134 863 1656 918 DESIDERABILI
1701 863 1920 918 PATRI
1975 864 2242 919 FRATRI
2296 865 2674 921 MAGISTRO

372 952 791 1010 AUGUSTINO
839 951 1195 1009 EPISCOPO
1241 953 1604 1009 PAULINUS
1651 953 1741 1008 ET
1790 953 2150 1009 THERASIA
2183 953 2674 1013 PECCAOEORES.

468 1079 829 1144 Lucerna
894 1099 1147 1163 semper
1200 1083 1300 1146 est
1362 1079 1713 1164 pedibus
1779 1080 1980 1145 meis
2045 1080 2381 1145 uerbum
2448 1085 2676 1147 tuum

379 1189 457 1250 et
536 1185 806 1252 lumen
894 1185 1216 1252 semitis
1302 1187 1521 1251 meis.
1605 1186 1699 1252 ita
1772 1185 2344 1270 quotienscumque
2427 1188 2676 1252 litteras

378 1292 785 1357 beatissimae
835 1293 1194 1358 sanctitatis
1233 1295 1381 1358 tuae
1420 1293 1684 1376 accipie,
1729 1293 2021 1358 tenebras
2057 1293 2459 1376 insipientiae
2499 1313 2680 1359 meae

381 1398 617 1463 discuti
693 1399 895 1465 sentio
964 1403 1028 1464 et
1092 1400 1275 1482 quasi
1352 1400 1614 1484 collyrio
1684 1399 2124 1465 declarationis
2197 1400 2409 1465 infuso
2477 1402 2682 1466 oculis

380 1507 613 1570 mentis
686 1525 864 1570 meae
948 1507 1170 1589 purius
1250 1507 1439 1572 uideo
1521 1507 1915 1591 ignorantiae
1999 1509 2183 1572 nocte
2269 1507 2535 1591 depulsa
2617 1511 2683 1572 et

383 1613 657 1696 caligine
730 1612 1145 1678 dubitationis
1223 1615 1530 1680 abstersa.
1615 1614 1784 1697 quod
1862 1633 2008 1679 curn
2082 1633 2270 1698 saepe
2344 1613 2498 1679 alias
2570 1633 2687 1697 per

381 1737 643 1784 munera
706 1719 1122 1803 epistularum
1198 1723 1453 1785 tuarum
1529 1721 1688 1785 mihi
1763 1721 2066 1787 donatum
2143 1720 2468 1800 senserim,
2540 1724 2680 1785 tum

379 1827 719 1909 praecipue
783 1826 910 1892 isto
968 1829 1319 1893 recentium
1376 1827 1732 1894 litterarum
1788 1827 2031 1907 libelle,
2099 1827 2281 1893 cuius
2339 1827 2496 1891 mihi
2547 1829 2683 1892 tam

383 1935 603 2016 gratus
643 1951 830 2015 quam
878 1933 1113 2018 dignus
1157 1935 1429 2017 portitor
1474 1935 1600 2000 fuit
1645 1935 1746 2000 uir
1790 1935 2161 2000 benedictus
2211 1932 2449 1999 domini
2494 1933 2690 1998 frater

382 2043 597 2104 noster
654 2037 929 2118 Quintus
978 2041 1301 2121 diaconae,
1370 2043 1477 2126 qui
1540 2044 1732 2126 longo
1791 2042 2068 2125 quidem,
2135 2046 2552 2123 posteaquam
2606 2039 2686 2104 ad

384 2145 605 2210 urbem
668 2151 948 2226 uenerat,
1013 2147 1370 2227 interua110,
1439 2169 1584 2214 cum
1651 2167 1726 2214 eo
1791 2149 1966 2213 iuxta
2031 2147 2404 2214 sollemnem
2469 2167 2685 2212 meum

384 2271 623 2319 morem
698 2257 846 2336 post
917 2256 1153 2337 pascha
1216 2254 1455 2320 domini
1526 2275 1639 2339 pro
1707 2255 2144 2338 apostolorum
2210 2257 2274 2318 et
2333 2257 2686 2339 martyrum
2793 2305 2796 2308 .

383 2347 785 2425 ueneratione
850 2360 1191 2437 uenissem,
1239 2360 1746 2426 benedictionem
1803 2360 1930 2424 oris
1996 2359 2092 2423 tui
2157 2358 2435 2423 reddidit
2477 2357 2683 2423 nobiS.

384 2485 605 2530 uerum
651 2469 865 2531 tamen
916 2465 1301 2544 oblitterato,
1344 2466 1511 2548 quod
1558 2466 1880 2531 nesciente
1927 2485 2028 2529 me
2066 2465 2303 2529 Romae
2352 2483 2685 2545 consump-

386 2576 575 2650 serat,
622 2577 905 2656 tempore
950 2572 1431 2638 recentissimus
1479 2573 1637 2637 mihi
1687 2572 1868 2637 uisus
1917 2575 2016 2636 est
2071 2591 2108 2636 a
2153 2575 2498 2653 conspectu
2551 2574 2688 2648 tuo,

570 2801 601 2854 5
638 2799 727 2853 Ps.
772 2797 891 2862 118,
934 2798 1035 2852 105
1146 2799 1179 2853 8
1216 2797 1385 2868 Apoc.
1425 2797 1475 2862 3,
1516 2797 1583 2851 18

602 2958 660 3012 P
707 2983 777 3006 =
816 2959 933 3012 cod.
971 2958 1273 3012 Parisinus
1306 2961 1483 3012 11641
1517 2973 1561 3012 s.
1602 2957 1691 3010 VI
1692 2977 1712 3024 ;
1750 2957 1892 3012 deest
1927 2957 2062 3026 finis
2087 2957 2358 3026 epistulae
2387 2973 2424 3010 a
2451 2973 2514 3026 p.
2552 2958 2688 3020 505,

818 3051 889 3100 15
928 3048 1091 3101 etiam
1129 3045 1262 3101 haec

605 3137 678 3190 Pl
710 3161 777 3181 =
816 3136 932 3191 cod.
970 3136 1275 3190 Parisinus
1308 3153 1439 3190 nou.
1481 3151 1600 3204 aeq.
1635 3138 1794 3189 1672
1827 3152 1870 3190 s.
1909 3135 2021 3191 IX.

604 3225 665 3280 E
714 3249 782 3271 =
820 3225 937 3280 cod.
984 3224 1483 3280 Chellenhamensis
1521 3227 1675 3278 2173
1711 3241 1753 3278 s.
1794 3225 1866 3282 X.

617 3312 669 3365 V
712 3339 781 3360 =
821 3314 936 3368 cod.
985 3313 1297 3368 Vaticanus
1338 3316 1455 3367 495
1491 3329 1534 3368 s.
1572 3311 1706 3366 XV.

614 3402 669 3458 U
712 3427 780 3449 =
820 3402 936 3460 cod.
987 3402 1301 3456 Vaticanus
1342 3405 1461 3456 499
1493 3417 1535 3458 s.
1574 3401 1711 3456 XV.

504 3491 763 3556 (Paulini
798 3491 931 3546 Nol.
970 3507 1139 3560 opera
1186 3491 1265 3545 ed.
1305 3489 1602 3545 Hartelius
1645 3491 1687 3544 I
1719 3507 1778 3559 p.
1831 3492 2188 3556 379-387.)

500 3580 882 3634 Louanienses
906 3579 1055 3634 hanc
1089 3579 1384 3648 epistulam
1420 3580 1485 3632 in
1520 3594 1635 3633 uno
1673 3579 1949 3634 Vaticano
1986 3578 2288 3647 exernplari
2317 3579 2483 3644 (495)
2515 3593 2692 3646 reper-

398 3674 513 3722 tam
549 3669 726 3739 primi
762 3668 1067 3722 ediderunt.

467 3831 501 3884 2
542 3829 759 3883 domino
796 3844 899 3894 sr;
938 3827 1006 3892 cf.
1044 3843 1098 3880 u.
1139 3831 1209 3880 13
1247 3831 1297 3880 et
1322 3843 1383 3896 p.
1430 3829 1553 3892 513,
1593 3829 1673 3880 23
1835 3825 2110 3878 unianimo
2151 3823 2204 3876 P
2380 3825 2412 3878 3
2454 3825 2510 3876 et
2548 3821 2691 3875 desi-

399 3918 627 3972 derabili
673 3933 775 3972 om.
824 3915 1002 3970 EVU
1044 3915 1165 3970 edd.
1346 3917 1381 3969 4
1428 3917 1632 3985 tyrasia
1677 3915 1754 3968 Pl
1937 3913 1968 3967 8
2016 3911 2396 3966 delectationis
2456 3909 2566 3966 VU
2583 3911 2698 3964 lsr

398 4009 431 4060 9
469 4007 617 4077 prius
655 4003 936 4059 P¹VUzr
1078 4005 1259 4072 nocte]
1300 4007 1481 4058 mente
1509 4004 1623 4058 PE
1729 4003 1796 4057 10
1831 4019 1930 4072 per
1967 4017 2186 4056 munere
2212 4000 2328 4054 PE
2433 4001 2500 4053 12
2537 4016 2692 4070 prae-

400 4096 556 4165 cipuo
588 4093 695 4148 VU
712 4093 776 4147 ls
794 4109 827 4146 r
972 4093 1037 4146 13
1068 4097 1327 4162 grauatus
1354 4093 1429 4146 ,Ρ1
1594 4093 1802 4163 portior
1820 4091 1933 4144 PE
2091 4090 2307 4144 domino
2337 4089 2450 4144 PE
2470 4087 2694 4142 Παντεῖ.

404 4186 471 4238 14
508 4182 578 4238 ad
617 4183 821 4245 orbem,
859 4197 999 4239 corr.
1040 4181 1109 4235 ad
1146 4180 1333 4235 urbem
1372 4181 1428 4235 P
1470 4180 1536 4236 ab
1586 4181 1718 4235 urbe
1755 4179 1894 4236 P¹U
2075 4180 2138 4233 17
2180 4179 2584 4232 uenerationem
2621 4177 2696 4230 P²

404 4274 469 4328 18
516 4273 845 4326 nescientem
892 4287 978 4324 me
1014 4271 1075 4324 Ε
1251 4285 1684 4340 consumpseram
1719 4267 1856 4324 P¹U
2030 4269 2095 4322 19
2141 4265 2410 4336 tempore]
2453 4271 2698 4336 tempore

402 4379 486 4416 me
524 4363 583 4418 E

456 4487 689 4536 xxxmr,
714 4485 833 4535 Aug».
859 4489 969 4527 sect.
990 4485 1037 4525 11
1056 4495 1163 4534 pars
1183 4487 1225 4526 2.
2557 4461 2626 4515 32
