3184 4959
296 1629 342 1666 10

296 2161 342 2197 15

292 2699 346 2740 20

1159 459 1691 526 epistularum
1750 459 1856 514 CV.
2542 463 2671 527 597

373 649 640 726 audiret,
679 652 756 713 ut
789 650 1016 714 uolens
1056 648 1338 734 eligeret,
1378 667 1723 732 numquam
1764 652 2147 735 permisistis
2184 673 2295 736 per
2332 654 2671 720 uiolentias

377 761 442 822 et
495 759 769 821 terrores
825 759 1101 822 uestros,
1155 757 1354 822 nolite
1411 757 1676 823 stridere
1732 761 1799 823 et
1849 759 2216 841 perturbare
2271 761 2511 826 animas
2565 781 2673 827 ue-

378 869 570 940 stras;
635 864 968 946 patienter,
1036 863 1092 928 si
1165 863 1296 928 fieri
1351 865 1586 947 potest,
1654 864 2065 944 considerate,
2132 867 2305 950 quod
2378 866 2671 946 dicimus

378 975 442 1036 et
502 971 764 1036 recolite
827 971 997 1035 facta
1054 969 1654 1038 Circumcellionum
1720 977 2083 1038 uestrorum
2150 976 2215 1038 et
2278 974 2673 1052 clericorum,

380 1078 490 1160 qui
545 1077 741 1142 duces
799 1095 1014 1142 eorum
1087 1096 1338 1161 semper
1402 1078 1677 1157 fuerunt,
1745 1081 1811 1143 et
1870 1080 2199 1159 uidebitis,
2268 1101 2427 1162 quae
2484 1101 2678 1146 causa

377 1184 562 1248 uobis
626 1185 748 1250 hoc
813 1185 1202 1250 excitauerit.
1279 1185 1444 1250 unde
1508 1185 1744 1251 iniuste
1812 1187 2165 1269 querimini,
2241 1190 2412 1271 quia,
2486 1188 2673 1253 uobis

379 1292 590 1356 omnia
643 1290 772 1357 ista
817 1293 892 1356 ut
945 1291 1334 1370 iuberentur,
1394 1291 1722 1377 coegistis.
1776 1313 1922 1358 nam
1968 1297 2043 1358 ut
2094 1295 2285 1379 longe
2341 1295 2677 1378 praeterita

379 1383 684 1463 et‘multa
717 1417 838 1464 non
889 1401 1273 1480 repetamus,
1321 1400 1549 1464 saltem
1588 1400 1867 1465 recentia
1912 1401 2081 1466 facta
2117 1403 2335 1466 uestra
2373 1403 2673 1486 cogitate.

377 1507 632 1570 Marcus
695 1505 1028 1588 presbyter
1082 1501 1636 1589 casphalianensis
1702 1527 1739 1572 a
1801 1508 2051 1572 nemine
2098 1515 2358 1574 coactus
2424 1509 2677 1592 propria

379 1613 709 1678 uoluntate
759 1612 1112 1677 catholicus
1159 1612 1369 1677 factus
1419 1617 1545 1689 est3
1598 1633 1723 1696 qua
1767 1633 1833 1679 re
1879 1614 2063 1679 illum
2118 1615 2310 1680 uestri
2355 1615 2675 1698 persecuti

383 1723 531 1784 sunt
569 1723 634 1784 et
677 1738 880 1801 paene
919 1718 1323 1801 occidissent,
1371 1719 1490 1784 nisi
1543 1720 1645 1785 dei
1692 1739 1917 1786 manus
1964 1741 2077 1804 per
2122 1715 2409 1788 homines
2456 1741 2675 1804 super-

381 1826 707 1890 uenientes
755 1825 1096 1890 uiolentias
1145 1843 1364 1891 eorum
1411 1827 1918 1908 compressisset.
1966 1827 2328 1894 Restitutus
2367 1827 2677 1894 Victoria·

381 1933 594 1999 nensis
633 1934 710 1998 ad
749 1932 1126 1998 catholicam
1163 1934 1340 1999 nullo
1382 1935 1648 2018 cogente
1689 1953 1757 1999 se
1794 1935 2151 2010 transtulit3
2194 1955 2318 2018 qua
2354 1955 2419 1999 re
2456 1938 2676 2017 raptus

383 2043 482 2104 est
537 2040 616 2104 de
671 2039 858 2105 domo
917 2058 1053 2117 sua,
1113 2059 1359 2119 eaesm,
1414 2041 1477 2105 in
1538 2060 1702 2124 aqua
1756 2042 2109 2121 uolutatus,
2174 2043 2344 2108 buda
2398 2043 2676 2108 uestitus

384 2150 449 2210 et
500 2147 714 2212 nescio
771 2150 929 2230 quot
982 2146 1118 2212 dies
1171 2148 1239 2212 in
1296 2147 1673 2231 captiuitate
1729 2151 2017 2214 retentus
2074 2151 2174 2214 est
2227 2169 2341 2214 nec
2396 2149 2680 2213 libertati

381 2253 666 2338 propriae
737 2253 1010 2320 fortasse
1080 2254 1422 2321 restitutus
1495 2257 1687 2327 esset,
1761 2255 1884 2320 nisi
1955 2255 2083 2320 iam
2156 2275 2355 2339 paene
2422 2259 2679 2338 propter

379 2361 584 2442 ipsam
623 2379 878 2425 causam
917 2360 1336 2426 Proculianus
1384 2361 1506 2425 sibi
1547 2361 2000 2427 exhibitionem
2046 2362 2292 2428 uideret
2325 2362 2671 2426 imminere.

381 2467 742 2532 Marcianus
808 2467 1116 2551 Urgensis
1181 2469 1560 2534 catholicam
1638 2469 1947 2534 unitatem
2024 2469 2278 2554 propria
2340 2468 2675 2534 uoluntate

383 2574 652 2658 delegit:
697 2593 824 2657 qua
867 2593 932 2638 re
981 2575 1439 2640 subdiaconum
1496 2575 1659 2654 eius,
1726 2595 1871 2640 cum
1927 2576 2065 2659 ipse
2125 2575 2424 2660 fugisset,
2480 2593 2675 2656 prope

381 2698 584 2761 usque
638 2680 718 2744 ad
773 2685 1040 2744 mortem
1097 2698 1352 2745 caesum
1411 2679 1625 2744 clerici
1682 2680 1881 2746 uestri
1935 2680 2253 2763 lapidibus
2312 2679 2673 2756 obruerunt,

383 2805 650 2868 quorum
697 2786 926 2851 domus
969 2805 1082 2869 pro
1133 2805 1247 2852 suo
1295 2787 1532 2851 scelere
1581 2805 1839 2851 euersae
1888 2789 2057 2852 sunt.

472 2891 639 2972 Quid
712 2894 986 2975 amplius
1062 2893 1391 2958 dicamus?
1475 2894 1664 2959 modo
1736 2911 2111 2976 praeconem
2184 2892 2479 2970 misistis,
2566 2892 2673 2974 qui

381 3000 682 3066 clamaret
747 3001 959 3065 Siniti:
1017 2999 1348 3083 ‘Quisquis
1407 2999 1749 3065 Maximino
1816 2999 2402 3077 communicauerit,
2467 2999 2675 3064 incen-

382 3107 567 3171 detur
593 3106 820 3172 domus
850 3107 1023 3172 eius'.
1055 3106 1250 3189 quid?
1279 3112 1617 3188 antequam
1644 3107 1783 3190 ipse
1812 3106 1890 3171 ad
1921 3106 2299 3171 catholicam
2328 3125 2673 3172 conuersus

315 3231 341 3268 5
382 3217 555 3278 esset
610 3216 673 3277 et
727 3213 1008 3278 nondum
1071 3214 1148 3278 de
1203 3213 1637 3278 transmarinis
1708 3217 2076 3292 remeasset,
2144 3212 2222 3278 ad
2282 3212 2436 3295 quid
2501 3212 2675 3277 aliud

380 3319 820 3403 presbyterum
869 3319 1056 3386 Siniti
1102 3318 1502 3399 miseramus,
1557 3319 1683 3385 nisi
1727 3323 1805 3384 ut
1858 3320 2016 3385 nulli
2063 3320 2376 3385 molestus
2420 3322 2673 3384 nostros

379 3426 674 3491 uisitaret
737 3431 802 3491 et
861 3427 926 3490 in
995 3427 1180 3492 domo
1244 3425 1402 3491 iuris
1477 3427 1579 3492 sui
1663 3427 1915 3510 positus
1998 3443 2217 3510 pacem
2294 3427 2671 3492 catholicam

453 3741 478 3792 1
520 3743 585 3792 ut
621 3737 834 3809 uolens]
875 3742 931 3793 et
965 3741 1155 3793 uolens
1185 3739 1240 3792 P
1272 3739 1394 3794 edd.
1508 3741 1756 3812 erigeret,
1796 3759 1933 3798 cor-r.
1972 3761 2040 3800 m.
2063 3748 2093 3796 1
2132 3743 2362 3812 eligeret
2388 3743 2463 3798 M
2530 3745 2561 3796 2
2595 3760 2673 3796 er-

378 3845 526 3882 rores
562 3827 688 3881 MP
861 3830 897 3882 4
934 3829 1366 3883 cercicellionum
1401 3829 1534 3884 MF
1565 3831 1967 3886 cirticillionum
2006 3833 2060 3885 A
2216 3833 2246 3886 7
2286 3834 2434 3902 nam]
2476 3849 2581 3885 non
2621 3831 2674 3884 A

383 3917 449 3970 10
487 3917 660 3971 secuti
696 3917 751 3970 A
861 3919 928 3972 14
963 3915 1140 3970 bruda
1165 3917 1404 3974 MFAR
1425 3937 1462 3972 a
1482 3935 1510 3973 e
1652 3923 1841 3974 uestus
1869 3923 1923 3975 A
2037 3923 2102 3975 15
2142 3920 2287 3990 quod
2314 3920 2389 3974 M
2494 3922 2560 3974 16
2588 3937 2671 3972 re-

381 4005 544 4060 stitus
581 4006 635 4058 A
817 4006 882 4058 17
921 4005 1310 4060 Proculeianus
1345 4024 1400 4060 m
1542 4008 1853 4062 imminere»
1880 4009 1941 4063 F
2118 4009 2184 4063 18
2220 4010 2516 4062 martianus
2553 4008 2678 4061 MP

451 4094 728 4163 surgensis
766 4095 820 4147 A
856 4094 1105 4148 urtianus
1140 4096 1216 4149 M
1337 4097 1401 4150 21
1445 4097 1633 4150 domos
1670 4095 1747 4150 M
1883 4115 2008 4151 suo»
2048 4098 2191 4169 (fuit
2228 4103 2273 4166 s)
2311 4097 2373 4151 F
2493 4097 2562 4150 23
2600 4097 2671 4149 si·
2768 4116 2775 4122 ·

381 4183 494 4237 nite
531 4183 713 4237 MFA
855 4183 1178 4238 maximia-no
1217 4183 1290 4238 M
1308 4201 1394 4238 ar
1427 4185 1813 4240 Maximiniano
1852 4201 1879 4240 e
2040 4187 2111 4240 24
2148 4186 2301 4256 quid]
2344 4186 2435 4255 qui
2476 4203 2559 4240 ae
2566 4185 2612 4252 f
2621 4203 2674 4238 m

449 4289 638 4326 uersus
676 4271 750 4326 M
875 4274 946 4326 25
985 4271 1053 4326 ad
1094 4273 1224 4342 quid
1262 4273 1432 4344 aliud]
1475 4273 1544 4327 ad
1583 4274 1715 4344 quid
1752 4275 1821 4328 ad
1859 4273 2009 4329 aliud
2050 4277 2216 4343 (post.
2256 4274 2323 4328 ad
2364 4274 2465 4328 del.
2504 4291 2571 4326 m.
2611 4280 2676 4327 ut

379 4362 494 4415 uid.
535 4365 595 4428 2)
634 4361 746 4416 FP
778 4361 984 4432 aliquid
1025 4361 1093 4415 ad
1133 4361 1278 4417 aliud
1316 4364 1390 4416 M
1493 4364 1562 4418 26
1603 4365 1767 4418 sinite
1803 4363 1865 4417 F
1896 4364 1941 4416 si
1978 4364 2083 4418 niti
2120 4364 2173 4417 A
