3184 4959
585 438 716 502 684
1327 436 1380 493 S.
1437 434 1711 491 Aureli
1766 436 2203 507 Augustini

584 630 772 695 ritate
845 629 1202 713 praeditum
1267 650 1388 696 non
1462 632 1609 697 fuit.
1684 634 1935 698 tantum
1996 633 2159 697 illud
2226 633 2514 712 adtende,
2580 634 2873 715 quoniam

583 737 768 801 Plato
827 757 864 801 a
910 736 1208 804 Cicerone
1262 738 1486 803 multis
1541 739 1749 807 modis
1806 740 2207 822 apertissime
2254 740 2613 807 ostenditur
2666 741 2733 805 in
2788 758 2875 805 sa-

585 843 828 927 pientia
879 864 1001 910 non
1057 844 1332 910 humana
1387 846 1502 911 sed
1547 846 1734 929 plane
1781 846 2018 925 diuina,
2074 846 2240 912 unde
2287 848 2563 912 humana
2608 846 2877 931 quodam

587 949 773 1016 modo
814 951 1280 1031 accenderetur,
1326 951 1388 1016 in
1437 952 1548 1017 illa
1591 954 1817 1037 utique
1866 954 2176 1036 sapientia
2218 973 2478 1038 prorsus
2524 953 2880 1019 inmutabili

587 1060 776 1140 atque
834 1056 1054 1124 eodem
1118 1059 1306 1124 modo
1373 1078 1623 1143 semper
1688 1079 1755 1125 se
1821 1060 2089 1125 habente
2144 1062 2413 1127 ueritate
2472 1060 2880 1127 constituisse
2930 1082 2951 1123 ⁵

588 1167 654 1228 et
721 1164 914 1229 finem
989 1164 1138 1231 boni
1211 1169 1276 1231 et
1347 1186 1573 1233 causas
1654 1187 1865 1233 rerum
1942 1172 2007 1233 et
2077 1168 2491 1234 ratiocinandi
2562 1168 2879 1242 fiduciam,

587 1274 991 1355 oppugnatos
1049 1276 1262 1337 autem
1318 1292 1458 1339 esse
1515 1274 1766 1339 nomine
1810 1274 2269 1357 Epicureorum
2325 1278 2390 1341 et
2434 1274 2797 1341 Stoicorum
2852 1292 2885 1336 a

585 1378 933 1444 Platonicis
981 1398 1111 1458 eos,
1161 1380 1270 1463 qui
1325 1380 1390 1445 in
1438 1382 1718 1465 corporis
1775 1381 1881 1446 uel
1935 1384 1999 1446 in
2057 1382 2250 1447 animi
2304 1385 2531 1447 natura
2582 1383 2885 1463 ponerent

589 1488 655 1551 et
717 1486 906 1551 finem
970 1486 1120 1552 boni
1178 1491 1244 1552 et
1298 1506 1523 1553 causas
1585 1508 1796 1553 rerum
1854 1491 1920 1553 et
1970 1489 2383 1555 ratiocinandi
2438 1488 2761 1563 fiduciam,
2816 1504 2883 1551 eo

587 1612 720 1657 rem
796 1594 1199 1659 successione
1263 1599 1623 1678 temporum
1690 1614 1832 1661 esse
1897 1596 2289 1675 deuolutam,
2353 1600 2429 1660 ut
2493 1594 2887 1661 Christianae
2918 1615 2957 1653 ιο

584 1702 716 1765 iam
761 1701 988 1774 aetatis
1027 1701 1297 1778 exordi0,
1348 1721 1492 1767 cum
1529 1722 1743 1767 rerum
1786 1703 2212 1774 inuisibilium
2258 1706 2448 1786 atque
2495 1706 2885 1767 aeternarum

587 1807 745 1873 fides
790 1828 904 1891 per
938 1808 1223 1874 nisibilia
1257 1809 1562 1874 miracula
1611 1810 1948 1875 salubriter
1990 1810 2459 1895 praedicaretur
2500 1808 2887 1883 hominibuS,

589 1916 698 1997 qui
755 1934 870 1979 nec
930 1915 1142 1980 uidere
1189 1935 1304 1981 nec
1352 1916 1633 2001 cogitare
1690 1917 1931 1999 aliquid
1974 1921 2223 1999 praeter
2270 1936 2532 2000 corpora
2574 1918 2885 2000 poterant,

589 2022 775 2087 beato
823 2024 1111 2104 apostolo
1149 2022 1370 2101 Paulo,
1418 2024 1530 2107 qui
1573 2024 1837 2089 eandem
1882 2023 2072 2089 fidem
2119 2024 2417 2108 gentibus
2471 2023 2889 2106 praesemina-

591 2129 719 2205 bat,
773 2129 944 2194 idem
987 2128 1114 2211 ipsi
1159 2128 1454 2213 Epicurei
1499 2134 1567 2195 et
1612 2129 1813 2195 Stoici
1856 2132 1921 2195 in
1968 2131 2218 2197 actibus
2266 2130 2699 2215 apostolorum
2750 2148 2959 2194 con-1⁵

591 2236 924 2302 tradixisse
969 2235 1393 2301 inueniantur.

484 2344 566 2409 21
681 2341 822 2423 Qua
881 2343 946 2407 in
1001 2362 1067 2407 re
1133 2342 1290 2408 satis
1357 2344 1516 2409 mihi
1579 2344 1837 2410 uidetur
1892 2364 2033 2410 esse
2090 2344 2593 2410 demonstratum
2652 2360 2889 2407 errores

592 2450 876 2536 gentium
915 2450 1052 2515 sine
1092 2450 1168 2514 de
1205 2450 1490 2517 moribus
1541 2452 1677 2516 siue
1717 2450 1793 2516 de
1840 2455 2065 2516 natura
2099 2470 2310 2516 rerum
2358 2450 2497 2516 siue
2537 2450 2613 2515 de
2650 2450 2890 2515 ratione

588 2556 1069 2640 inuestigandae
1115 2557 1428 2635 ueritatis,
1476 2559 1586 2639 qui
1625 2558 1919 2640 quamuis
1960 2563 2175 2624 essent
2218 2558 2407 2623 multi
2444 2560 2635 2641 atque
2680 2554 2893 2621 multi-

591 2664 814 2747 pliceS,
871 2664 936 2728 in
995 2664 1096 2729 his
1141 2668 1354 2729 tamen
1407 2664 1679 2730 maxime
1728 2664 1973 2730 duabus
2032 2666 2229 2731 sectis
2278 2664 2659 2743 eminebant,
2708 2680 2893 2745 expu-
2923 2681 2965 2719 20

593 2771 934 2854 gnantibus
993 2770 1196 2838 doctis
1263 2774 1327 2837 et
1389 2776 1569 2837 tanta
1633 2771 1981 2837 disserendi
2046 2773 2403 2838 subtilitate
2470 2774 2657 2854 atque
2716 2767 2895 2853 copia

597 2877 1114 2943 subuertentibus
1181 2877 1443 2944 durasse
1505 2881 1719 2943 tamen
1784 2898 1991 2963 usque
2050 2880 2117 2943 in
2180 2882 2465 2961 tempora
2520 2878 2895 2945 Christiana.

599 3006 758 3071 quos
812 2988 940 3052 iam
989 2988 1156 3051 certe
1203 2989 1421 3051 nostra
1467 2989 1676 3051 aetate
1724 2986 1817 3052 sic
1866 2988 2267 3052 obmutuisse
2316 2986 2768 3070 conspicimus,
2824 2988 2894 3050 ut

597 3096 702 3159 uix
773 3095 901 3158 iam
965 3092 1031 3157 in
1105 3092 1342 3158 scholis
1407 3093 1735 3157 rhetorum
1799 3098 2332 3159 commemoretur
2394 3096 2666 3170 tantum,
2736 3112 2893 3176 quae

598 3202 833 3267 fuerint
875 3200 1135 3265 illorum
1183 3200 1554 3278 sententiae,
1598 3200 1943 3265 certamina
1976 3203 2189 3265 tamen
2230 3200 2421 3265 etiam
2461 3200 2537 3265 de
2581 3199 2895 3282 loquacis·
2924 3214 2967 3253 2⁵

599 3308 780 3373 simis
838 3307 1222 3373 Graecorum
1289 3308 1639 3392 gymnasiis
1695 3306 2008 3371 eradicata
2070 3310 2261 3390 atque
2320 3324 2683 3389 compressa
2746 3306 2893 3381 sint,

779 3552 812 3605 3
852 3550 917 3607 cf.
958 3551 1068 3607 Cic.
1109 3550 1176 3605 de
1213 3550 1303 3605 fin.
1341 3552 1388 3604 V
1429 3552 1511 3617 15,
1550 3554 1622 3606 43
1734 3551 1801 3605 14
1838 3550 1959 3607 Act.
2000 3552 2084 3614 17,
2126 3550 2192 3605 18

673 3730 706 3784 3
753 3726 1157 3781 sed—humana
1201 3744 1304 3781 om.
1342 3729 1398 3783 A
1614 3728 1649 3781 4
1696 3725 2041 3780 accederetur
2074 3725 2259 3781 ΜΔΕ
2306 3728 2397 3791 (m.
2419 3728 2459 3780 2
2495 3722 2894 3791 accenderetur)

601 3821 634 3874 5
669 3817 962 3872 ueritatem
1003 3819 1023 3872 1
1209 3819 1242 3873 6
1280 3816 1593 3871 rationandi
1632 3816 1743 3871 PV
1926 3818 1955 3870 7
1996 3814 2668 3885 oppugnatos—fiduciam
2704 3828 2807 3867 om.
2842 3810 2895 3865 A

515 3896 520 3900 ⁵
601 3909 634 3962 9
672 3905 982 3962 rationandi
1018 3906 1133 3961 PV
1297 3922 1360 3960 eo
1397 3906 1534 3976 rem]
1574 3920 1759 3959 eorum
1797 3904 2112 3959 MAPP1V
2288 3905 2348 3958 11
2390 3904 2517 3968 iam,
2554 3918 2693 3958 corr.
2730 3918 2799 3955 m.
2834 3907 2895 3955 ut

599 3998 718 4051 uid.
757 4001 798 4051 2
833 3998 1000 4051 etiam
1034 3996 1109 4050 Ρι
1149 3996 1314 4049 etiam
1351 3993 1471 4048 PV
1614 3997 1679 4049 12
1716 3994 2043 4064 hominibus]
2082 3994 2137 4047 in
2180 3992 2429 4047 omnibus
2466 3992 2523 4047 A
2559 3991 2627 4046 ab
2664 3990 2893 4047 homini·

602 4087 704 4142 bus
740 4086 797 4142 R
907 4088 972 4143 13
1009 4088 1226 4157 praeter
1259 4101 1381 4149 om„
1417 4085 1482 4137 in
1517 4100 1692 4154 mary.
1730 4100 1799 4137 m.
1836 4088 1901 4137 ut
1936 4083 2053 4137 uid.
2094 4086 2134 4137 2
2170 4080 2304 4136 add.
2344 4081 2417 4135 Ρι
2538 4081 2607 4136 14
2640 4078 2892 4151 preaemi-

603 4176 760 4231 nauit
793 4176 850 4231 R
959 4176 1024 4231 15
1061 4174 1230 4231 iidem
1266 4174 1386 4229 edd.
1499 4175 1563 4228 17
1606 4172 2033 4228 demonstratum
2071 4186 2187 4224 esse
2226 4168 2346 4225 edd.
2470 4170 2541 4225 24
2578 4183 2893 4223 commemo·

603 4266 813 4319 raretur
859 4262 909 4317 V
1082 4265 1298 4316 tantum
1339 4262 1497 4331 quae]
1536 4264 1809 4330 tantumq.
1846 4259 1921 4313 M
1932 4258 1975 4312 V
2007 4262 2225 4313 tantum
2263 4257 2356 4328 qui
2391 4257 2448 4310 A
2600 4256 2670 4313 26
2706 4254 2893 4326 grecis,

605 4357 723 4408 m.1
755 4368 930 4422 supra
963 4352 991 4405 1
1027 4366 1307 4420 grecorum
1343 4350 1400 4406 R
1544 4352 1674 4403 sunt
1710 4348 1829 4403 edd.
