3184 4959
490 347 623 412 478
1232 343 1284 398 S.
1340 343 1616 399 Aureli
1669 343 2109 415 Augustini

493 538 1003 604 resurrectio
1052 542 1553 604 mortuorum
1592 559 1740 605 non
1781 543 1951 605 est?
1997 539 2368 606 manifestat
2405 541 2630 625 utique
2668 561 2790 607 non

496 664 713 710 omnes
770 661 909 710 esse
974 645 1159 724 tales,
1223 664 1449 710 uerum
1514 649 1731 712 tamen
1787 650 1852 712 et
1914 647 2076 712 tales
2131 667 2253 714 non
2311 652 2486 714 extra
2547 648 2661 714 sed
2724 649 2787 714 in

494 751 587 817 eis
631 752 833 818 fuisse
880 755 1175 818 testatur.
1222 773 1261 840 a
1306 753 1539 835 quibus
1586 772 1665 819 ne
1709 753 1808 818 illi
1856 754 2326 832 seducerentur,
2375 755 2486 840 qui
2530 774 2654 821 non
2699 756 2794 822 ita

497 860 873 938 sentiebant,
957 860 1149 943 paulo
1231 863 1381 943 post
1460 860 1713 926 monuit
1784 859 2035 928 dicens:
2117 861 2400 928 Nolite
2473 862 2788 937 seduci;

498 969 1033 1049 corrumpunt
1084 983 1348 1032 mores
1415 966 1667 1033 bonos
1735 968 2178 1051 conloquia
2231 969 2460 1034 mala.
2530 968 2792 1034 sobrii
2859 991 2888 1034 5

499 1075 788 1151 estote,
843 1073 1049 1138 iusti
1099 1076 1176 1138 et
1229 1073 1489 1138 nolite
1546 1093 1918 1156 peccare3
1977 1075 2526 1158 ignorantiam
2587 1075 2788 1140 enim

498 1178 628 1244 dei
674 1179 999 1263 quidam
1047 1178 1377 1257 habent3
1438 1180 1529 1245 ad
1574 1179 2129 1246 reuerentiam
2185 1181 2425 1247 uobis
2479 1181 2788 1264 loquor.

500 1286 671 1369 quod
716 1289 929 1352 autem
970 1285 1151 1351 dicit:
1206 1285 1389 1352 Cum
1433 1287 1643 1352 enim
1690 1287 1862 1352 sint
1907 1288 2112 1352 inter
2155 1306 2301 1354 uos
2340 1287 2789 1354 aemulatio

501 1397 578 1459 et
618 1393 1063 1470 contentio,
1112 1412 1370 1459 nonne
1410 1394 1783 1459 carnales
1823 1393 2029 1458 estis
2077 1395 2158 1459 et
2203 1395 2633 1460 secundum
2671 1395 2792 1460 ho-

500 1500 787 1565 minem
868 1499 1360 1564 ambulatis?
1440 1503 1768 1582 tamquam
1843 1501 2136 1566 omnibus
2212 1501 2371 1566 dicit
2443 1505 2509 1566 et
2589 1501 2792 1580 uideS,
2837 1521 2890 1562 ιο

500 1626 692 1690 quam
758 1607 845 1672 sit
918 1625 1132 1691 graue,
1199 1606 1369 1689 quod
1434 1607 1611 1672 dicit.
1675 1607 1938 1690 proinde
2000 1607 2125 1674 nisi
2185 1609 2248 1673 in
2314 1608 2458 1693 ipsa
2521 1608 2798 1692 epistula

500 1714 889 1800 legeremus:
954 1711 1285 1779 Gratias
1342 1733 1487 1798 ago
1546 1714 1691 1779 deo
1750 1733 1918 1781 meo
1985 1733 2298 1799 semper
2360 1735 2500 1798 pro
2556 1715 2793 1780 uobis

502 1820 577 1884 in
628 1819 895 1904 gratia
943 1818 1089 1898 dei,
1151 1839 1349 1903 quae
1396 1820 1590 1885 data
1635 1824 1760 1886 est
1806 1821 2030 1886 uobis
2077 1821 2158 1885 in
2206 1821 2538 1888 Christo
2585 1821 2794 1898 Iesu,

506 1925 695 2008 quia
738 1925 815 1990 in
854 1926 1228 1991 omnibus
1268 1926 1518 1992 ditati
1566 1927 1775 1993 estis
1823 1928 1898 1992 in
1945 1927 2118 2007 illo,
2165 1927 2243 1992 in
2295 1927 2504 1992 omni
2550 1927 2794 1993 uerbo

507 2038 585 2100 et
654 2033 731 2099 in
809 2033 1017 2100 omni
1090 2034 1469 2112 scientia,
1546 2035 1770 2100 sicut
1841 2034 2418 2102 testimonium
2483 2033 2798 2100 Christi
2836 2055 2888 2096 ιε

507 2141 1083 2208 confirmatum
1131 2144 1258 2206 est
1299 2141 1378 2206 in
1424 2141 1685 2220 uobis,
1742 2142 1862 2207 ita
1905 2145 1995 2206 ut
2039 2141 2249 2206 nihil
2295 2142 2535 2206 uobis
2583 2140 2798 2206 desit

505 2249 580 2313 in
646 2249 818 2312 ulla
884 2249 1175 2332 gratia,
1240 2251 1614 2332 putaremus
1680 2267 1897 2314 omnes
1957 2249 2319 2315 Corinthios
2386 2250 2668 2314 carnales
2735 2252 2799 2313 et

507 2354 831 2430 animaleS,
870 2374 995 2421 non
1031 2353 1473 2439 percipientes,
1512 2373 1674 2439 quae
1705 2357 1856 2420 sunt
1893 2356 2156 2440 spiritus
2190 2355 2310 2434 dei,
2348 2357 2799 2434 contentiosoS,

508 2461 817 2538 aemuloS,
884 2460 1235 2526 secundum
1300 2461 1622 2527 hominem
1679 2462 2102 2528 ambulantes.
2167 2460 2384 2545 itaque
2441 2467 2520 2529 et
2571 2465 2798 2527 totus

509 2567 851 2632 mundus
909 2567 987 2630 in
1032 2567 1389 2651 maligno
1444 2567 1778 2650 positus
1836 2571 1963 2634 est
2015 2572 2274 2653 propter
2326 2569 2586 2646 zizania,
2641 2586 2892 2650 quaem

512 2676 664 2739 sunt
732 2693 848 2758 per
918 2676 1130 2738 totum
1200 2673 1533 2752 mundum,
1609 2676 1676 2740 et
1731 2674 2026 2742 Christus
2104 2675 2608 2759 propitiator
2680 2676 2804 2740 est

511 2783 1037 2863 peccatorum
1073 2783 1563 2858 nostrorum,
1613 2799 1762 2846 non
1809 2785 2122 2849 tantum
2160 2787 2628 2848 nostrorum
2667 2780 2805 2848 sed

516 2891 593 2952 et
655 2888 923 2952 totius
990 2888 1262 2953 mundi
1326 2890 1583 2971 propter
1647 2888 1954 2969 triticum,
2025 2889 2198 2973 quod
2260 2891 2360 2954 est
2421 2907 2536 2972 per
2595 2891 2804 2954 totum

514 2994 846 3059 mundum.

411 3095 495 3158 33
606 3099 1122 3185 Refrigescit
1177 3103 1392 3164 autem
1448 3101 1760 3166 caritas
1816 3102 2258 3186 multorum
2321 3105 2581 3186 propter
2633 3119 2807 3166 scan—
2847 3127 2902 3169 a

520 3205 805 3272 dalorum
888 3206 1361 3285 abundantiam,
1444 3208 1680 3290 quanto
1763 3210 1969 3293 magis
2051 3209 2382 3293 magisque
2465 3207 2810 3294 glorificato

698 3453 733 3506 4
768 3450 797 3504 Ι
836 3450 957 3506 Cor.
999 3453 1085 3520 15,
1120 3451 1337 3506 33-34
1458 3452 1491 3506 8
1532 3452 1559 3505 1
1599 3450 1720 3506 Cor.
1757 3453 1809 3516 3,
1847 3453 1880 3508 3
2009 3453 2076 3506 12
2113 3452 2142 3506 1
2178 3451 2298 3510 Cor.
2341 3454 2390 3521 1,
2427 3454 2569 3508 4-7
2683 3452 2746 3506 17
2783 3450 2812 3504 Ι

523 3539 642 3596 Cor.
680 3541 731 3604 2,
774 3541 865 3606 14;
904 3542 955 3606 3,
992 3541 1025 3596 3
1136 3541 1202 3594 19
1240 3541 1267 3594 1
1301 3539 1421 3594 1011.
1459 3543 1509 3606 5,
1550 3541 1619 3596 19
1729 3542 1794 3596 21
1834 3541 1863 3595 Ι
1897 3541 2014 3596 Ioh.
2056 3542 2106 3606 2,
2145 3543 2177 3595 2
2286 3544 2355 3598 25
2393 3540 2592 3596 Matth.
2619 3541 2703 3607 24,
2744 3540 2810 3594 12

598 3718 623 3770 1
664 3717 953 3772 manifesta
990 3719 1044 3771 A
1152 3718 1185 3770 2
1224 3719 1467 3786 extrajse
1504 3716 1603 3772 sed
1638 3716 1715 3771 M
1835 3719 1868 3773 3
1905 3718 2017 3774 illis
2056 3717 2416 3774 educerentur
2440 3733 2580 3774 corr.
2609 3736 2678 3775 m.
2699 3721 2739 3772 2
2764 3717 2819 3770 P

595 3807 709 3876 qui]
748 3807 890 3876 quod
925 3808 981 3862 A
1019 3810 1077 3861 et
1113 3807 1207 3876 qui
1242 3805 1351 3860 PL
1456 3808 1492 3861 4
1530 3807 1748 3861 seeduci
1785 3809 1833 3874 (t
1867 3812 2032 3874 eras)
2069 3807 2142 3862 M
2235 3807 2268 3862 6
2305 3808 2463 3878 iusti]
2503 3808 2650 3862 iuste
2684 3807 2816 3874 eflr

522 3912 624 3951 sec.
672 3895 831 3965 Vuly.
874 3895 977 3963 (ed.
1022 3895 1185 3952 Clem.
1222 3895 1377 3962 iusti)
1417 3901 1467 3950 et
1510 3895 1610 3950 Gr.
1732 3897 1766 3950 8
1803 3897 1878 3950 sit
1914 3899 1970 3952 ,1
2003 3912 2106 3952 sec.
2155 3897 2310 3967 Vulq.
2459 3898 2491 3952 9
2529 3895 2664 3962 estis
2701 3911 2814 3950 car-

522 3985 676 4040 nales
712 3985 834 4039 edd.
948 3986 1013 4040 16
1052 3985 1197 4039 desit
1233 3985 1391 4039 uobis
1426 3985 1483 4038 P
1516 3985 1639 4040 edd.
1780 3987 1845 4040 17
1883 3986 1941 4040 in
1977 3985 2130 4040 nulla
2162 3986 2219 4039 P
2360 3985 2542 4056 gratia
2577 3985 2624 4039 si
2660 3987 2816 4055 puta-

525 4090 703 4128 remus
742 4073 796 4128 R
940 4076 1017 4144 et]
1060 4075 1225 4128 etiam
1266 4077 1322 4128 et
1363 4073 1411 4127 0
1576 4075 1646 4129 23
1686 4078 1744 4128 et
1780 4090 1883 4129 om.
1919 4075 2045 4130 MA
2187 4078 2355 4138 totus,
2395 4090 2532 4128 corr.
2571 4091 2640 4127 m.
2662 4077 2694 4126 1
2727 4079 2818 4127 to-

526 4163 636 4217 tius
672 4161 749 4216 M
911 4167 995 4216 est
1030 4179 1117 4218 om
1138 4205 1151 4228 ‚
1190 4179 1258 4219 m.
1279 4167 1311 4216 1
1353 4161 1483 4216 add.
1522 4163 1600 4216 M
1774 4163 1844 4218 25
1881 4162 2202 4232 refrigescit,
2239 4179 2378 4218 corr.
2416 4162 2737 4232 refrigescet
2777 4161 2826 4216 0

527 4251 845 4322 refrigescet
879 4250 935 4303 P
