3184 4959
597 406 728 470 676
1315 402 1370 459 S.
1427 403 1701 459 Aureli
1754 402 2191 475 Augustini

587 595 783 679 idque
837 596 1051 680 ipsum
1101 596 1524 685 Christianam
1571 597 1923 664 doctrinam
1970 618 2111 663 esse
2165 598 2532 681 respondes,
2588 618 2781 682 quam
2838 603 2904 665 te

590 703 888 767 omnibus
945 721 1324 787 praeponere
1381 704 1683 769 nouimus
1741 708 1807 769 et
1858 705 1923 769 in
1984 725 2059 771 ea
2112 706 2250 770 sola
2296 722 2437 773 esse
2492 724 2905 788 praesumere

591 828 774 893 spem
823 810 1050 875 salutis
1099 813 1410 889 aeternae,
1458 828 1580 875 non
1631 830 1793 893 opus
1842 814 1941 875 est
1988 810 2046 875 ei
2092 810 2452 895 cognitione
2500 810 2903 896 dialogorum

593 914 912 981 Ciceronis
971 920 1037 981 et
1081 916 1458 982 collectione
1506 916 2043 982 emendicatarum
2091 916 2591 981 discordantium
2650 921 2904 983 senten-

590 1024 826 1089 tiarum
856 1022 1202 1088 alienarum
1240 1022 1563 1105 procurari
1593 1022 1935 1090 auditores,
1976 1022 2261 1088 moribus
2288 1023 2423 1088 tuis
2460 1023 2687 1088 intenti
2716 1024 2899 1103 fiant,

593 1130 703 1214 qui
731 1129 846 1195 abs
874 1134 938 1195 te
977 1128 1220 1212 aliquid
1249 1130 1379 1194 tale
1409 1128 1732 1211 accepturi
1772 1132 1943 1196 sunt.
1982 1130 2128 1193 nolo
2166 1129 2343 1211 prins
2372 1128 2615 1213 aliquid
2644 1129 2901 1211 doceaS,

591 1238 761 1321 quod
806 1236 1260 1301 dediscendum
1310 1238 1428 1313 est,
1475 1238 1550 1299 ut
1596 1254 1747 1299 uera
1794 1235 2045 1301 doceas.

487 1342 568 1405 12
679 1342 843 1409 Nam
900 1343 958 1407 si
1015 1343 1361 1408 alienarum
1419 1342 1873 1408 sententiarum
1931 1341 2379 1407 dissidentium
2426 1346 2493 1408 et
2546 1362 2903 1427 repugnan-

587 1451 752 1517 tium
782 1448 1058 1535 cognitio
1099 1448 1341 1533 aliquid
1371 1448 1639 1514 adiuuat
1673 1448 2128 1513 insinuatorem
2158 1448 2553 1515 Christianae
2582 1450 2903 1519 ueritatis,

588 1560 666 1622 ut
717 1556 986 1633 nouerit,
1037 1575 1160 1639 quo
1219 1555 1407 1621 modo
1465 1556 1876 1621 aduersantes
1926 1554 2215 1620 destruat
2268 1556 2583 1623 falsitates
2641 1556 2721 1622 ad
2776 1558 2903 1623 hoc

592 1665 745 1729 dum
779 1666 972 1743 taxat,
1021 1683 1098 1728 ne
1147 1662 1290 1745 quis
1331 1666 1548 1729 contra
1585 1662 1903 1729 disserens
1940 1664 2193 1728 nonnisi
2239 1663 2304 1727 in
2355 1664 2717 1731 refellendis
2764 1665 2901 1730 tuis

591 1770 750 1855 figat
796 1771 1072 1849 oculum,
1122 1789 1240 1834 sua
1284 1789 1436 1834 uero
1487 1770 1710 1835 sedulo
1752 1771 2051 1849 occultet,
2098 1788 2246 1835 nam
2284 1771 2561 1856 cognitio
2600 1771 2901 1836 ueritatis

593 1877 803 1943 omnia
855 1876 1038 1955 falsa,
1097 1876 1151 1941 si
1207 1876 1395 1942 modo
1452 1877 1870 1959 proferantur,
1919 1877 2113 1941 etiam
2163 1896 2322 1960 quae
2376 1877 2555 1961 prius
2610 1877 2902 1942 inaudita

593 1986 788 2060 erant,
838 1986 904 2048 et
948 1983 1292 2049 diiudicare
1348 1986 1414 2048 et
1467 1984 1839 2048 subuertere
1894 1983 2121 2050 idonea
2168 1987 2287 2063 est,
2334 2022 2423 2031 —
2470 1985 2605 2061 sed,
2651 1988 2729 2049 ut
2772 2004 2899 2051 non

592 2087 804 2152 solum
875 2092 1092 2170 aperta
1166 2089 1490 2167 feriantur,
1567 2090 1681 2154 sed
1745 2090 1940 2154 etiam
2004 2090 2378 2157 abscondita
2442 2094 2761 2170 eruantur,
2842 2091 2897 2156 si

594 2194 835 2259 alienos
893 2214 1050 2279 opus
1107 2198 1208 2261 est
1271 2216 1651 2280 cognoscere
1717 2216 1979 2275 errores,
2046 2198 2218 2282 erige
2276 2198 2496 2263 oculos
2562 2218 2897 2281 auresque,

595 2317 702 2366 oro
741 2303 828 2381 te,
877 2304 942 2365 et
987 2302 1134 2367 uide
1175 2306 1363 2385 atque
1403 2304 1717 2381 ausculta,
1764 2306 1978 2368 utrum
2028 2304 2261 2387 aliquis
2309 2304 2617 2370 aduersus
2662 2324 2777 2370 nos
2819 2305 2899 2370 de

592 2408 978 2473 Anaximene
1027 2412 1092 2473 et
1137 2409 1213 2474 de
1258 2409 1631 2495 Anaxagora
1682 2411 1964 2493 proferat
2018 2411 2279 2494 aliquid,
2328 2411 2577 2495 quando
2632 2411 2761 2475 iam
2818 2430 2899 2476 ne

592 2514 878 2598 ipsorum
945 2515 1200 2598 quidem
1273 2516 1479 2581 multo
1553 2518 1980 2583 recentiorum
2052 2518 2458 2600 multumque
2528 2516 2901 2600 loquacium

597 2622 954 2688 Stoicorum
994 2628 1106 2687 aut
1141 2623 1597 2705 Epicureorum
1638 2624 1880 2689 cineres
1920 2626 2187 2703 caleant,
2224 2624 2392 2689 unde
2430 2624 2645 2705 aliqua
2680 2626 2905 2689 contra

595 2729 785 2793 fidem
843 2729 1266 2796 Christianam
1323 2730 1606 2795 scintilla
1662 2730 1989 2796 excitetur.
2058 2730 2169 2795 sed
2228 2730 2452 2795 circuli
2507 2733 2698 2812 atque
2756 2748 2905 2794 con-

595 2835 921 2901 uenticula
974 2836 1205 2919 partim
1259 2837 1514 2921 fugacia
1566 2837 1799 2919 partim
1848 2837 2041 2902 etiam
2088 2835 2411 2901 audaciter
2454 2838 2749 2919 prompta
2794 2836 2905 2900 uel

596 2942 1076 3007 Donatistarum
1115 2943 1219 3008 uel
1247 2942 1839 3008 Maximianensium
1870 2944 1977 3007 uel
2008 2942 2521 3007 Manichaeorum
2548 2942 2656 3006 uel
2684 2942 2903 3019 etiam,

599 3049 674 3113 ad
715 3068 986 3131 quorum
1033 3068 1260 3133 greges
1307 3049 1687 3133 turbamque
1735 3052 2172 3128 uenturuses,
2220 3048 2647 3125 Atrianorum,
2692 3048 2909 3113 Euno-

598 3158 971 3235 mianorum,
1063 3154 1683 3235 Macedonianorum,
1788 3156 2329 3240 Cataphrygarum
2424 3158 2905 3238 ceterarumque

597 3264 878 3345 pestium
933 3262 1478 3329 innumerabiliter
1532 3266 1949 3347 perstrepant.
2010 3281 2279 3346 quorum
2328 3262 2612 3326 omnium
2661 3279 2905 3325 errores

601 3371 656 3435 si
703 3388 1082 3455 cognoscere
1127 3370 1324 3455 piget,
1373 3370 1526 3453 quid
1572 3370 1754 3435 nobis
1804 3373 1904 3434 est
1948 3372 2205 3453 propter
2252 3368 2675 3443 defensionem
2726 3364 2909 3431 Chri-

601 3477 841 3542 stianae
887 3476 1212 3560 religionis
1262 3496 1582 3560 quaerere,
1632 3475 1784 3559 quid
1833 3476 2106 3541 senserit
2150 3475 2586 3553 Anaximenes,
2635 3474 2701 3538 et
2748 3472 2903 3538 olim

676 3702 702 3757 1
745 3718 862 3756 esse
900 3701 1198 3756 doctrinam
1224 3701 1361 3756 P¹V
1508 3700 1792 3771 respondis
1828 3701 1903 3755 M
2070 3702 2103 3757 5
2139 3702 2437 3773 procurari]
2477 3715 2825 3770 procuratum
2852 3698 2915 3752 P

603 3792 634 3843 7
675 3790 1019 3845 ediscendum
1055 3791 1111 3845 A
1201 3792 1234 3845 9
1273 3791 1524 3845 ueritatis
1562 3806 1684 3854 om„
1722 3794 1851 3845 m.2
1890 3790 2021 3845 add.
2057 3788 2135 3845 1²²
2245 3789 2312 3844 10
2350 3789 2599 3851 distrnat,
2634 3805 2705 3845 m.
2728 3792 2768 3841 2
2806 3786 2905 3841 de-

603 3883 780 3934 struat
813 3879 889 3933 M
921 3878 1208 3933 destruant
1241 3880 1298 3934 R
1442 3878 1705 3933 falsitatis
1740 3879 1817 3933 M
1930 3880 1994 3933 11
2034 3878 2307 3941 refiendis,
2342 3894 2412 3931 m.
2434 3880 2475 3931 2
2508 3876 2824 3931 refellendis
2852 3876 2913 3929 P

607 3969 672 4023 13
708 3968 1014 4038 proferatur
1048 3968 1123 4022 M
1239 3968 1310 4023 20
1345 3970 1717 4038 putureorum,
1752 3985 1821 4022 m.
1844 3971 1884 4022 2
1920 3968 2289 4038 epicureorum
2326 3966 2385 4020 P
2500 3966 2564 4020 21
2606 3964 2725 4034 sed]
2761 3964 2813 4018 si
2848 3966 2909 4018 A

601 4060 673 4113 22
710 4058 922 4129 fugatia
964 4057 1091 4111 MP
1135 4060 1222 4125 (m.
1251 4060 1292 4112 2
1336 4056 1576 4127 fugacia)
1624 4058 1765 4111 P1V
1803 4058 1997 4127 fugata
2032 4059 2088 4113 A
2303 4054 2559 4110 audacter
2596 4052 2741 4108 P¹V
2778 4052 2909 4113 edd,

603 4148 672 4203 23
708 4147 1141 4201 maximiansium
1179 4144 1234 4200 V
1334 4146 1426 4199 uel
1461 4144 1907 4199 Manichaeorum
1944 4160 2046 4199 om.
2076 4144 2211 4199 P¹V
2298 4145 2368 4198 24
2406 4143 2477 4198 ad
2514 4140 2760 4213 quorum]
2803 4143 2913 4196 ali-

606 4252 849 4305 quorum,
885 4252 1023 4291 corr.
1061 4254 1130 4290 m.
1153 4239 1186 4290 1
1221 4234 1292 4289 ad
1330 4251 1556 4304 quorum
1593 4233 1669 4287 M
1806 4250 2027 4305 gregem
2062 4234 2204 4287 P¹V
2304 4234 2374 4289 25
2414 4232 2791 4303 catafugarum
2830 4232 2913 4285 1³¹

605 4325 676 4379 28
715 4329 772 4379 et
807 4340 912 4379 om.
951 4326 1007 4380 A

2947 1585 3001 1623 10

2948 2116 3003 2153 15
