3184 4959
391 643 430 704 4

483 451 608 514 112
1189 447 1242 500 S.
1301 445 1573 498 Aureli
1630 445 2064 514 Augustini

571 641 693 708 Sed
752 642 901 724 quia
955 661 1054 706 res
1113 645 1324 724 aperte
1382 641 1544 704 falsa
1600 644 1751 717 erat,
1809 639 2135 722 permixtis
2194 639 2405 704 uerbis
2454 637 2581 704 cito
2628 638 2772 702 inde

483 750 836 814 discessum
903 751 1020 812 est.
1087 748 1249 811 inter
1313 766 1474 830 quae
1538 748 1734 811 uerba
1796 746 2227 830 euangelicam
2292 745 2470 810 illam
2538 743 2773 810 domini

483 855 976 920 admonitionem
1044 853 1584 930 commemorauit,
1653 873 1777 936 qua
1832 853 2013 917 dixit:
2083 851 2386 917 Cauete
2452 872 2489 916 a
2551 869 2773 933 pseu-

485 961 1054 1044 doprophetis;
1139 961 1378 1024 multi
1465 959 1554 1024 ad
1638 979 1781 1025 uos
1865 960 2197 1024 uenient
2277 959 2355 1022 in
2450 957 2773 1022 uestitu

487 1069 776 1146 ouium,
842 1069 1074 1134 intus
1131 1070 1398 1132 autem
1455 1071 1647 1132 sunt
1700 1066 1875 1148 lupi
1932 1083 2305 1146 rapaces;
2354 1085 2440 1130 ex
2485 1064 2771 1128 fructi·
2840 1085 2866 1124 5

481 1176 627 1240 bus
705 1193 972 1238 eorum
1050 1173 1574 1258 cognoscetis
1652 1193 1807 1239 eos,
1873 1192 2035 1256 quae
2089 1173 2287 1238 uerba
2342 1171 2775 1236 dominicum

483 1281 838 1346 diceremus
887 1281 1104 1345 eadem
1153 1280 1230 1344 de
1275 1280 1410 1346 illis
1456 1299 1492 1344 a
1537 1280 1721 1344 nobis
1766 1298 1955 1361 posse
2000 1279 2275 1356 recitari,
2320 1282 2585 1344 uentum
2630 1278 2775 1342 inde

483 1393 582 1453 est
627 1388 705 1452 ad
752 1387 1294 1472 exaggerationem
1333 1386 1821 1470 persecutioniS,
1861 1405 2051 1469 quam
2088 1405 2275 1470 saepe
2314 1404 2493 1450 suam
2532 1389 2775 1468 partem

481 1495 824 1578 pertulisse
871 1493 1122 1559 dicebat
1165 1494 1313 1558 hinc
1362 1494 1580 1559 uolens
1620 1492 1951 1560 ostendere
1990 1513 2141 1558 suos
2179 1511 2319 1558 esse
2360 1491 2776 1567 christinam,

484 1602 632 1682 quia
695 1601 1200 1684 persecutionem
1267 1603 1649 1682 paterentur.
1718 1599 1883 1664 inter
1946 1619 2105 1682 quae
2170 1600 2365 1664 uerba
2436 1617 2597 1686 cum·
2656 1617 2865 1682 egem

483 1725 766 1791 pararem
826 1726 896 1770 ex
957 1705 1286 1790 euangelio
1341 1707 1740 1789 respendere,
1797 1706 1943 1771 inde
1998 1707 2347 1790 capitulum
2398 1723 2779 1772 commemo·

486 1813 655 1878 rauit
699 1814 888 1896 prior,
937 1813 1052 1878 ubi
1097 1813 1390 1878 dominus
1440 1813 1556 1878 ait:
1613 1813 1869 1888 Beati,
1929 1817 2065 1896 qui
2118 1812 2773 1896 persecutionem

487 1919 920 2002 patiuntur
965 1922 1298 2002 propter
1342 1920 1783 2000 iustitiam,
1834 1919 2217 2008 quoniam·
2254 1919 2614 2004 ipsorum
2654 1921 2781 1983 est

484 2045 808 2110 regnum
859 2027 1286 2091 caelorum.
1337 2045 1461 2108 quo
1509 2028 1649 2092 loco
1698 2046 1814 2111 ego
1862 2023 2219 2111 gratulatus
2268 2026 2512 2092 subieci
2558 2025 2774 2090 statim

484 2132 550 2197 id
607 2151 754 2217 ergo
821 2149 960 2196 esse
1019 2132 1465 2214 quaerendum,
1521 2135 1737 2198 utrum
1796 2133 1893 2198 illi
1948 2133 2453 2216 persecutionem
2526 2133 2781 2216 propter
2818 2152 2871 2191 ιε

483 2239 796 2304 iustitiam
854 2241 1029 2324 passi
1082 2240 1338 2304 fuerint.
1404 2243 1466 2304 in
1528 2260 1653 2323 qua
1708 2242 2077 2323 quaestione
2132 2241 2369 2306 discuti
2425 2239 2778 2322 cupiebam,

486 2346 658 2428 quod
731 2346 986 2429 quidem
1065 2347 1361 2412 omnibus
1428 2348 1669 2412 clarum
1736 2353 1888 2425 erat,
1956 2351 2171 2413 utrum
2237 2365 2343 2412 eos
2408 2347 2471 2410 in
2534 2345 2780 2410 unitate

485 2454 792 2519 ecclesiae
867 2453 1256 2520 constitutos
1331 2473 1408 2519 an
1483 2454 1828 2519 schismate
1902 2455 2027 2518 iam
2100 2454 2344 2520 diuisos
2426 2452 2785 2518 Macariana

485 2565 771 2642 tempora
844 2561 1222 2638 inuenerint,
1297 2564 1392 2638 ut,
1459 2561 1568 2642 qui
1634 2560 1851 2626 uidere
1913 2561 2179 2638 uellent,
2244 2565 2460 2626 utrum
2529 2562 2784 2643 propter

483 2668 800 2732 iustitiam
855 2668 1362 2750 persecutionem
1417 2667 1594 2751 passi
1651 2668 1903 2744 fuerint,
1958 2669 2024 2734 id
2076 2670 2291 2752 potius
2349 2666 2778 2740 adtenderent,
2816 2681 2873 2722 ιο

483 2779 696 2839 utrum
759 2793 825 2839 se
883 2777 1054 2838 recte
1113 2794 1148 2838 a
1201 2774 1402 2839 totius
1461 2775 1631 2840 orbis
1688 2775 1933 2840 unitate
1986 2775 2427 2858 praeciderint,
2494 2775 2659 2857 quod
2726 2773 2781 2838 si

482 2881 718 2945 iniuste
783 2880 1013 2946 fecisse
1087 2881 1542 2956 inuenirentur,
1616 2882 2027 2947 manifestum
2102 2891 2276 2946 esset
2348 2901 2455 2948 eos
2528 2885 2783 2964 propter

483 2987 865 3052 iniustitiam
931 2988 1146 3070 potius
1215 3007 1404 3070 quam
1469 2991 1725 3070 propter
1790 2989 2103 3054 iustitiam
2160 3007 2383 3072 passos
2436 2988 2783 3070 persecuti-

484 3113 666 3160 onem
714 3097 778 3158 et
822 3093 966 3158 ideo
1013 3113 1272 3159 numero
1319 3095 1651 3160 beatorum
1698 3096 1957 3179 adiungi
2004 3115 2124 3160 non
2174 3115 2383 3178 posse,
2433 3095 2509 3159 de
2548 3095 2781 3177 quibus

489 3199 734 3264 dictum
820 3205 952 3265 est:
1035 3200 1294 3280 Beati,
1380 3203 1508 3284 qui
1593 3203 2253 3285 persecutionem
2348 3201 2781 3283 patiuntur
2816 3214 2873 3256 εὖ

486 3310 824 3388 propter
886 3307 1328 3372 iustitiam.
1397 3308 1486 3372 ibi
1547 3313 2037 3375 commemorata
2090 3313 2189 3372 est
2243 3307 2547 3372 famosior
2591 3327 2779 3389 quam

487 3412 718 3476 certior
790 3412 1080 3478 codicum
1154 3414 1266 3478 illa
1329 3414 1608 3479 traditio,
1676 3415 1789 3480 sed
1852 3415 2350 3498 respondebatur
2404 3434 2441 3478 a
2492 3415 2779 3496 partibus

486 3519 721 3583 nostris
778 3519 1094 3602 principes
1153 3522 1408 3585 illorum
1466 3522 1682 3605 potius
1737 3521 1937 3586 fuisse
1984 3521 2350 3597 traditorem
2399 3521 2569 3604 quod
2616 3521 2670 3584 si
2715 3519 2775 3583 in

668 3710 699 3762 3
735 3709 932 3762 Matth.
975 3711 1022 3774 7,
1069 3713 1274 3766 15—16
1391 3713 1452 3764 12
1491 3711 1689 3766 Matth.
1728 3715 1779 3775 5,
1824 3713 1888 3766 10

562 3817 585 3868 1
629 3815 756 3868 inde
793 3831 894 3869 om.
923 3815 980 3870 R
1079 3817 1112 3870 2
1151 3817 1375 3886 interq;‚
1413 3835 1482 3873 m.
1521 3824 1586 3870 ut
1622 3818 1737 3873 uid.
1769 3822 1809 3872 2
1836 3819 1980 3872 inter
2018 3835 2153 3888 quac
2182 3819 2257 3872 M
2354 3820 2420 3872 10
2456 3818 2679 3888 interq;‚
2711 3835 2776 3871 m.

488 3911 548 3958 ut
583 3903 701 3959 uid.
741 3909 781 3957 2
815 3905 958 3958 inter
996 3921 1134 3975 quae
1159 3905 1232 3960 M
1378 3908 1434 3960 11
1480 3923 1741 3976 parerem,
1778 3925 1846 3964 m.
1869 3912 1909 3960 2
1942 3924 2189 3977 pararem
2226 3907 2301 3960 M
2474 3907 2563 3961 ide
2601 3905 2665 3964 F.
2688 3905 2779 3960 ide

487 3993 610 4046 MA
647 3991 790 4046 idem
827 3994 882 4046 P
1053 3997 1118 4048 16
1155 3994 1448 4064 iustitiam]
1489 3996 1621 4050 iusti
1658 3998 1711 4050 A
1857 3997 2081 4049 suerunt
2113 3997 2188 4049 M
2328 3997 2667 4066 questionem
2706 4006 2779 4055 (m

488 4079 591 4136 del.
629 4098 696 4134 m.
721 4085 778 4133 2»
809 4081 884 4134 M
979 4082 1045 4135 17
1086 4081 1300 4150 quidem
1342 4082 1615 4152 omuibus]
1656 4085 1749 4154 qui
1788 4083 2111 4138 demonibus
2144 4085 2195 4136 A
2332 4083 2779 4138 ciarum—schis-

486 4171 654 4238 mate]
708 4169 936 4224 clamate
988 4177 1115 4234 (om.
1167 4187 1284 4224 rum
1329 4172 1686 4238 erat—echis)
1728 4173 1908 4225 MFA
2092 4174 2155 4226 18
2202 4189 2416 4228 macara
2466 4178 2556 4238 (m.
2576 4177 2606 4226 1
2643 4187 2779 4227 corr.

487 4258 710 4324 macari)
735 4259 742 4327 1
768 4274 870 4310 ana
905 4259 976 4310 M
1011 4260 1284 4313 macarius
1319 4262 1372 4314 A
1456 4261 1526 4314 20
1561 4261 1709 4330 passi
1746 4261 1952 4314 fuerint
1986 4261 2415 4330 persecutionem
2456 4260 2515 4315 F
2593 4261 2661 4315 23
2696 4261 2779 4314 in-

489 4347 778 4414 iustitiam]
817 4347 1084 4401 iustitiam
1125 4348 1184 4400 F
1331 4349 1400 4402 28
1439 4349 1622 4417 potius
1662 4366 1761 4404 oen.
1788 4349 1845 4402 R
2024 4350 2081 4402 in
2108 4366 2209 4404 om.
2236 4350 2456 4406 FAPR
2493 4349 2560 4403 de
2596 4350 2781 4416 flrm
