3184 4959
499 430 628 493 576
1227 427 1280 481 S.
1338 428 1615 482 Aureli
1667 427 2112 498 Augustini

497 623 644 687 mis
684 625 764 688 et
807 641 954 688 non
996 621 1247 700 homo,
1299 623 1825 705 opprobrium
1866 625 2275 691 hominum
2314 630 2393 692 et
2432 625 2793 691 abiectio

496 729 786 813 plebis.
846 730 967 794 hoc
1023 729 1430 814 opprobrium
1497 729 1572 800 de
1628 730 1760 796 illis
1818 732 2171 814 opprobriis
2228 736 2347 812 est,
2407 751 2566 815 quae
2620 733 2795 798 iube-

495 857 640 910 mur
683 856 806 902 non
855 839 1137 902 metuere
1182 856 1296 919 per
1339 837 1592 902 Esaiam
1643 837 1987 903 dicentem:
2040 837 2499 922 Opprobria
2554 840 2793 905 homi·

495 963 674 1010 num
755 942 1020 1008 nolite
1101 946 1482 1008 metuere.
1549 942 1627 1008 ab
1694 943 1819 1010 isto
1884 945 2087 1010 uermi
2152 948 2481 1030 tamquam
2534 966 2571 1012 a
2624 946 2793 1011 tinea

496 1050 936 1130 comeduntur,
992 1050 1100 1133 qui
1150 1049 1268 1115 sub
1317 1050 1456 1116 eius
1505 1050 1691 1116 dente
1740 1053 2109 1136 euangelico
2156 1072 2269 1136 per
2316 1053 2608 1138 singulos
2656 1053 2791 1118 dies
2858 1067 2885 1106 ε

493 1159 880 1242 paucitatem
939 1177 1122 1224 suam
1177 1155 1522 1222 deficiendo
1579 1159 1909 1224 mirantur.
1975 1178 2090 1225 nos
2146 1159 2315 1224 hunc
2370 1179 2791 1245 agnoscamus

499 1270 563 1330 et
623 1284 737 1348 pro
803 1265 1009 1330 salute
1071 1264 1288 1330 diuina
1350 1264 1625 1329 humana
1690 1265 2025 1348 opprobria
2088 1265 2482 1332 sufferamus.
2556 1267 2791 1330 uermis

497 1378 597 1437 est
658 1375 914 1455 propter
975 1371 1408 1436 humilitatem
1465 1372 1692 1446 carnia,
1758 1372 2050 1438 fortassis
2107 1371 2299 1438 etiam
2354 1377 2610 1456 propter
2662 1373 2791 1438 uir·

497 1479 664 1562 ginis
727 1481 1008 1561 partum3
1069 1498 1214 1542 nam
1279 1477 1400 1543 hoc
1465 1478 1699 1543 animal
1750 1479 2126 1561 plerumque
2182 1479 2258 1545 de
2314 1498 2501 1545 carne
2555 1479 2661 1544 uel
2716 1479 2791 1544 de

496 1603 745 1667 quaque
809 1603 876 1648 re
939 1589 1190 1649 terrena
1252 1585 1388 1650 sine
1452 1585 1584 1650 ullo
1651 1584 1995 1650 concubitu
2058 1585 2361 1650 nascitur.
2436 1586 2790 1652 matutinus
2834 1604 2883 1640 ιο

495 1695 615 1768 est,
673 1690 824 1774 quia
869 1689 1152 1756 diluculo
1208 1691 1568 1756 resurrexit.
1626 1694 1879 1774 poterat
1924 1691 2149 1775 utique
2194 1692 2307 1756 illa
2352 1692 2685 1760 cucurbita
2728 1696 2793 1759 et

495 1799 633 1862 sine
689 1797 820 1862 ullo
884 1798 1236 1862 uermiculo
1303 1817 1607 1864 arescere.
1671 1793 1993 1880 postremo
2060 1797 2117 1864 si
2169 1797 2448 1864 habebat
2502 1798 2657 1864 deus
2713 1798 2790 1864 ad

495 1907 616 1971 hoc
670 1922 954 1970 uermem
1009 1905 1460 1982 necessarium,
1519 1905 1674 1988 quid
1720 1924 1881 1988 opus
1930 1908 2064 1970 erat
2110 1905 2336 1970 addere
2382 1906 2789 1984 matutinum,

493 2011 618 2077 nisi
683 2014 760 2075 ut
817 2010 930 2075 ille
987 2011 1222 2077 uermis
1280 2015 1748 2095 agnosceretur,
1807 2011 1917 2094 qui
1972 2015 2187 2078 cantat
2247 2031 2384 2096 pro
2461 2031 2787 2095 suscep·

495 2119 718 2184 tione
783 2119 1217 2182 matutina:
1283 2118 1444 2202 Ego
1511 2121 1777 2184 autem
1844 2137 2013 2183 sum
2097 2119 2399 2184 uermis
2476 2123 2555 2182 et
2636 2139 2783 2185 non
2820 2135 2877 2175 1⁵

497 2225 536 2288 h
556 2244 590 2289 o
607 2245 672 2290 m
691 2229 774 2290 o?

407 2333 490 2398 37
585 2331 755 2412 Quid
800 2331 926 2396 ista
968 2331 1300 2415 prophetia
1343 2333 1470 2396 iam
1517 2331 1661 2414 ipso
1708 2351 1917 2397 rerum
1964 2331 2193 2397 effectu
2232 2333 2297 2396 et
2342 2329 2789 2414 adimpletione

493 2436 815 2504 lucidius?
863 2457 1064 2521 neque
1102 2437 1268 2502 enim
1317 2437 1374 2502 si
1421 2437 1657 2503 inrisus
1698 2443 1797 2504 est
1832 2438 2069 2504 uermis
2107 2439 2253 2516 iste,
2302 2458 2450 2504 cum
2494 2437 2791 2521 penderet

493 2545 558 2609 in
599 2563 804 2624 cruce,
853 2545 1024 2610 sicut
1067 2545 1132 2610 in
1172 2543 1394 2610 eodem
1439 2546 1690 2628 psalmo
1740 2545 2049 2628 scriptum
2088 2550 2217 2610 est:
2264 2545 2558 2611 Locuti
2604 2547 2791 2608 sunt

493 2651 748 2716 labiis
798 2655 876 2716 et
920 2655 1350 2717 mouerunt
1387 2654 1660 2734 caput:
1702 2651 2115 2735 ‘Sperauit
2151 2651 2227 2716 in
2268 2651 2517 2730 deum,
2557 2652 2787 2716 eruat
2822 2669 2879 2710 eo

499 2777 700 2836 eum;
768 2758 1086 2824 saluum
1142 2758 1402 2823 faciat
1457 2777 1649 2834 eum,
1707 2758 2081 2842 quoniam
2136 2758 2321 2825 uult
2378 2764 2594 2835 eum'‚
2643 2775 2786 2822 cum

492 2865 806 2948 completa
853 2868 1024 2942 sunt,
1073 2884 1232 2946 quae
1279 2865 1368 2929 ibi
1417 2865 1751 2948 praedixit:
1801 2864 2215 2930 Foderunt
2260 2883 2536 2930 manus
2575 2881 2784 2928 meas

491 2975 568 3038 et
639 2971 911 3055 pede8‚
985 2971 1719 3036 dinumerauerunt
1784 2972 2048 3037 omnia
2112 2990 2299 3037 ossa
2362 2989 2557 3048 mea3
2622 2969 2782 3054 ipsi

489 3097 680 3143 uero
738 3076 1484 3143 considerauerunt
1530 3081 1606 3142 et
1655 3081 2256 3161 conspexerunt
2301 3097 2439 3154 me,
2490 3077 2780 3142 diuise-

669 3301 736 3356 19
773 3301 860 3358 Ps.
901 3303 990 3366 21,
1028 3301 1169 3356 8—9
1277 3301 1348 3355 22
1387 3301 1475 3358 ΡΒ.
1513 3302 1603 3366 21,
1646 3301 1855 3357 17-19

562 3447 585 3498 1
628 3443 1074 3514 proobprobrium
1120 3443 1169 3498 0
1333 3445 1366 3499 3
1405 3447 1816 3514 per—metuere
1852 3459 1956 3502 om.
1993 3445 2062 3500 H
2218 3446 2255 3499 4
2291 3460 2472 3500 uerme
2510 3445 2628 3500 ΔΕ
2658 3444 2776 3500 edd.

487 3533 652 3588 uerbo
690 3548 796 3594 me,
832 3535 964 3587 m.2
998 3533 1164 3586 uerbo
1202 3530 1362 3586 modo
1404 3531 1457 3586 G
1612 3535 1645 3588 6
1684 3549 1783 3588 nos
1822 3549 1949 3588 uero
1988 3533 2133 3589 hunc
2166 3533 2229 3588 E
2379 3534 2411 3588 7
2448 3534 2686 3588 humana
2716 3533 2778 3586 in

476 3622 598 3692 fine
630 3639 685 3676 u.
723 3637 828 3676 om.
871 3620 923 3676 G
1103 3621 1434 3684 sufferemus,
1473 3637 1613 3680 corr.
1651 3638 1719 3676 m.
1741 3625 1771 3676 1
1808 3621 2129 3677 sufferamus
2163 3622 2239 3677 M
2414 3623 2449 3676 9
2488 3639 2617 3690 non,
2650 3639 2721 3677 m.
2740 3623 2778 3675 2

483 3726 610 3765 nam
639 3713 688 3768 A
792 3709 858 3766 10
897 3725 1236 3780 quacumque
1278 3709 1393 3764 GE
1423 3710 1544 3764 edd.
1658 3727 1714 3766 re
1751 3727 1854 3767 om.
1894 3717 1945 3766 et
1972 3716 2104 3780 post
2139 3716 2355 3765 terrena
2388 3729 2459 3767 m.
2480 3713 2521 3765 2
2556 3710 2777 3766 materia

487 3799 618 3854 add.
661 3798 712 3854 G
891 3799 1206 3852 matutiniss
1241 3799 1343 3864 (εἰσ
1361 3802 1406 3864 l)
1443 3799 1499 3852 A
1682 3800 1745 3853 11
1788 3801 1977 3869 utique
2016 3803 2074 3853 et
2109 3799 2209 3854 illa
2255 3800 2540 3854 cucurbita
2576 3799 2691 3854 sine
2723 3799 2783 3854 E

488 3889 554 3942 12
590 3891 829 3957 postrem
867 3888 970 3952 (sic
991 3891 1032 3955 l)
1074 3887 1122 3940 si
1158 3887 1362 3942 habeat
1395 3889 1452 3942 A
1635 3889 1701 3944 13
1740 3904 1959 3942 uermen
1994 3889 2057 3944 E
2243 3890 2623 3957 necessariam,
2658 3894 2775 3944 m.1

483 3992 620 4030 corr.
659 3977 1020 4032 necessarium
1059 3975 1128 4030 H
1277 3979 1396 4030 erat
1431 3991 1536 4032 om.
1573 3977 1635 4031 E
1769 3979 1837 4032 14
1875 3979 2077 4032 cantat’
2115 3977 2184 4032 H
2316 3978 2380 4032 17
2421 3977 2620 4032 affectu
2654 3975 2783 4030 ME

553 4064 872 4134 impletione
907 4063 1025 4119 HC
1205 4064 1268 4118 18
1307 4062 1540 4132 lucidus,
1579 4081 1717 4120 cor-r.
1756 4083 1826 4120 m.
1849 4069 1881 4120 1
1916 4066 2151 4120 lucidius
2188 4067 2266 4122 M
2421 4083 2599 4136 neque
2637 4067 2775 4122 enim

481 4169 584 4208 om.
624 4153 746 4209 edd.
822 4155 887 4208 19
926 4153 1071 4207 sicut
1097 4153 1158 4207 Ε
1239 4153 1312 4208 20
1337 4153 1394 4207 in
1426 4152 1645 4208 domino
1673 4154 1783 4210 Ao
1814 4170 1914 4210 see.
1954 4155 2114 4224 ναῖς.
2226 4156 2403 4225 eruat]
2444 4155 2643 4226 eripiat
2664 4155 2778 4210 ΔΕ

481 4257 582 4296 ecc.
631 4241 788 4311 ναῖς.
897 4243 967 4296 22
1007 4243 1118 4296 sint
1153 4243 1213 4296 Ε
1315 4243 1386 4296 23
1423 4241 1613 4312 pedes]
1656 4243 1820 4313 pedes
1858 4259 2005 4298 meos
2044 4242 2346 4298 HMAPG
2396 4241 2521 4300 edd.
2550 4249 2776 4313 praeter

483 4345 536 4382 m
572 4344 672 4382 sec.
727 4328 879 4398 Vulq.
923 4329 1204 4399 (Septuay.
1247 4331 1362 4386 cod.
1403 4331 1562 4386 Alex.
1602 4331 1767 4395 πόδας
1806 4337 1927 4403 μου)
