3184 4959
400 1103 427 1140 b

372 1639 425 1678 1⁰

370 2173 423 2211 15

1212 452 1744 521 epistularum
1801 450 2011 506 LXXV.
2627 455 2757 518 293

460 648 607 732 ipsi,
656 648 767 731 qui
812 649 1291 724 accusabantur,
1340 650 1405 712 et
1448 646 1535 722 hi,
1586 647 1698 730 qui
1743 648 2142 724 accusabant,
2193 648 2284 712 ad
2333 648 2756 730 apostolos

464 759 541 821 et
603 757 1135 840 presbyteros
1190 754 1846 836 Hierosolymam
1904 774 2143 838 super
2195 757 2336 820 hac
2402 756 2758 838 quaesti-

467 883 631 942 one,
687 881 1025 945 cumque
1062 861 1722 946 Hierosolymam
1768 864 2334 945 perrexissent
2379 866 2456 928 et
2501 881 2758 927 surre-

465 971 788 1036 xissent
834 969 1163 1053 quidam
1212 970 1303 1034 de
1350 969 1675 1034 haeresi
1721 968 2368 1044 Pharisaeorum,
2417 970 2552 1052 qui
2601 987 2756 1034 cre·

467 1077 847 1142 diderant
890 1076 969 1140 in
1012 1076 1367 1155 Chi-istc,
1416 1076 1824 1142 dicentes:
1875 1075 2222 1162 Oportet
2268 1077 2754 1144 circumcidi

462 1203 597 1250 eos
665 1187 743 1248 et
806 1184 1283 1266 praecipere
1348 1182 1553 1260 illis,
1623 1187 1710 1248 ut
1777 1191 2108 1250 seruent
2163 1187 2422 1268 legem
2469 1183 2752 1265 Moysi,

464 1295 541 1354 et
630 1310 909 1376 magna
1000 1310 1243 1374 super
1332 1290 1479 1355 hoc
1576 1292 1822 1356 uerbo
1909 1293 2268 1356 oriretur
2351 1290 2749 1373 quaestio,

453 1399 755 1463 Petrus
788 1399 981 1463 solita
1006 1399 1335 1462 libertate:
1375 1397 1572 1476 Viri,
1612 1399 1905 1480 inquit,
1939 1401 2264 1478 fratres,
2306 1417 2448 1462 uos
2487 1395 2750 1470 scitis,

462 1505 839 1587 quoniam
888 1505 976 1570 ab
1036 1505 1405 1587 antiquis
1464 1505 1756 1570 diebus
1814 1506 1890 1570 in
1947 1506 2183 1571 nobis
2252 1505 2512 1588 elegit
2557 1503 2750 1567 deus

462 1631 597 1694 per
653 1631 737 1677 os
792 1631 1045 1676 meum
1104 1612 1386 1676 audire
1444 1615 1738 1695 gentes
1795 1614 2127 1678 uerbum
2185 1611 2608 1694 euangelii
2675 1615 2754 1674 et

460 1719 787 1784 credere
864 1723 959 1796 et,
1039 1718 1173 1802 qui
1245 1721 1478 1785 nouit
1550 1720 1816 1798 corda,
1905 1719 2098 1784 deus
2181 1716 2748 1784 testimonium

460 1826 879 1908 perhibuit
950 1826 1141 1891 dans
1206 1827 1388 1891 illis
1466 1827 1856 1909 spiritum
1933 1831 2300 1892 sanetum
2378 1827 2600 1890 sicut
2673 1829 2752 1890 et

458 1933 689 1999 nobis
768 1937 846 1998 et
918 1933 1131 1998 nihil
1207 1933 1608 1999 discreuit
1679 1934 1896 1999 inter
1967 1954 2108 2000 nos
2175 1937 2252 2000 et
2315 1935 2520 1999 illos
2583 1933 2750 1998 fide

457 2040 920 2122 purificans
970 2041 1208 2106 corda
1254 2061 1543 2106 eorum.
1594 2061 1800 2107 nunc
1851 2061 2036 2126 ergo
2087 2042 2280 2124 quid
2319 2042 2748 2124 temptatis

462 2147 689 2212 deum
744 2148 1134 2230 inponere
1189 2147 1472 2233 iugum
1530 2168 1770 2232 super
1835 2149 2235 2214 ceruicem
2304 2149 2749 2228 discipulo·

457 2273 645 2332 rum,
702 2255 911 2336 quod
969 2273 1227 2336 neque
1283 2259 1559 2336 patres
1619 2255 1884 2320 nostri
1940 2275 2194 2338 neque
2241 2275 2377 2320 nos
2423 2259 2748 2339 portare

456 2361 925 2443 potuimus?
1001 2362 1140 2426 sed
1212 2381 1351 2445 per
1426 2364 1776 2446 gratiam
1853 2363 2152 2428 domini
2228 2363 2494 2428 nostri
2560 2363 2746 2427 lesu

460 2467 771 2533 Christi
829 2468 1237 2534 credimus
1298 2471 1632 2548 saluari,
1690 2490 1918 2552 quem
1966 2470 2058 2534 ad
2103 2471 2414 2534 modum
2464 2473 2542 2534 et
2585 2470 2743 2534 illi.

529 2855 555 2906 1
588 2852 933 2914 ausabantur,
970 2859 1096 2908 m.2
1135 2854 1529 2908 accusabantur
1565 2854 1620 2907 Β
1657 2855 1985 2908 accusabant
2020 2853 2128 2908 ΚΒ
2269 2857 2325 2907 et
2361 2854 2419 2908 hi
2459 2856 2552 2924 qui
2591 2871 2744 2908 accu-

452 2942 647 2995 sabant
685 2959 786 2996 om.
824 2942 880 2995 B
1041 2943 1099 2996 hi
1145 2960 1245 2997 om.
1286 2942 1363 2994 Ρ2
1399 2943 1476 2996 hii
1515 2943 1632 2998 KR
1795 2943 2192 2996 accusabantur
2227 2942 2344 2995 ΚΟ
2379 2947 2465 3010 (ur
2500 2947 2662 3008 eras.)
2704 2945 2748 2996 S

523 3031 613 3100 ad]
656 3034 713 3086 et
747 3030 812 3084 K
955 3033 1249 3102 apostolus,
1289 3048 1427 3086 corr.
1466 3037 1585 3086 m.1
1623 3033 1900 3102 apostolos
1939 3031 2071 3084 P¹B
2179 3033 2212 3084 2
2249 3031 2612 3100 hierusolyma
2651 3037 2740 3097 (Ν

450 3139 517 3174 m.
555 3127 619 3174 ut
654 3121 770 3174 uid.
794 3121 855 3190 2)
900 3119 946 3174 Ο
982 3121 1335 3174 hierusolima
1370 3121 1439 3174 K
1472 3121 1527 3174 in
1564 3121 1916 3175 hierusolima
1950 3120 2030 3174 P²
2194 3120 2332 3174 hanc
2371 3121 2744 3188 quaestionem

450 3209 851 3264 HKBOVRG
1090 3211 1121 3263 3
1169 3227 1465 3279 cumquenau
1526 3212 1658 3274 (ras,
1709 3213 1850 3263 1—2
1904 3209 1963 3276 l.)
2009 3210 2084 3262 M
2295 3211 2642 3278 perrexissem
2682 3210 2748 3263 K

520 3301 577 3352 et
638 3299 1017 3367 surrexissent]
1090 3302 1497 3352 exsurrexerunt
1559 3297 2063 3367 HKOVSQROE
2121 3298 2241 3354 edd.
2319 3301 2374 3351 et
2441 3315 2744 3352 exsurrexe-

447 3391 574 3441 runt
638 3390 717 3457 (et
752 3391 893 3457 exp.)
932 3389 1015 3442 Κι
1196 3390 1233 3441 4
1270 3387 1335 3440 de
1374 3387 1580 3441 heresi*
1613 3391 1658 3452 (s
1698 3387 1861 3458 erae.)
1899 3389 1953 3440 Β
1991 3387 2056 3441 de
2095 3387 2312 3441 hereses
2351 3387 2412 3440 H
2571 3389 2743 3442 credi·

446 3476 646 3531 derunt
683 3478 729 3532 S
882 3481 915 3532 5
952 3477 1225 3532 Christum
1264 3477 1383 3530 edd.
1554 3479 1585 3531 6
1629 3493 1719 3530 eos
1758 3477 1856 3540 bis,
1897 3477 2126 3530 alterum
2167 3493 2307 3530 eras.
2345 3476 2421 3528 P1
2564 3477 2740 3544 legem

444 3567 507 3618 in
539 3565 661 3634 fine
704 3583 759 3622 u.
806 3584 927 3630 om.,
976 3583 1042 3619 m.
1071 3572 1102 3619 1
1149 3566 1278 3620 add.
1328 3565 1405 3618 P²
1584 3567 1614 3619 7
1667 3569 1722 3620 et
1768 3581 1885 3618 cum
1927 3583 2125 3635 magna
2171 3565 2749 3634 HKKUVSQRGE

444 3655 565 3709 edd.
773 3661 1015 3709 oreretur
1054 3655 1129 3708 Ρ2
1165 3661 1253 3719 (m.
1277 3659 1317 3708 2
1354 3656 1604 3721 oriretur)
1645 3655 1700 3707 B
1749 3657 1909 3718 (corr.
1951 3656 2200 3721 oriretur)
2421 3655 2454 3708 8
2491 3659 2648 3724 petro
2689 3655 2743 3706 Β

514 3745 711 3810 soluta,
750 3760 886 3798 corr.
924 3762 995 3798 m.
1018 3749 1047 3796 1
1084 3745 1249 3797 solita
1284 3745 1346 3797 K
1356 3745 1367 3778 ¹
1551 3745 1583 3798 9
1634 3745 1791 3811 elegi.
1829 3761 1898 3796 m.
1923 3747 1962 3797 2
2009 3743 2142 3800 add.
2181 3747 2205 3796 t
2241 3744 2297 3797 B
2470 3745 2536 3798 10
2576 3761 2740 3798 euan-

444 3833 574 3902 gelii
612 3834 675 3902 (ii
710 3849 823 3887 ras.
862 3849 931 3888 ex
966 3833 1098 3902 ium)
1144 3833 1190 3888 Ο
1302 3835 1360 3887 11
1406 3838 1464 3887 et
1500 3849 1604 3887 om.
1643 3833 2088 3902 KOVSQRGE
2227 3835 2319 3903 qui
2359 3833 2398 3898 (i
2439 3849 2504 3886 ea:
2539 3849 2652 3886 ras.
2691 3840 2742 3886 et

442 3927 605 3989 cor-r.)
652 3923 697 3976 Ο
874 3923 1031 3976 nobit
1062 3924 1127 3976 H
1156 3923 1315 3976 nobis
1354 3923 1419 3976 K
1593 3925 1657 3976 12
1696 3923 1794 3989 illi,
1832 3941 1898 3976 m.
1934 3927 1972 3976 2
2007 3924 2120 3976 illis
2158 3923 2286 3976 ΒΜ
2459 3925 2522 3976 13
2561 3923 2738 3991 nobis]

441 4029 539 4065 nos
578 4012 647 4066 K
784 4011 914 4066 fidei
960 4012 1009 4063 V
1154 4013 1219 4065 14
1256 4013 1473 4065 illorum
1510 4011 2168 4080 HP²KK¹0VSQRGE
2201 4011 2320 4065 edd.
2468 4029 2597 4080 ergo
2635 4028 2736 4064 om-

452 4101 557 4154 VO
588 4105 766 4154 autem
811 4101 1284 4170 HKK¹OSQRE
1320 4103 1439 4154 edd.
1588 4102 1900 4170 temptastis
1929 4101 2051 4154 KV
2174 4102 2238 4156 15
2278 4101 2398 4154 (lum
2429 4101 2482 4152 B
2627 4117 2736 4154 cer-

441 4191 587 4244 uices
623 4189 821 4244 HP²B
1001 4191 1409 4260 discipulorum]
1449 4191 1664 4243 illorum
1702 4191 1756 4244 B
1875 4192 1936 4243 17
1975 4193 2233 4259 potumus
2283 4191 2334 4241 V
2485 4207 2579 4259 per
2615 4206 2735 4245 om..

440 4296 509 4332 m.
532 4283 571 4331 2
608 4279 739 4334 add.
778 4280 851 4333 M
1008 4280 1181 4332 nostri
1218 4296 1321 4336 om.
1360 4279 1437 4331 P-'
1585 4279 1649 4332 18
1691 4277 2014 4332 credidimus
2052 4279 2275 4331 ΡῙΜΡ3
2313 4279 2390 4346 (di
2428 4295 2546 4348 emp.
2585 4295 2652 4333 m.
2675 4281 2735 4343 2)

512 4368 773 4422 saluatori
810 4369 883 4422 Ρ1
1029 4369 1140 4432 illc,
1180 4385 1317 4422 corr.
1358 4387 1423 4422 m.
1449 4373 1477 4421 1
1513 4368 1599 4422 illi
1635 4367 1717 4421 Ρ2
