3184 4959
163 873 211 934 2

293 1107 320 1146 ὁ

263 1639 320 1679 10

263 2174 314 2213 15

1007 463 1535 532 epistularum
1590 461 1761 517 LXII.
1818 462 2014 516 LXIII.
2542 468 2671 532 227

357 661 630 724 nutaret.
699 678 844 724 ecce
910 659 1116 724 adbuc
1185 660 1389 738 doleo,
1457 659 1751 742 quamuis
1818 659 1945 724 iam
1984 660 2090 724 ‘ad
2146 663 2209 724 te
2266 661 2543 739 redierit,
2600 661 2663 725 in

357 783 482 848 quo
530 783 648 830 nos
695 767 843 829 tuae
889 765 1210 831 uoluntati
1255 767 1546 848 paruisse
1593 785 1719 830 non
1764 767 2066 849 paenitet.

446 870 614 936 Audi
673 872 882 948 etiam,
943 871 1096 955 quid
1153 873 1564 958 obiurgando,
1625 871 1779 956 quid
1830 871 2170 952 menende,
2230 871 2383 956 quid
2429 873 2661 939 orando

361 977 810 1044 correxerimus
877 983 940 1042 et
1005 983 1168 1056 ante,
1217 999 1405 1062 quam
1474 979 1620 1043 hinc
1686 983 1859 1044 esset
1920 978 2267 1061 profectuS,
2324 999 2401 1044 ne
2458 979 2665 1044 adhuc

359 1085 480 1150 tibi
526 1089 858 1168 propterea
913 1086 1210 1150 uideatur
1265 1085 1423 1150 nihil
1481 1105 1516 1149 a
1569 1085 1757 1150 nobis
1812 1089 1963 1150 tunc
2018 1085 2221 1150 fuisse
2286 1089 2661 1164 correctum,

359 1193 510 1276 quia
572 1192 851 1256 nondum
915 1191 994 1258 ad
1058 1211 1176 1257 uos
1240 1193 1380 1274 ipse
1444 1193 1734 1258 redierat.
1811 1191 2201 1276 obiurgando
2280 1193 2663 1258 correximus

357 1299 561 1380 primo
607 1299 842 1382 ipsum,
891 1299 998 1381 qui
1045 1298 1164 1362 tibi
1219 1319 1341 1365 non
1400 1298 1881 1381 obtemperauit,
1940 1301 2013 1362 ut
2058 1297 2419 1363 inconsulto
2467 1297 2659 1362 fratre

360 1405 744 1470 Carcedonio
811 1404 888 1470 ad
952 1409 1128 1470 tuam
1197 1405 1601 1470 sanctitatem
1668 1408 1809 1470 ante
1882 1405 2409 1486 proficisceretur,
2494 1404 2662 1468 unde

358 1511 534 1596 origo
601 1513 794 1578 huius
859 1518 1110 1578 nostrae
1167 1513 1599 1578 tribulationis
1660 1515 1872 1578 exorta
1927 1513 2053 1588 est3
2122 1511 2344 1577 deinde
2404 1512 2661 1595 presby·

356 1623 566 1684 terum
633 1622 698 1684 et
753 1619 1080 1698 Vei-inum,
1145 1639 1257 1702 per
1323 1639 1504 1704 quos,
1571 1623 1647 1684 ut
1712 1619 2123 1696 ordinaretur,
2200 1620 2441 1684 factum
2518 1637 2659 1682 esse

357 1726 802 1809 comperimus,
851 1745 999 1792 cum
1047 1728 1212 1792 enim
1254 1747 1471 1792 omnes
1511 1726 1999 1810 obiurgantibus
2036 1727 2219 1791 nobis
2258 1727 2412 1791 haec
2451 1725 2661 1790 omnia

355 1851 478 1898 non
537 1836 708 1898 recte
761 1834 934 1898 facta
993 1853 1130 1899 esse
1191 1835 1464 1899 confessi
1521 1838 1675 1898 sunt
1730 1836 1815 1910 et,
1872 1837 1947 1898 ut
2010 1833 2133 1898 sibi
2197 1835 2655 1918 ignosceretur,

353 1941 760 2024 rogauerunt,
809 1940 998 2004 nimis
1048 1941 1336 2022 superbe,
1387 1940 1442 2005 si
1489 1959 1613 2004 non
1662 1940 2061 2005 crederemus
2119 1959 2258 2004 esse
2317 1943 2655 2004 correctos.

355 2065 560 2129 neque
607 2046 774 2111 enim
823 2065 1006 2131 agere
1054 2051 1365 2130 poterant,
1415 2051 1488 2112 ut
1533 2047 1703 2112 facta
1750 2067 1873 2112 non
1922 2049 2163 2123 essent;
2216 2046 2328 2112 sed
2378 2065 2489 2112 nec
2538 2065 2651 2112 nos

355 2153 532 2217 aliud
579 2153 970 2236 obiurgando
1021 2153 1386 2238 agebamus,
1435 2154 1558 2218 nisi
1608 2157 1682 2218 ut
1728 2173 1797 2218 se
1842 2153 2005 2218 male
2056 2153 2267 2238 egisse
2313 2171 2655 2237 cognosce-

351 2264 493 2324 rent
557 2267 622 2324 et
686 2260 987 2325 dolerent.
1053 2261 1366 2326 monendo
1433 2265 1645 2326 autem
1710 2261 2091 2326 correximus
2148 2261 2350 2343 primo
2410 2279 2651 2336 omneS,

353 2369 428 2430 ut
493 2367 789 2450 deinceps
855 2367 1010 2430 talia
1075 2387 1198 2432 non
1265 2367 1586 2446 auderent,
1654 2387 1731 2432 ne
1798 2367 1953 2432 iram
2022 2367 2125 2432 dei
2200 2365 2650 2450 experirentur,

353 2472 580 2538 deinde
651 2473 987 2556 praecipue
1063 2472 1491 2552 Timotheum,
1569 2474 1679 2557 qui
1750 2474 1889 2539 sola
1958 2474 2269 2538 iuratione
2356 2493 2421 2536 se
2507 2472 2648 2555 cogi

351 2579 606 2644 dicebat
651 2579 730 2644 ad
775 2583 954 2644 tuam
1000 2598 1261 2664 pergere
1311 2581 1661 2657 caritatem,
1710 2583 1803 2656 ut,
1854 2580 1911 2644 si
1958 2579 2261 2644 sanctitas
2308 2583 2439 2658 tua,
2480 2578 2648 2660 quod

351 2685 484 2750 fore
551 2686 981 2768 sperabamus,
1049 2685 1473 2764 considerans,
1542 2706 1703 2770 quae
1778 2685 1971 2751 simul
2043 2686 2243 2750 locuti
2316 2685 2647 2764 fuerimuS,

348 2795 608 2876 propter
658 2793 1048 2856 infirmorum
1105 2792 1494 2872 scandalum,
1551 2813 1663 2876 pro
1722 2791 1954 2875 quibus
2004 2791 2295 2858 Christus
2354 2795 2646 2857 mortuus

350 2902 470 2976 est,
529 2903 594 2962 et
645 2902 904 2982 propter
958 2898 1264 2964 ecclesiae
1322 2899 1743 2980 disciplinam,
1796 2918 1983 2982 quam
2030 2898 2386 2982 periculose
2434 2899 2645 2982 negle-

349 3009 530 3090 gunt,
580 3006 875 3088 quoniam
923 3004 1027 3070 hic
1073 3006 1201 3070 iam
1246 3005 1451 3070 lector
1495 3025 1637 3070 esse
1686 3010 1997 3090 coeperat,
2048 3005 2253 3070 nolles
2301 3025 2444 3070 eum
2503 3023 2643 3070 esse

347 3117 585 3189 tecum,
640 3113 770 3178 iam
825 3112 986 3178 liber
1039 3133 1074 3178 a
1133 3113 1394 3180 uinculo
1451 3113 1785 3178 iurationis
1834 3112 2219 3195 aequissimo
2270 3113 2476 3177 animo
2527 3112 2641 3178 deo

346 3219 634 3297 seruiret‚
703 3221 806 3286 cui
873 3239 1097 3286 sumus
1163 3221 1468 3286 rationem
1545 3223 1905 3284 nostrorum
1980 3223 2239 3284 actuum
2314 3219 2640 3284 reddituri.

341 3327 558 3410 ipsum
651 3346 902 3410 quoque
994 3326 1250 3392 fratrem
1339 3326 1817 3400 carcedonium,
1902 3329 2209 3409 quantum
2290 3326 2641 3408 potuimus,

341 3433 656 3499 monendo
721 3434 800 3498 ad
864 3434 982 3500 hoc
1045 3433 1558 3516 perduxeramus,
1617 3437 1690 3497 ut
1746 3432 1939 3498 etiam
1992 3432 2130 3515 ipse
2176 3431 2642 3515 patientissime

343 3541 676 3622 acciperet,
757 3540 1058 3622 quicquid
1133 3540 1207 3605 de
1272 3541 1383 3605 illo
1452 3540 1584 3604 fieri
1652 3539 2115 3605 conseruandae
2174 3538 2639 3603 ecclesiasticae

344 3647 718 3730 disciplinae
770 3647 1044 3730 prouisio
1096 3650 1160 3710 et
1204 3647 1554 3712 necessitas
1593 3649 1869 3730 cogeret.
1918 3643 2149 3710 orando
2189 3648 2401 3709 autem
2443 3663 2639 3708 corre-

253 3777 308 3818 so
340 3773 630 3819 xeramus
679 3773 792 3819 nos
840 3753 1035 3838 ipsoS,
1084 3758 1158 3818 ut
1205 3757 1270 3818 et
1314 3753 1807 3837 gubernationes
1856 3757 1919 3819 et
1965 3753 2169 3818 exitus
2229 3751 2638 3817 consiliorum

407 4018 440 4070 5
479 4017 771 4085 propterea
807 4013 1059 4068 uideatur
1094 4013 1198 4068 tibi
1233 4013 1284 4067 T
1318 4013 1438 4068 edd.
1549 4015 1580 4068 6
1614 4013 1741 4082 quia
1768 4012 2005 4067 nondum
2036 4013 2137 4076 bis,
2168 4011 2403 4066 alterum
2432 4028 2550 4080 exp.
2578 4011 2636 4066 R

337 4105 370 4158 9
405 4106 566 4160 huius
606 4121 710 4161 om.
755 4103 808 4158 T
987 4103 1052 4158 13
1091 4103 1342 4173 superbe]
1385 4103 1616 4173 superbe
1654 4118 1934 4172 ageremus
1973 4103 2093 4156 edd.
2258 4102 2305 4154 si
2344 4101 2387 4169 (i
2422 4102 2485 4154 in
2520 4115 2634 4154 ras,

335 4209 402 4250 m.
423 4201 479 4260 1,·
515 4195 704 4262 fuitne
741 4191 870 4260 ed?)
909 4193 967 4248 R
1089 4193 1154 4247 16
1195 4191 1271 4260 et]
1313 4195 1376 4244 ut
1421 4190 1531 4246 VU
1638 4193 1704 4246 19
1742 4196 1839 4246 tua
1876 4207 1978 4250 om.
2016 4191 2081 4244 H
2188 4191 2257 4244 20
2295 4190 2435 4244 forte
2475 4189 2631 4242 codd.

333 4285 402 4337 22
439 4282 683 4355 periculo
723 4297 796 4344 se,
837 4297 974 4336 corr.
1015 4280 1314 4351 periculose
1359 4279 1408 4334 Τ
1542 4282 1611 4336 23
1650 4280 1821 4334 lector
1856 4281 1919 4334 in
1954 4279 2065 4347 fine
2100 4297 2155 4334 u.
2197 4295 2297 4335 om.
2346 4278 2396 4332 T
2534 4295 2633 4332 no·

331 4372 448 4427 lens
489 4371 600 4428 VU
708 4372 777 4426 30
813 4375 1118 4425 nostrorum
1161 4369 1506 4424 consiliorum
1546 4370 1667 4423 edd.

2458 4473 2559 4526 15*
