3184 4959
172 2564 258 2626 28

269 1628 318 1663 10

265 2152 319 2193 16

263 2688 314 2727 20

1090 448 1623 519 epistularum
1681 448 1923 503 CXVIII.
2521 452 2644 516 691

354 664 603 729 corpus,
632 644 800 709 unde
827 644 1040 727 imago
1069 643 1312 720 flueret,
1345 645 1576 725 quanto
1608 642 1877 707 solidius
1908 647 2025 720 est,
2054 646 2481 725 praestantius
2510 665 2649 711 esse

350 753 694 818 iudicetur!
743 751 1014 833 ideoque
1051 750 1393 815 fluctuauit
1429 749 1588 825 ciue,
1638 749 1809 814 sicut
1844 750 1954 814 isti
1994 749 2229 829 dicunt,
2272 753 2650 835 nutauitque

352 860 688 936 sententia,
753 860 830 922 ut
892 856 1226 939 aliquando
1292 860 1582 921 naturam
1656 856 1989 940 quandam,
2058 856 2133 921 de
2199 877 2323 941 qua
2384 859 2653 925 fluerent

352 965 681 1050 imagines,
740 964 926 1029 deum
984 984 1124 1029 esse
1181 960 1438 1042 diceret,
1496 964 1607 1047 qui
1662 966 1873 1028 tamen
1931 964 2198 1049 cogitari
2252 984 2375 1030 non
2430 970 2650 1049 posset

353 1074 477 1138 nisi
531 1092 643 1156 per
688 1090 793 1135 eas
849 1070 1182 1155 imagineS,
1233 1090 1389 1153 quas
1446 1070 1657 1135 fundit
1705 1088 1777 1135 ac
1830 1070 2051 1148 mittit,
2108 1071 2175 1134 id
2221 1074 2320 1137 est
2367 1092 2525 1155 quae
2573 1074 2651 1138 de

351 1180 462 1243 illa
517 1182 763 1257 natura,
812 1197 1002 1259 quam
1047 1177 1262 1243 nescio
1312 1196 1502 1260 quam
1550 1196 1911 1260 corpoream
1959 1181 2025 1241 et
2080 1179 2531 1262 sempiternam
2576 1200 2650 1244 ac

350 1305 463 1370 per
498 1287 618 1350 hoc
657 1286 850 1350 etiam
889 1284 1172 1349 diuinam
1219 1286 1426 1366 putat,
1477 1284 1659 1366 quasi
1697 1283 1956 1366 uaporis
1996 1284 2415 1349 similitudine
2454 1286 2651 1351 conti-

353 1412 478 1457 nua
539 1394 721 1458 uelut
786 1390 1179 1457 emanatione
1243 1391 1556 1455 ferrentur
1612 1393 1679 1455 et
1739 1390 2029 1455 uenirent
2092 1394 2281 1474 atque
2344 1392 2653 1457 intrarent

352 1500 414 1564 in
478 1499 721 1565 animos
795 1503 1068 1575 nostros,
1143 1499 1218 1561 ut
1283 1498 1470 1562 deum
1546 1497 1654 1563 uel
1720 1497 1870 1561 deos
1938 1497 2217 1581 cogitare
2290 1517 2645 1581 possemus,

353 1606 590 1671 nullam
657 1606 824 1669 enim
899 1606 1086 1669 aliam
1161 1624 1418 1671 causam
1493 1604 1839 1670 cuiuslibet
1912 1605 2319 1689 cogitationis
2394 1610 2649 1672 nostrae

354 1712 687 1795 opinantur
739 1712 870 1789 isti,
929 1712 1052 1775 nisi
1111 1731 1255 1777 cum
1315 1712 1390 1777 ab
1447 1712 1548 1776 his
1607 1712 1997 1793 corporibus,
2054 1730 2215 1793 quae
2264 1713 2647 1797 cogitamus,

352 1818 619 1883 ueniunt
664 1820 855 1901 atque
901 1820 1136 1883 intrant
1179 1819 1492 1902 imagines
1548 1818 1611 1883 in
1672 1818 1913 1883 animos
1972 1819 2245 1895 nostros,
2296 1821 2478 1903 quasi
2524 1840 2645 1885 non

353 1926 560 1991 multa
615 1944 687 1989 ac
741 1943 934 2009 prope
991 1925 1476 1990 innumerabilia
1523 1925 1881 2009 cogitentur
1933 1925 2408 2007 incorporaliter
2460 1931 2649 2009 atque

351 2031 856 2115 intellegibiliter
911 2031 988 2095 ab
1037 2032 1151 2107 eis,
1201 2032 1310 2114 qui
1355 2032 1512 2097 talia
1558 2031 1837 2117 cogitare
1892 2034 2227 2111 nonerunt,
2286 2033 2457 2098 sicut
2509 2034 2649 2116 ipsa

356 2136 662 2220 sapientia
717 2141 782 2203 et
842 2139 1100 2203 ueritaS.
1169 2135 1356 2221 quam
1425 2138 1480 2203 si
1535 2138 1647 2203 isti
1703 2158 1823 2203 non
1884 2140 2187 2223 cogitant,
2254 2139 2465 2216 miror,
2523 2160 2646 2223 quo

353 2244 538 2310 modo
588 2244 663 2309 de
718 2245 832 2309 illa
881 2249 1227 2328 utcumque
1275 2245 1629 2327 disputent3
1691 2244 1747 2308 si
1794 2248 2007 2309 autem
2056 2244 2358 2329 cogitant,
2414 2246 2646 2311 uellem

352 2351 510 2415 mihi
547 2351 842 2431 dicerent,
889 2352 998 2417 uel
1037 2352 1113 2416 de
1151 2372 1274 2435 quo
1315 2371 1570 2435 corpore
1619 2352 1727 2415 uel
1774 2351 1981 2433 qualis
2026 2351 2091 2415 in
2140 2370 2357 2417 eorum
2404 2353 2647 2417 animos

353 2458 568 2523 ueniat
611 2459 820 2542 imago
869 2458 1180 2523 ueritatis

441 2564 842 2647 Quamquam
907 2565 1312 2631 Democritus
1379 2564 1570 2630 etiam
1637 2566 1757 2630 hoc
1823 2564 2057 2629 distare
2120 2564 2185 2629 in
2253 2566 2648 2632 naturalibus

354 2672 832 2754 quaestionibus
881 2672 957 2736 ab
1004 2672 1278 2755 Epicuro
1329 2670 1580 2750 dicitur,
1630 2671 1799 2754 quod
1844 2672 1967 2735 iste
2014 2672 2213 2737 sentit
2256 2672 2465 2737 inesse
2504 2690 2647 2737 con-

353 2778 630 2843 cursioni
669 2781 1027 2843 atomorum
1065 2779 1198 2843 uim
1239 2777 1553 2860 quandam
1602 2778 1940 2843 animalem
1980 2780 2045 2843 et
2089 2778 2475 2862 spirabilem,
2523 2796 2649 2859 qua

351 2885 418 2948 ui
467 2904 609 2949 eum
658 2885 843 2950 credo
895 2888 958 2949 et
1003 2884 1358 2969 ‘imagines’
1401 2886 1574 2967 ipsas
1622 2883 1976 2949 ‘diuinitate
2030 2885 2371 2968 praeditas’
2416 2885 2643 2959 dicere,

351 3008 474 3054 non
523 3010 741 3055 omnes
801 2992 1083 3057 omnium
1139 3010 1348 3055 rerum
1408 2991 1519 3056 sed
1567 2991 1851 3071 deorum,
1910 2994 1975 3056 et
2020 2992 2350 3075 ‘principia
2392 2991 2647 3055 mentis’

527 3252 560 3304 2
601 3251 665 3305 cf.
707 3250 814 3307 Cic.
856 3250 922 3305 de
959 3255 1070 3306 nat.
1111 3251 1161 3305 d.
1199 3250 1227 3303 I
1267 3252 1351 3314 12,
1399 3252 1495 3313 29;
1533 3252 1623 3315 43,
1664 3252 1766 3307 120
1912 3252 1975 3305 21
2020 3250 2085 3307 cf.
2126 3250 2237 3309 Cic.
2276 3251 2341 3305 de
2378 3254 2488 3305 nat.
2528 3250 2579 3305 d.
2618 3251 2644 3305 1

348 3342 435 3405 43,
478 3341 579 3395 120

424 3465 447 3517 1
492 3464 704 3533 quando
734 3464 789 3517 A
933 3465 1406 3533 praestantiusque
1434 3464 1489 3517 P
1507 3481 1544 3518 a
1566 3466 1935 3534 praestantius
1974 3480 2185 3534 quoque
2206 3481 2234 3517 e
2241 3464 2287 3531 f
2304 3465 2463 3517 tanto
2489 3480 2642 3534 prae-

349 3553 584 3606 stantius
624 3569 836 3622 quoque
877 3552 1014 3606 lrm
1122 3554 1154 3605 2
1191 3552 1424 3623 ideoque
1465 3558 1590 3622 (que
1627 3570 1669 3608 a.
1708 3570 1763 3607 u.
1801 3570 1869 3605 m.
1899 3559 1963 3607 ut
1996 3552 2115 3606 uid.
2154 3554 2215 3624 2)
2252 3552 2327 3606 P¹
2470 3558 2645 3607 muta-

348 3642 536 3710 uitque
573 3642 628 3694 A
734 3643 769 3694 4
808 3640 898 3694 dni
935 3644 988 3695 A
1135 3641 1378 3695 dicerent
1413 3642 1532 3695 RV
1684 3658 1821 3711 quae
1859 3641 1914 3694 A
1951 3642 2080 3711 quia
2124 3640 2177 3695 V
2314 3640 2554 3711 cogitare
2591 3643 2644 3694 A

348 3732 380 3783 5
420 3730 626 3784 emittit
662 3730 715 3783 P
749 3729 896 3795 edd.;
934 3731 1004 3797 cs.
1051 3730 1158 3785 Cic.
1200 3730 1265 3784 de
1300 3736 1419 3785 nat.
1459 3731 1509 3784 d.
1548 3730 1593 3784 I
1622 3734 1694 3785 12
1730 3733 1811 3784 29
1918 3730 1951 3783 6
1981 3747 2071 3783 *ac
2096 3730 2170 3783 M
2276 3730 2306 3783 7
2348 3730 2510 3783 etiarn
2549 3747 2645 3800 per

347 3820 450 3873 hoc
487 3818 607 3873 edd.
753 3818 1165 3874 similitudinem
1205 3820 1360 3874 codd.
1401 3838 1438 3873 a
1572 3820 1605 3873 8
1646 3819 1990 3880 ambititione,
2029 3836 2098 3872 m.
2120 3824 2159 3873 ,2
2196 3820 2537 3873 emanatione
2574 3820 2648 3872 M

352 3909 416 3963 10
455 3908 834 3977 cogitationes»,
870 3926 936 3962 m.
957 3912 997 3961 2
1035 3908 1384 3978 cogitationis
1418 3909 1494 3963 Μ
1708 3909 1773 3964 12
1811 3910 2037 3963 ueniant
2074 3912 2238 3977 atque
2274 3909 2485 3961 intrant
2518 3908 2643 3962 MA

347 3998 572 4051 ueniant
601 4002 771 4067 ‘atque
807 3998 1016 4051 intrent
1050 3998 1106 4052 R
1255 4000 1321 4051 14
1356 3998 1442 4050 his
1481 3999 1534 4051 A
1684 3999 1748 4051 16
1785 4000 2075 4066 utrumque
2121 3996 2165 4047 V
2316 3998 2379 4051 17
2420 3996 2639 4056 diceret,

349 4102 486 4141 corr.
521 4104 590 4143 m.
612 4089 642 4138 1
679 4085 921 4140 dicerent
956 4086 1031 4139 M
1136 4102 1357 4155 corpora
1395 4088 1451 4139 A
1562 4087 1628 4140 18
1665 4086 1891 4140 ueniant
1926 4086 2000 4139 M
2102 4086 2167 4139 21
2212 4088 2267 4139 et
2303 4085 2637 4155 spirabilem]

347 4163 485 4229 A'LB
534 4172 788 4245 spirabile
837 4178 894 4227 et
941 4175 1186 4244 spiritale
1222 4174 1297 4228 M
1329 4166 1468 4229 AIB
1516 4175 1763 4244 spiritale
1804 4178 1861 4228 et
1897 4174 2143 4244 spiritale
2180 4174 2341 4241 (sicli
2380 4173 2434 4225 A
2471 4174 2637 4242 spira-

347 4264 510 4317 bilem
549 4266 607 4316 et
633 4262 968 4333 spiritualem
997 4264 1056 4318 R
1085 4266 1140 4316 et
1168 4264 1465 4333 spiritalem
1491 4262 1685 4316 PP¹V
1707 4262 1828 4318 edd.
1859 4268 2085 4332 praeter
2102 4279 2179 4325 πὶ,-
2222 4262 2293 4329 cf.
2332 4260 2443 4315 Cic.
2480 4260 2639 4314 Tuae.

348 4354 486 4422 disp.
526 4353 567 4406 I
597 4354 685 4417 18,
730 4355 833 4419 42;
867 4356 956 4418 17,
1000 4356 1080 4407 40
1115 4353 1182 4406 de
1216 4358 1336 4407 nat.
1376 4353 1427 4408 d.
1466 4352 1545 4406 II
1580 4356 1675 4420 36,
1720 4355 1787 4405 91

2461 4453 2565 4509 44*
