3184 4959
495 435 581 496 90
1209 429 1262 483 S.
1318 430 1597 484 Aureli
1648 431 2083 500 Augustini

496 627 824 692 confessos
892 628 1007 692 deo
1077 627 1422 704 dimiserat,
1493 627 1819 692 damnaret
1874 628 2133 693 crimine
2190 629 2573 698 traditionis,
2632 647 2789 710 quos

497 733 791 798 absentes
840 734 1008 817 apud
1055 753 1201 798 eum
1247 753 1430 799 nemo
1473 737 1857 800 conuicerat.
1904 739 2078 800 tanto
2117 737 2323 820 magis
2364 738 2530 800 enim
2569 736 2791 800 timere

498 839 739 918 debuit,
814 859 890 904 ne
966 859 1086 924 pax
1157 843 1424 907 unitatis
1496 843 1866 921 uiolaretur,
1942 847 2175 926 quanto
2260 849 2395 908 erat
2478 843 2789 926 Carthago

497 947 731 1013 ciuitas
793 950 1004 1031 ampla
1049 955 1114 1013 01
1157 950 1471 1026 101031113,
1520 950 1686 1015 unde
1738 969 1805 1014 se
1851 969 1962 1033 per
2007 953 2215 1015 totum
2265 951 2517 1015 Africae
2566 969 2791 1032 corpus

495 1057 759 1131 malum,
809 1057 976 1138 quod
1019 1057 1110 1121 ibi
1151 1059 1325 1122 esset
1362 1061 1667 1134 exortum,
1708 1061 2034 1140 tamquam
2074 1076 2110 1120 a
2145 1058 2383 1122 uertice
2424 1057 2791 1122 effunderet.
2854 1079 2882 1118 ⁵

499 1167 636 1229 erat
682 1165 874 1228 etiam
921 1165 1358 1229 transmarinis
1405 1164 1617 1229 uicina
1660 1165 2027 1248 regionibns
2076 1167 2141 1230 et
2187 1165 2353 1228 fama
2390 1164 2795 1229 celeberrima

497 1271 753 1338 nobilis,
811 1271 976 1336 unde
1033 1291 1156 1335 non
1209 1271 1546 1337 mediocris
1603 1272 1825 1354 utique
1882 1272 2284 1337 auctoritatis
2340 1271 2616 1336 habebat
2669 1271 2794 1352 epi-

501 1398 788 1462 scopum,
856 1379 966 1460 qui
1027 1382 1249 1460 posset
1311 1399 1431 1442 non
1497 1396 1711 1442 curare
1778 1379 2243 1460 conspirantem
2308 1377 2795 1442 multitudinem

500 1485 922 1564 inimicorum,
991 1505 1136 1549 cum
1202 1505 1270 1550 se
1335 1485 1584 1550 uideret
1648 1489 1712 1549 et
1774 1485 2091 1550 Romanae
2158 1484 2487 1562 ecclesiae,
2548 1485 2611 1548 in
2677 1504 2799 1567 qua

501 1612 754 1675 semper
829 1593 1217 1674 apostolicae
1297 1593 1628 1657 cathedrae
1694 1593 1903 1676 uiguit
1967 1593 2379 1676 principatus,
2442 1595 2507 1656 et
2572 1591 2795 1656 ceteris
2838 1613 2893 1651 ιο

501 1700 711 1774 101113,
761 1699 928 1763 00110
975 1700 1379 1784 euangelium
1429 1699 1506 1764 ad
1552 1700 1758 1784 ipsam
1804 1699 2083 1764 Africam
2131 1699 2332 1776 uenit,
2370 1717 2483 1780 per
2520 1716 2799 1763 commu-

501 1806 840 1871 nicatorias
887 1805 1134 1871 litteras
1184 1826 1324 1872 esse
1369 1807 1803 1881 coniunctum,
1850 1807 1962 1871 ubi
1998 1810 2293 1889 paratum
2332 1809 2507 1871 esset
2543 1824 2799 1870 causam

505 1933 688 1978 suam
742 1913 970 1990 dicere,
1029 1913 1082 1976 si
1140 1911 1485 1978 aduersarii
1543 1913 1680 1978 eius
1738 1913 1813 1978 ab
1864 1933 1935 1978 eo
1984 1913 2127 1977 illas
2179 1913 2482 1978 ecclesias
2530 1911 2800 1976 alienare

502 2023 893 2085 conarentur.
953 2020 1102 2101 quia
1147 2039 1295 2102 ergo
1346 2020 1558 2084 uenire
1606 2020 1812 2084 noluit
1858 2019 1936 2084 ad
1983 2020 2337 2103 hospitium
2384 2021 2794 2102 collegarum,

504 2145 666 2208 quos
715 2147 751 2190 0
797 2126 934 2191 3013
981 2127 1256 2191 inimicis
1305 2131 1524 2192 contra
1579 2128 1917 2192 ueritatem
1974 2147 2125 2191 3000
2183 2146 2411 2192 causae
2467 2143 2799 2208 peruersos
2840 2145 2893 2184 15

507 2253 648 2297 esse
707 2233 1022 2297 sentiebat
1067 2234 1180 2298 uel
1239 2233 1687 2315 suspicabatur
1740 2235 1867 2315 uel,
1923 2237 1997 2298 ut
2050 2234 2178 2317 ipsi
2227 2229 2547 2308 adserunt,
2606 2231 2800 2296 simu-

503 2339 699 2418 labat,
771 2344 951 2404 tanto
1025 2341 1234 2424 magis
1311 2340 1660 2416 Secundus,
1738 2342 1791 2406 si
1870 2361 2054 2406 uerae
2127 2339 2302 2423 pacis
2378 2343 2596 2404 custos
2662 2357 2803 2402 esse

505 2447 844 2524 uoluisset,
896 2465 1118 2512 cauere
1169 2448 1409 2526 debuit,
1456 2469 1532 2512 ne
1581 2448 2028 2512 damnarentur
2064 2447 2377 2528 absenteS‚
2421 2445 2530 2528 qui
2568 2444 2800 2509 iudicio

508 2573 724 2620 eorum
774 2556 1026 2620 omnino
1073 2555 1386 2620 interesse
1433 2556 1792 2620 noluerunt.
1842 2573 2044 2636 neque
2092 2554 2261 2617 enim
2301 2553 2377 2617 de
2415 2551 2802 2635 presbyteris

513 2663 626 2724 aut
699 2661 980 2725 diaconis
1046 2665 1158 2724 aut
1219 2661 1536 2726 inferioris
1605 2660 1839 2725 ordinis
1907 2659 2151 2724 clericis
2220 2660 2330 2724 sed
2396 2659 2473 2722 de
2538 2657 2803 2741 collegis
2842 2677 2899 2719 ao

510 2767 836 2850 agebatur,
895 2769 1004 2852 qui
1058 2771 1320 2850 possent
1377 2768 1644 2832 aliorum
1704 2767 2093 2852 collegarum
2148 2765 2387 2831 iudicio
2433 2765 2803 2847 praesertim

511 2874 1002 2954 apostolicarum
1069 2875 1482 2940 ecclesiarum
1540 2893 1801 2938 causam
1858 2891 2038 2938 suam
2092 2873 2407 2957 integram
2460 2888 2801 2946 reseruare,

512 2980 620 3043 ubi
695 2985 914 3045 contra
987 2999 1094 3045 eos
1172 2981 1519 3046 sententiae
1594 2980 1799 3045 dictae
1872 2980 1933 3044 in
2009 2979 2302 3044 absentes
2368 2977 2542 3043 nullo
2612 2975 2801 3042 modo

512 3085 751 3168 aliquid
809 3088 1114 3162 ualerent,
1175 3087 1418 3169 quando
1476 3106 1693 3153 eorum
1748 3087 2060 3151 iudicium
2116 3105 2237 3151 non
2294 3086 2499 3169 primo
2564 3084 2805 3149 aditum

512 3195 738 3275 postea
783 3194 1214 3272 deseruerunt,
1264 3193 1377 3258 sed
1423 3199 1794 3276 suspectum
1842 3211 2088 3276 semper
2134 3193 2424 3258 habitum
2461 3209 2807 3273 numquam
2846 3211 2901 3252 85

517 3299 687 3365 adire
734 3301 1095 3366 uoluerunt.

429 3402 470 3465 8
606 3407 784 3472 Haec
839 3426 938 3472 res
992 3407 1262 3472 maxime
1329 3407 1675 3472 sollicitare
1746 3405 1967 3471 debuit
2030 3404 2416 3483 Secundum,
2482 3404 2591 3487 qui
2652 3407 2806 3468 tunc

515 3518 651 3579 erat
703 3515 960 3597 primas,
1019 3515 1072 3578 si
1129 3517 1462 3598 propterca
1517 3514 1858 3578 concilium
1912 3513 2193 3596 regebat,
2253 3515 2342 3577 ut.
2376 3511 2518 3594 paci
2584 3529 2807 3576 consu-

513 3621 701 3697 leret;
745 3621 928 3686 facile
977 3619 1140 3686 enim
1181 3621 1469 3686 fortassis
1515 3620 1733 3684 rabida
1778 3620 1840 3684 in
1889 3620 2215 3684 absentem
2264 3637 2373 3683 ora
2414 3619 2668 3700 placata
2704 3616 2808 3680 uel

595 3901 620 3955 l
647 3900 897 3954 damnare
919 3901 972 3954 A
1047 3902 1077 3954 7
1109 3899 1363 3954 medioris
1385 3898 1446 3954 F
1545 3900 1767 3963 habeat,
1790 3915 1926 3954 corr.
1960 3903 2051 3963 (m.
2073 3903 2102 3951 1
2123 3897 2173 3968 Ρ)
2209 3895 2452 3951 habebat
2472 3895 2542 3949 M
2566 3896 2734 3950 habet
2758 3899 2809 3948 A

520 3993 554 4046 8
602 3992 1016 4061 conspirantem,
1062 3989 1160 4045 sed
1205 3994 1352 4044 ntem
1397 3991 1460 4044 in
1503 4005 1616 4046 ras.
1667 3989 1877 4056 (m.1?)
1916 3987 1976 4041 F
2152 3989 2217 4041 12
2266 3991 2486 4056 paratus
2534 3985 2647 4040 AP
2689 3983 2809 4038 edd.

525 4081 592 4134 15
627 4095 908 4149 pei-uersas
947 4081 1003 4131 A
1133 4081 1194 4134 16
1235 4078 1322 4132 1101
1359 4079 1443 4148 01]
1487 4078 1641 4131 uelut
1675 4079 1730 4132 A
1855 4077 1919 4130 21
1963 4075 2265 4145 agebantur
2302 4077 2358 4146 (n
2395 4091 2513 4144 exp.
2552 4091 2621 4128 m.
2645 4077 2703 4138 2)
2742 4072 2817 4126 M

520 4169 590 4224 23
621 4169 828 4232 absent,
865 4185 934 4223 m.
957 4171 996 4222 2
1033 4168 1286 4222 absentes
1324 4167 1379 4220 P
1493 4165 1603 4220 ullo
1632 4165 1687 4218 A
1778 4167 1847 4219 24
1884 4165 2095 4228 iuditio,
2135 4179 2274 4218 cor-r.
2312 4180 2379 4217 m.
2402 4169 2433 4216 1
2468 4163 2721 4217 iuditium
2745 4161 2817 4214 M

593 4274 700 4311 non
740 4275 844 4314 om.
887 4261 932 4310 A
1062 4257 1131 4311 25
1171 4256 1394 4320 abitum,
1433 4273 1501 4309 m.
1524 4259 1564 4310 2
1598 4255 1846 4308 habitum
1883 4254 1938 4306 P
2071 4253 2139 4307 28
2178 4253 2379 4322 primus
2418 4251 2575 4308 codd.
2612 4251 2815 4322 primas

523 4347 644 4402 edd.
755 4348 824 4400 29
861 4345 1114 4400 absentes
1151 4345 1338 4414 flrm
