3184 4959
1151 385 1679 455 epistularum
1737 386 1891 442 CXX.
2550 392 2677 457 715

382 580 714 645 intellectu
783 580 1034 645 omnino
1113 580 1444 646 abhorrere
1520 582 1845 665 apostolus
1919 584 2106 647 testis
2182 588 2299 661 est,
2372 583 2482 648 ubi
2558 584 2675 649 ait:

381 687 870 753 Inuisibilia
927 688 1132 752 enim
1192 688 1366 753 eius
1433 708 1468 753 a
1525 689 2141 755 constitutione
2204 690 2477 754 mundi
2540 708 2680 772 per

381 814 486 873 ea,
536 813 738 877 quae
785 796 1007 860 facta
1047 796 1252 870 sunt,
1301 794 1746 859 intellecta
1785 796 2437 878 conspiciuntur,
2488 814 2677 860 sem-

379 902 705 984 piterna
751 920 1067 984 quoque
1108 901 1285 965 eius
1333 901 1606 965 uirtus
1656 920 1738 966 ac
1788 902 2216 967 diuinitas.
2268 922 2341 967 ac
2386 922 2501 986 per
2535 903 2676 981 hoc,

319 1030 343 1065 ε»
382 1026 527 1073 cum
585 1008 806 1072 eadem
863 1008 1114 1072 trinitas
1171 1008 1394 1073 fecerit
1448 1010 1513 1073 et
1567 1026 1797 1092 corpus
1847 1012 1911 1074 et
1966 1008 2260 1088 animam,
2319 1008 2453 1074 sine
2501 1008 2681 1073 dubi-

381 1114 620 1179 tatione
689 1116 788 1179 est
849 1117 1122 1197 utroque
1193 1116 1635 1197 praestantior.
1711 1115 1921 1180 anima
1982 1116 2199 1198 itaque
2265 1116 2681 1193 considerata,

379 1220 650 1285 maxime
723 1222 1002 1286 humana
1065 1225 1132 1286 et
1191 1222 1514 1287 rationalis
1559 1226 1771 1305 atque
1836 1222 2306 1299 intellectualia,
2374 1240 2533 1304 quae
2602 1221 2680 1286 ad

380 1328 519 1391 eius
561 1327 906 1411 imaginem
951 1328 1121 1393 facta
1167 1332 1285 1405 est,
1335 1328 1388 1392 si
1437 1328 1856 1413 cogitationes
1904 1332 2152 1393 nostras
2202 1333 2267 1393 et
2310 1329 2680 1413 intellegen-

380 1434 504 1499 tias
561 1454 682 1497 non
741 1434 1027 1511 euicerit,
1095 1434 1204 1499 sed
1263 1436 1422 1512 eius,
1479 1435 1647 1517 quod
1704 1436 1899 1501 habet
1958 1436 2393 1519 praecipuum,
2458 1434 2525 1499 id
2582 1438 2682 1498 est

297 1563 345 1599 ιο
382 1542 585 1625 ipsam
642 1544 918 1605 mentem
975 1544 1164 1623 atque
1209 1541 1711 1627 intellegentiam
1757 1546 1967 1607 mente
2016 1546 2203 1624 atque
2248 1540 2683 1626 intellegentia

381 1648 778 1731 potuerimus
817 1646 1300 1731 adprehendere,
1347 1668 1470 1714 non
1511 1649 1633 1713 erit
1674 1648 1969 1714 fortassis
2018 1648 2383 1726 absurdum,
2430 1652 2507 1712 ut
2542 1666 2682 1712 eam

384 1754 462 1818 ad
537 1774 726 1819 suum
795 1774 1048 1837 quoque
1132 1759 1478 1820 creatorem
1551 1756 2047 1841 intellegendum
2120 1756 2261 1839 ipso
2338 1756 2681 1820 adiuuante

385 1860 765 1925 meditemur
835 1860 1159 1927 adtollere.
1247 1862 1301 1927 si
1375 1866 1590 1928 autem
1664 1862 1727 1927 in
1804 1882 1873 1927 se
1944 1863 2088 1945 ipsa
2152 1862 2369 1927 deficit
2430 1860 2679 1943 sibique

385 1966 768 2045 succumbit,
833 1967 940 2049 pia
1001 1967 1122 2032 fide
1189 1970 1486 2033 contenta
1547 1968 1655 2045 sit,
1722 1988 1909 2051 quam
1974 1968 2080 2034 diu
2144 1968 2581 2053 peregrinatur
2646 1988 2682 2032 a

299 2094 346 2132 ιε»
385 2072 660 2149 domino,
711 2073 908 2139 donec
961 2074 1076 2138 fiat
1127 2076 1190 2139 in
1246 2074 1520 2149 homine,
1570 2074 1743 2156 quod
1794 2074 2183 2157 promissum
2234 2079 2351 2153 est,
2407 2074 2679 2139 faciente

382 2180 515 2259 illo,
566 2179 703 2262 qui
758 2184 1051 2263 potens
1101 2184 1246 2258 est,
1307 2181 1478 2245 sicut
1532 2181 1625 2244 ait
1680 2182 2029 2263 apostolus,
2087 2182 2355 2246 facere
2414 2192 2678 2263 supra,

385 2305 614 2368 quam
659 2287 1014 2369 petimus
1063 2291 1142 2352 et
1186 2287 1783 2372 intellegimus

60 2394 168 2459 111
212 2392 292 2455 13
476 2390 649 2471 Quae
708 2412 852 2457 cum
916 2394 1008 2457 ita
1071 2394 1220 2470 sint,
1285 2394 1540 2458 interim
1606 2394 1776 2471 uolo,
1842 2398 1917 2458 ut
1976 2395 2154 2478 legas
2214 2414 2305 2471 ea,
2374 2412 2535 2477 quae
2602 2392 2680 2457 ad

384 2499 576 2563 istam
634 2500 1070 2582 quaestionem
1127 2501 1506 2583 pertinentia
1559 2500 1687 2565 iam
1741 2502 1947 2565 multa
2002 2500 2515 2583 conscripsimus,
2568 2500 2683 2563 illa

297 2626 352 2666 20
388 2606 604 2684 etiam,
661 2625 822 2689 quae
883 2607 948 2671 in
1013 2608 1307 2671 manibus
1371 2608 1680 2671 habemus
1738 2611 1804 2672 et
1862 2610 2117 2690 propter
2178 2606 2679 2691 magnitudinem

384 2715 518 2776 tam
574 2712 854 2777 difficilis
919 2713 1310 2796 quaestionis
1375 2714 1654 2778 nondum
1719 2732 2065 2797 possumus
2120 2715 2449 2797 explicare.
2516 2730 2681 2777 nunc

387 2839 537 2885 uero
575 2824 720 2883 tene
755 2819 1138 2886 inconcussa
1173 2819 1296 2885 fide
1335 2825 1572 2904 patrem
1618 2825 1681 2886 et
1717 2820 1922 2886 filium
1953 2824 2017 2886 et
2054 2821 2349 2904 spiritum
2389 2824 2680 2885 sanctum

387 2946 528 2991 esse
581 2926 932 2991 trinitatem
989 2932 1054 2991 et
1105 2931 1314 2992 tamen
1379 2946 1576 2991 unum
1634 2928 1845 3006 deum,
1910 2946 2031 2991 non
2091 2927 2259 3010 quod
2324 2927 2413 2991 sit
2463 2946 2681 2991 eorum

388 3032 742 3098 communis
784 3034 963 3115 quasi
1004 3036 1227 3115 quarta
1265 3033 1586 3111 diuinitas,
1628 3033 1741 3099 sed
1781 3033 1947 3117 quod
1988 3034 2073 3098 sit
2108 3034 2249 3115 ipsa
2284 3032 2685 3097 ineffabiliter

297 3158 348 3197 25
386 3140 824 3221 inseparabilis
863 3140 1136 3218 trinitas,
1183 3144 1552 3224 patremque
1602 3142 1813 3205 solum
1860 3140 2157 3224 genuisse
2202 3139 2407 3203 filium
2453 3138 2683 3202 filium·

389 3264 512 3328 que
560 3247 766 3311 solum
815 3266 850 3311 a
897 3250 1072 3331 patre
1130 3247 1436 3331 genitum,
1496 3247 1789 3329 spiritum
1838 3265 1987 3311 uero
2037 3251 2328 3311 sanctum
2377 3249 2442 3311 et
2484 3244 2683 3328 patris

390 3372 529 3417 esse
596 3355 662 3417 et
731 3354 846 3417 filii
921 3354 1237 3437 spiritum.
1319 3358 1382 3417 et
1445 3353 1749 3436 quicquid
1812 3352 1951 3431 tibi,
2018 3373 2165 3417 cum
2229 3352 2354 3418 ista
2416 3352 2681 3436 cogitaS,

569 3597 602 3649 2
637 3596 789 3650 Rom.
832 3597 878 3661 1,
916 3597 988 3652 20
1101 3597 1166 3649 14
1203 3594 1260 3649 ΙΙ
1298 3595 1418 3651 Cor.
1457 3598 1508 3661 5,
1547 3598 1580 3651 6
1694 3597 1759 3651 16
1795 3596 1931 3666 Eph.
1972 3597 2023 3661 3,
2062 3596 2133 3651 20

465 3757 490 3809 1
533 3757 766 3809 omnimo
806 3758 968 3821 (ciel)
1007 3757 1075 3809 Τι
1114 3756 1258 3809 omni
1295 3756 1454 3810 modo
1480 3754 1647 3809 BOT
1742 3756 1776 3809 2
1816 3755 1978 3825 enim]
2018 3755 2182 3808 etiam
2217 3754 2447 3808 ΟΡΤΤι
2568 3754 2683 3808 eius

389 3861 491 3904 om.
539 3846 660 3900 edd.
697 3852 924 3914 praeter
962 3862 1000 3898 a
1215 3848 1247 3899 3
1295 3845 1854 3911 sunt.in.c.s.(3ic
1875 3848 1916 3910 Ι)
1967 3860 2180 3913 quoque
2226 3844 2403 3897 uirtus
2451 3843 2569 3897 eius
2613 3842 2683 3897 Τ1

389 3937 423 3988 4
461 3935 636 3989 uirtus
677 3936 760 4004 ac]
801 3935 975 3987 uirtus
1014 3938 1072 3988 et
1114 3933 1222 3988 OT
1288 3937 1358 4003 ,6
1397 3935 1605 3987 amima.
1630 3934 1686 3987 B
1798 3935 1829 3986 9
1866 3933 2215 4002 praecipuum
2251 3932 2421 3986 habet
2453 3932 2685 3986 ΟΡΤΤ1

395 4024 458 4077 12
512 4039 724 4093 quoque
777 4022 844 4077 ad
895 4040 1051 4076 suum
1101 4027 1395 4077 creatorem
1459 4022 1617 4076 ΟΡΤ
1665 4022 1734 4076 ad
1784 4038 1940 4075 suum
1992 4024 2289 4075 creatorem
2340 4038 2555 4091 quoque
2611 4020 2682 4073 Τι

395 4113 458 4167 13
498 4112 730 4181 sibique]
769 4111 858 4165 uel
904 4110 1010 4164 01⁷
1042 4114 1138 4164 aut
1175 4111 1228 4163 P
1401 4111 1468 4163 17
1509 4114 1605 4163 aut
1642 4110 1696 4162 P
1730 4108 1850 4163 edd.
1888 4125 1990 4162 sec.
2026 4124 2170 4164 sacr.
2212 4108 2315 4164 litt.
2483 4110 2549 4162 19
2586 4109 2683 4162 illa

393 4206 438 4265 (-
476 4219 544 4255 m.
568 4198 680 4267 2?)
721 4200 776 4253 B
992 4200 1062 4253 24
1097 4198 1392 4253 ineffabilis
1433 4202 1489 4253 et
1525 4198 1903 4269 inseparabilis
1948 4197 2173 4252 OPTT²
2213 4198 2332 4252 edd.
2370 4204 2596 4267 praeter
2630 4214 2684 4251 m

391 4292 458 4344 27
499 4293 555 4344 et
591 4290 692 4343 filii
729 4306 844 4343 esse
887 4289 1040 4344 OPT
1070 4288 1190 4343 edd.
