3184 4959
497 435 624 499 180
1198 431 1251 484 S.
1308 431 1580 484 Aureli
1640 431 2076 500 Augustini

491 629 760 706 narium,
837 647 959 710 quo
1035 627 1476 692 uniuersitatis
1552 625 1933 711 significatio
2010 645 2197 709 saepe
2272 625 2599 709 figuratur,
2676 625 2783 708 qui

496 736 684 800 etiam
733 735 860 818 ipsi
907 735 1208 799 ecclesiae
1257 733 1562 798 tribuitur
1606 737 1863 816 propter
1905 732 2104 797 instat
2148 731 2606 798 uniuersitatis,

271 827 360 892 VI
391 829 469 893 10
587 841 734 906 Ideo
781 839 1092 906 Iohannes
1141 838 1470 922 apostolus
1517 840 1580 903 in
1628 837 2010 923 Apocalypsi
2058 838 2149 902 ad
2198 842 2508 921 septem
2564 838 2787 904 scribit

495 947 926 1014 ecclesias.
993 945 1262 1012 ecclesia
1327 964 1480 1010 uero
1547 946 1754 1010 adhuc
1820 945 1883 1008 in
1947 946 2073 1010 ista
2134 946 2523 1012 mortalitate
2581 945 2785 1010 carnis

495 1053 843 1120 constituta
922 1056 1178 1136 propter
1254 1052 1462 1135 ipsam
1541 1051 2039 1116 mutabilitatem
2120 1052 2309 1116 lunae
2391 1053 2638 1116 nomine
2722 1052 2783 1116 in
2848 1077 2875 1116 5

497 1159 830 1243 scripturis
879 1157 1294 1243 significatur.
1344 1159 1508 1224 unde
1567 1161 1666 1223 est
1720 1158 1910 1222 illud:
1974 1158 2481 1224 Parauerunt
2544 1158 2787 1243 sagit·

497 1271 624 1332 tas
672 1285 862 1332 suas
909 1265 986 1329 in
1033 1265 1442 1348 pharetra,
1491 1268 1580 1330 ut
1626 1265 2037 1349 sagittent
2081 1265 2157 1328 in
2208 1264 2557 1329 obscura
2597 1265 2787 1329 luna

497 1376 770 1438 rectos
837 1371 1100 1437 corde.
1156 1370 1335 1452 prius
1385 1371 1549 1435 enim
1603 1389 1793 1453 quam
1838 1369 1951 1435 fiat
1994 1369 2177 1446 illud,
2226 1369 2395 1454 quod
2442 1369 2599 1435 dicit
2644 1389 2789 1454 apo-

499 1479 735 1545 stolus:
806 1478 994 1544 Cum
1053 1478 1439 1544 Christus
1497 1478 1978 1561 apparuerit
2033 1477 2208 1542 uita
2253 1480 2551 1556 uestra,
2597 1482 2787 1542 tunc

501 1589 578 1650 et
624 1603 768 1650 uos
817 1602 988 1649 cum
1038 1584 1191 1650 illo
1233 1585 1747 1667 apparebitis
1785 1583 1861 1648 in
1902 1583 2189 1668 gloria,
2231 1583 2501 1650 obscura
2536 1582 2791 1648 uidetur
2830 1609 2881 1648 ιο

499 1691 770 1756 ecclesia
821 1691 885 1754 in
940 1693 1224 1773 tempore
1281 1691 1802 1776 peregrinationis
1866 1709 2018 1756 suae
2074 1691 2237 1755 inter
2280 1691 2518 1754 multas
2564 1689 2789 1771 iniqui-

497 1799 664 1862 tates
749 1815 1007 1880 gemens
1092 1799 1157 1861 et
1227 1799 1382 1861 tunc
1467 1798 1619 1860 sunt
1698 1795 2017 1861 timendae
2108 1795 2377 1860 insidiae
2466 1795 2789 1860 fallacium

499 1902 930 1981 seductorum,
990 1922 1145 1984 quas
1211 1903 1463 1968 nomine
1527 1903 1911 1986 sagittarum
1978 1901 2268 1985 intellegi
2332 1901 2560 1966 uoluit.
2625 1901 2791 1966 unde

500 2008 623 2074 alio
678 2009 820 2074 loco
875 2014 1134 2091 propter
1185 2008 1440 2074 nuntios
1498 2009 1907 2074 fidelissimos
1962 2007 2274 2084 ueritatis,
2339 2027 2495 2090 quos
2554 2007 2791 2090 ubique

505 2115 672 2199 parit
717 2113 1005 2190 ecclesia,
1063 2113 1322 2178 dicitur:
1385 2114 1603 2179 Luna
1655 2114 1906 2180 testis
1964 2115 2039 2179 in
2096 2115 2319 2180 caelo
2368 2114 2681 2192 fidelia,
2728 2118 2795 2179 et
2832 2141 2884 2181 ιε

509 2241 654 2288 cum
702 2221 778 2287 de
825 2239 1017 2305 regno
1067 2220 1304 2286 domini
1347 2221 1635 2303 psalmus
1696 2224 1973 2286 caneret:
2035 2220 2383 2299 otietur,
2438 2222 2666 2303 inquit,
2722 2221 2791 2285 in

509 2328 792 2394 diebus
869 2327 1039 2392 eius
1105 2327 1440 2394 iustitia
1507 2331 1584 2392 et
1658 2327 2157 2392 abundantia
2220 2328 2470 2410 pacis,
2536 2327 2791 2411 quoad

506 2453 762 2517 usque
833 2433 1402 2499 interficiatur
1474 2435 1683 2510 luna,
1747 2433 1815 2498 id
1879 2437 1979 2500 est
2042 2434 2427 2500 abundantia
2488 2435 2661 2518 pacis
2722 2435 2787 2499 iu

503 2545 752 2608 tantum
837 2541 1099 2618 crescet,
1181 2539 1382 2605 donec
1465 2559 1715 2606 omnem
1798 2541 2291 2606 mutabilitatem
2380 2542 2789 2607 mortalitatis

503 2648 815 2716 absumat.
853 2650 1006 2712 tunc
1045 2647 1498 2712 nouissima
1542 2647 1881 2713 inimica
1928 2647 2409 2714 destruetur
2454 2667 2664 2713 mors
2704 2652 2788 2724 et,
2828 2680 2883 2719 20

681 2875 714 2929 3
753 2875 918 2944 Apoc.
963 2874 1009 2936 1,
1048 2875 1082 2927 4
1173 2874 1206 2927 6
1243 2872 1334 2927 Ps.
1375 2873 1456 2936 10,
1496 2875 1529 2928 3
1630 2875 1663 2928 9
1703 2873 1817 2930 Col.
1859 2875 1909 2935 3,
1946 2877 1981 2928 4
2080 2874 2143 2929 15
2181 2874 2268 2928 Ps.
2308 2873 2394 2935 88,
2434 2873 2501 2927 38
2598 2875 2662 2928 16
2700 2872 2790 2928 Ps.

504 2965 592 3032 71,
630 2965 660 3018 7
769 2965 840 3017 20
877 2961 902 3016 1
942 2961 1062 3016 Cor.
1104 2963 1187 3026 15,
1225 2963 1295 3017 26

579 3099 608 3150 1
645 3096 988 3155 uniuersitas,
1025 3111 1094 3147 m.
1117 3097 1157 3147 2
1193 3094 1568 3148 uniuersitatis
1606 3095 1659 3148 B
1806 3095 1930 3164 qui·
1956 3093 2023 3147 Κ
2058 3095 2185 3164 quia
2212 3095 2268 3148 Β
2368 3097 2400 3149 2
2438 3081 2497 3148 οἱ
2534 3099 2609 3160 (Ν
2626 3101 2789 3160 erae.)

503 3185 571 3240 K
758 3187 790 3240 3
842 3183 1174 3254 apocalipsin
1226 3182 1293 3236 Κ
1517 3182 1735 3237 scribsit
1780 3183 1850 3237 ad
1902 3191 2109 3253 septem
2156 3183 2213 3236 Β
2274 3183 2344 3237 ad
2402 3187 2613 3252 septem
2661 3185 2791 3238 scri-

503 3275 638 3329 bens
661 3274 716 3328 P
891 3275 926 3326 4
964 3272 1138 3326 instar
1173 3271 1525 3326 mortalitatis
1553 3272 1609 3324 P
1750 3271 1925 3326 carnis
1962 3287 2067 3326 om.
2093 3273 2149 3326 Β
2282 3275 2316 3326 5
2354 3273 2573 3326 nomine
2610 3289 2713 3326 om.
2742 3271 2797 3326 P

575 3363 631 3417 in
669 3379 770 3416 om.
809 3361 874 3414 K
1011 3363 1046 3416 6
1084 3361 1331 3430 sig-natur
1367 3360 1488 3414 edd.
1662 3359 1823 3429 illud}
1864 3364 1921 3415 et
1955 3359 2094 3414 illud
2130 3361 2381 3431 Euqippi
2414 3361 2533 3414 cod.
2581 3361 2709 3415 Vat.
2744 3365 2795 3414 et

511 3451 562 3504 1⁷
561 3467 661 3506 erc.
805 3453 1164 3520 paorauerunt
1199 3449 1254 3503 P
1361 3450 1391 3503 7
1431 3465 1558 3502 suas
1596 3465 1698 3503 om.
1737 3448 1803 3503 K
1920 3451 2247 3518 sagittarent
2282 3449 2437 3504 P¹P²
2470 3449 2793 3518 insagittent

503 3539 752 3608 Euqnppi
787 3537 906 3592 cod.
943 3537 1069 3591 Vat.
1205 3537 1262 3591 in
1301 3538 1542 3591 obscuris
1579 3539 1759 3592 rectos
1797 3537 1871 3590 M
2011 3539 2043 3592 8
2081 3539 2394 3609 priusquam
2436 3539 2577 3592 enim
2616 3539 2715 3592 fiat
2744 3539 2793 3590 Β

500 3630 536 3684 9
576 3626 828 3697 apparuit
861 3625 936 3680 M
1075 3625 1599 3696 uita—apparebitis
1636 3627 1735 3689 bis,
1776 3627 2011 3680 alterum
2049 3627 2153 3680 del.
2190 3627 2245 3680 Β
2358 3627 2423 3682 10
2460 3626 2793 3696 adparebitis

502 3733 622 3771 cum
661 3714 756 3770 illo
785 3715 840 3770 P
873 3713 1206 3786 apparebitis
1245 3731 1362 3768 cum
1401 3715 1521 3784 ipso
1563 3714 1685 3769 edd.
1722 3731 1822 3770 sec.
1862 3715 2018 3785 Πᾶς.
2127 3715 2185 3768 in
2224 3715 2429 3784 gloria·
2458 3715 2601 3782 (suit
2636 3717 2712 3780 m)
2742 3714 2797 3767 P

505 3821 626 3858 cum
664 3803 837 3873 gloria
873 3803 928 3858 Β
1071 3802 1449 3858 obscurabitur
1486 3804 1751 3858 aecclesia
1785 3803 1849 3857 Κ
1960 3805 2021 3858 11
2062 3803 2379 3874 iniquitates
2418 3804 2517 3859 bis,
2558 3804 2791 3856 alterum

507 3893 608 3947 del.
651 3891 726 3946 P²
761 3893 1081 3962 iniquitates
1119 3907 1243 3945 suas
1283 3895 1428 3957 (suas
1466 3897 1610 3960 exp.)
1648 3892 1705 3945 Β
1818 3893 1882 3946 12
1920 3891 2149 3946 insidiae
2188 3907 2290 3946 om.
2328 3892 2385 3944 P
2502 3893 2565 3946 13
2604 3891 2793 3946 seduc-

505 3981 718 4034 tionum
755 3979 978 4034 P¹P²M
1089 3981 1154 4034 14
1191 3981 1414 4034 nuntios
1451 3978 1707 4034 seductor·
1746 3979 2091 4034 fidelissimos
2130 3979 2406 4045 (seductoi
2434 3981 2539 4035 del.
2568 3998 2637 4034 m.
2659 3985 2709 4039 1>
2739 3980 2795 4033 Β

579 4069 672 4124 ubi
708 4069 764 4122 B
877 4069 940 4122 16
979 4067 1067 4122 dei
1105 4069 1160 4122 P
1197 4073 1348 4135 (m.2
1385 4067 1496 4135 dni)
1535 4069 1655 4124 ΒΚ
1796 4069 2153 4138 psalmistam
2300 4075 2549 4122 cantaret
2583 4069 2638 4122 P
2672 4067 2790 4122 edd.

508 4159 574 4212 17
613 4173 892 4228 quousque
931 4157 1106 4210 PBK
1137 4157 1306 4212 donec
1343 4157 1464 4212 edd.
1501 4173 1604 4212 sec.
1644 4157 1804 4227 Vuly.
2026 4159 2091 4212 18
2140 4175 2226 4228 pa,
2272 4175 2342 4212 m.
2366 4163 2407 4210 2
2450 4157 2581 4212 add.
2630 4158 2709 4211 cis
2748 4159 2800 4211 P

511 4249 576 4300 19
613 4247 806 4300 crescit
840 4245 960 4300 ΒΚ
1101 4246 1242 4300 done
1280 4245 1344 4298 Κ
1485 4245 1969 4300 inmutabilitatem
2007 4246 2061 4299 P
2202 4247 2470 4300 mol-tatis
2498 4263 2567 4298 m.
2590 4249 2629 4298 2
2652 4263 2793 4299 mor-

505 4335 739 4389 talitatis
777 4335 832 4388 B
939 4337 1008 4390 20
1046 4334 1296 4388 adsumat
1333 4333 1454 4388 ΒΚ
