3184 4959
634 440 764 506 678
1369 439 1423 493 S.
1478 438 1757 493 Aureli
1810 436 2250 508 Augustini

628 654 752 699 non
803 654 1000 717 praua
1038 633 1329 717 opinione
1369 636 1558 717 atque
1598 632 1932 698 temeraria
1970 633 2082 698 sed
2122 637 2295 699 certa
2330 638 2523 718 atque
2560 636 2916 703 inconcussa

628 742 900 806 ueritate
957 760 1277 807 summum
1335 740 1609 805 hominis
1666 740 1919 805 bonum.
1978 740 2148 823 quod
2196 761 2233 805 a
2280 741 2586 825 quolibet,
2634 743 2745 808 ubi
2790 762 2915 809 con-

629 847 956 927 sumatur,
1013 867 1136 912 non
1181 847 1505 912 inuenitur
1551 846 1676 912 nisi
1722 850 1835 912 aut
1878 848 1942 911 in
1992 866 2251 929 corpore
2298 851 2411 913 aut
2454 850 2517 913 in
2568 850 2775 914 animo
2821 855 2917 915 aut

626 954 692 1019 in
742 954 858 1020 deo
908 958 1022 1019 aut
1064 955 1127 1018 in
1177 954 1425 1019 duobus
1475 954 1798 1037 aliquibus
1854 953 2077 1019 horum
2129 956 2243 1018 aut
2288 958 2457 1019 certe
2502 956 2568 1019 in
2618 958 2914 1021 omnibus.

631 1061 800 1144 quod
883 1060 937 1126 si
1011 1060 1306 1125 didiceris
1380 1081 1584 1144 neque
1668 1081 1993 1125 summum
2063 1060 2304 1126 bonum
2377 1080 2580 1145 neque
2653 1063 2915 1146 aliquam
2962 1086 2983 1125 ε.

628 1170 873 1250 partem
932 1166 1168 1233 summi
1226 1168 1375 1232 boni
1433 1166 1687 1233 omnino
1736 1187 1877 1233 esse
1931 1166 1997 1231 in
2055 1187 2336 1251 corpore,
2396 1168 2520 1233 duo
2576 1170 2915 1237 restabunt.

631 1273 879 1339 animus
929 1278 993 1339 et
1040 1274 1218 1353 deus,
1267 1292 1536 1358 quorum
1592 1274 1701 1338 uel
1755 1274 1819 1337 in
1876 1292 2002 1338 uno
2059 1274 2165 1338 uel
2222 1274 2284 1338 in
2343 1274 2653 1341 ambobus
2715 1277 2819 1341 sit.
2870 1277 2917 1340 si

630 1384 843 1446 autem
891 1380 1196 1445 adieceris
1237 1386 1299 1446 et
1338 1380 1635 1445 didiceris
1682 1381 1802 1445 hoc
1849 1380 2013 1445 idem
2066 1381 2142 1445 de
2190 1382 2401 1446 animo
2452 1383 2621 1465 quod
2670 1382 2749 1447 de
2798 1402 2919 1448 cor-

627 1507 798 1572 pore,
864 1488 1019 1571 quid
1083 1488 1255 1552 aliud
1318 1488 1445 1553 iam
1509 1487 1635 1552 nisi
1701 1486 1857 1552 deus
1924 1492 2232 1567 occurret,
2297 1489 2362 1553 in
2423 1508 2547 1572 quo
2607 1510 2918 1555 summum

628 1594 904 1659 hominis
959 1594 1198 1659 bonum
1249 1594 1674 1659 constitutum
1720 1593 1829 1674 sit,
1882 1614 2004 1659 non
2055 1612 2179 1677 quo
2228 1594 2354 1660 alia
2397 1595 2563 1661 bona
2609 1615 2735 1662 non
2784 1598 2919 1669 sint,
2950 1611 2991 1649 1⁰

629 1701 740 1767 sed
816 1720 1138 1766 summum
1209 1700 1277 1765 id
1344 1700 1597 1779 dicitur,
1671 1719 1794 1783 quo
1860 1704 2090 1766 cuncta
2159 1702 2547 1781 referuntur3
2624 1722 2701 1768 eo
2768 1702 2921 1769 enim

627 1808 889 1873 fruendo
937 1806 1207 1890 quisque
1262 1806 1489 1872 beatus
1539 1811 1660 1886 est,
1715 1811 1972 1891 propter
2016 1808 2185 1891 quod
2233 1812 2443 1873 cetera
2488 1810 2635 1874 uult
2682 1810 2921 1879 habere,

631 1934 777 1980 cum
831 1914 994 1979 illud
1049 1913 1176 1978 iam
1231 1934 1354 1979 non
1411 1917 1671 1997 propter
1726 1914 1898 1978 aliud
1947 1914 2059 1978 sed
2104 1918 2362 1997 propter
2408 1932 2475 1980 se
2530 1915 2747 1998 ipsum
2794 1916 2923 1979 dili-

631 2026 837 2107 gatur,
905 2024 970 2085 et
1030 2021 1173 2085 ideo
1237 2020 1381 2085 finis
1445 2020 1536 2085 ibi
1593 2020 1848 2099 dicitur,
1915 2022 2064 2105 quia
2128 2022 2278 2099 iam,
2344 2041 2466 2105 quo
2525 2026 2815 2088 excurrat
2868 2025 2927 2086 et

631 2148 754 2212 quo
791 2127 1120 2206 referatur,
1169 2145 1290 2192 non
1327 2127 1669 2205 inuenitur,
1716 2127 1807 2192 ibi
1853 2128 2105 2211 requies
2144 2129 2500 2211 appetendi,
2547 2128 2639 2194 ibi
2686 2128 2925 2194 fruendi
2956 2144 3001 2185 15
3093 2200 3094 2203 Ἴ

631 2234 958 2313 securitas,
1023 2234 1112 2298 ibi
1179 2235 1781 2317 tranquillissimum
1849 2234 2153 2320 gaudium
2210 2236 2487 2319 optimae
2551 2236 2923 2301 uoluntatis,

528 2344 608 2405 14
715 2342 816 2407 Da
867 2342 1085 2426 igitur,
1144 2341 1255 2424 qui
1310 2342 1437 2407 cito
1493 2342 1711 2407 uideat
1765 2362 1888 2407 non
1946 2361 2175 2425 corpus
2224 2362 2365 2409 esse
2421 2343 2617 2408 animi
2672 2344 2923 2419 bonum,

631 2448 744 2514 sed
799 2448 1083 2513 animum
1138 2448 1353 2530 potius
1411 2466 1551 2513 esse
1609 2448 1889 2530 corporis
1944 2448 2213 2525 bonum3
2278 2448 2606 2514 recedetur
2670 2450 2799 2515 iam
2854 2450 2925 2513 ab

627 2554 1024 2639 inquirende,
1074 2559 1292 2619 utrum
1339 2574 1665 2620 summum
1709 2555 1875 2620 illud
1920 2556 2157 2621 bonum
2196 2556 2301 2620 uel
2349 2557 2563 2639 aliqua
2606 2576 2757 2639 pars
2796 2556 2927 2621 eius

630 2662 717 2727 sit
775 2663 841 2726 in
908 2681 1188 2744 corpore.
1266 2660 1436 2745 quod
1501 2662 1670 2727 enim
1744 2663 2126 2729 stultissime
2192 2666 2479 2748 negatur,
2544 2664 2777 2729 melior
2838 2667 3005 2728 estzo

630 2768 880 2833 animus
919 2787 1206 2850 corpor03
1253 2768 1410 2834 item
1458 2768 1846 2834 stultissime
1894 2773 2163 2853 negatur
2206 2770 2534 2835 meliorem
2574 2788 2715 2834 esse
2768 2789 2930 2845 eum,

632 2876 740 2958 qui
779 2876 888 2941 dat
930 2876 1184 2940 beatam
1229 2876 1432 2941 uitam
1479 2876 1585 2941 uel
1631 2880 1875 2958 partem
1915 2878 2192 2959 aliquam
2239 2876 2462 2941 beatae
2499 2877 2693 2955 uitae,
2746 2894 2931 2960 quam

632 3002 797 3061 eum,
855 2982 964 3063 qui
1028 2982 1288 3066 accipit3
1355 3002 1478 3047 non
1544 2982 1746 3066 igitur
1809 2981 2043 3065 accipit
2104 2982 2353 3047 animus
2421 3001 2458 3045 a
2512 3000 2772 3065 corpore
2828 2980 2935 3046 uel

631 3108 953 3155 summum
1010 3087 1248 3154 bonum
1306 3088 1412 3154 uel
1467 3092 1710 3171 partem
1772 3088 2048 3171 aliquam
2116 3089 2353 3153 summi
2401 3088 2571 3154 boni.
2636 3088 2762 3154 hoc
2828 3086 2931 3171 qui

629 3216 750 3262 non
800 3196 1028 3261 uident
1072 3196 1310 3262 caecati
1359 3196 1692 3260 dulcedine
1740 3195 2083 3260 carnalium
2140 3196 2572 3279 uoluptatum,
2622 3215 2817 3278 quam
2864 3213 2933 3260 ex
2962 3214 3007 3254 εει

627 3302 980 3387 indigentia
1046 3303 1337 3367 sanitatis
1403 3302 1619 3366 uenire
1684 3320 1806 3366 non
1872 3302 2200 3367 intuentur
2262 3340 2349 3348 --
2417 3302 2652 3366 sanitas
2720 3304 2931 3367 autem

703 3478 729 3531 1
771 3492 944 3545 parua
976 3474 1034 3529 R
1071 3478 1214 3543 (m.1
1257 3491 1435 3544 supra
1470 3474 1498 3529 1
1532 3476 1725 3547 praua)
1771 3474 1825 3528 V
2032 3475 2337 3539 temeratis,
2382 3490 2451 3528 m.
2476 3478 2517 3529 2
2556 3474 2853 3529 temeraria
2884 3474 2937 3527 P

698 3565 929 3629 incussa,
967 3581 1036 3618 m.
1059 3568 1099 3618 2
1133 3564 1455 3619 inconcussa
1491 3564 1548 3618 R
1622 3567 1653 3619 5
1694 3562 1965 3628 didiceris,
2004 3568 2124 3618 m.1
2158 3580 2337 3632 supra
2371 3564 2399 3617 ζ
2436 3562 2636 3617 dixeris
2671 3563 2728 3617 R
2838 3562 2933 3615 bo-

626 3670 756 3707 num
793 3669 913 3716 om„
951 3652 1016 3706 in
1051 3670 1222 3723 niam.
1261 3657 1391 3708 m.2
1429 3652 1561 3707 add.
1601 3652 1677 3706 Ρι
1818 3654 2019 3723 neque]
2058 3669 2126 3707 ne
2163 3652 2345 3706 MAP
2382 3656 2473 3721 (m.
2496 3656 2535 3706 2
2568 3658 2691 3720 nec)
2730 3668 2836 3705 nec
2861 3650 2931 3703 Ρ1

627 3740 748 3795 edd.
893 3742 926 3796 8
966 3740 1193 3795 adiceris
1229 3740 1354 3795 MA
1528 3740 1797 3805 didiceris,
1837 3758 1905 3795 m.
1928 3744 1959 3793 1
1994 3758 2171 3810 supra
2205 3741 2233 3793 l·
2271 3740 2466 3794 dixeris
2502 3739 2559 3795 R
2704 3740 2737 3793 9
2778 3738 2931 3809 quid]

628 3828 774 3899 quod
808 3830 944 3883 P¹V
1087 3831 1319 3884 occurrit
1354 3829 1429 3883 M
1534 3829 1603 3884 10
1638 3829 1783 3884 bona
1818 3834 1946 3884 m.2
1982 3846 2049 3883 ex
2083 3830 2231 3883 bonu
2273 3828 2438 3898 (εἰσί)
2475 3828 2549 3882 Ρ1
2662 3828 2725 3881 11
2766 3826 2935 3881 refe-r-

624 3922 717 3972 tur
751 3918 807 3972 A
962 3919 1029 3971 12
1066 3918 1187 3971 uult
1224 3922 1404 3972 cetera
1437 3916 1496 3973 R
1653 3918 1720 3971 14
1759 3920 2042 3971 excurrant
2076 3916 2133 3973 R
2282 3916 2347 3971 18
2383 3918 2568 3985 potius
2606 3916 2849 3970 animum
2882 3914 2936 3969 R

695 4005 980 4061 recedetur
1023 4008 1108 4073 (ur
1153 4006 1216 4059 in
1261 4022 1374 4062 rae.
1412 4022 1481 4061 m.
1517 4011 1583 4059 ut
1618 4006 1804 4073 uid.1)
1840 4004 1899 4058 P
1929 4006 2201 4060 receditur
2236 4002 2501 4058 MAP¹V
2714 4004 2781 4057 19
2822 4003 2935 4057 eius

625 4112 748 4166 pars
786 4094 842 4149 R
880 4096 1000 4150 edd.
1183 4096 1253 4149 20
1289 4094 1484 4148 melius
1524 4098 1609 4148 est
1647 4096 1856 4147 animus
1892 4095 1969 4149 M
2000 4094 2281 4147 meliorem
2321 4110 2437 4147 esse
2476 4093 2715 4147 animum
2750 4090 2943 4145 PP1V

627 4186 694 4239 22
735 4185 827 4254 qui
867 4202 991 4251 om.,
1030 4182 1160 4239 add.
1199 4201 1268 4239 m.
1306 4189 1370 4236 ut
1405 4183 1522 4240 uid.
1561 4187 1593 4237 1
1630 4185 1683 4237 Α
1842 4184 1910 4237 23
1951 4183 2043 4251 qui
2080 4200 2203 4246 om„
2245 4200 2313 4237 m.
2350 4188 2414 4236 ut
2450 4182 2568 4237 uid.
2610 4186 2651 4236 2
2687 4180 2823 4235 add.
2862 4178 2933 4232 1²¹

699 4274 912 4342 accepit
947 4274 999 4325 A
1107 4274 1176 4328 25
1217 4272 1442 4342 caecati]
1483 4273 1690 4326 caecati
1728 4276 1859 4326 sunt
1892 4271 2029 4325 ΡΨ
2068 4270 2189 4328 edd.
2336 4289 2397 4325 ex
2434 4288 2537 4326 om.
2577 4272 2630 4324 Α
2739 4270 2812 4323 26
2850 4270 2935 4322 in-

629 4361 929 4431 diuungentia
967 4364 1102 4427 (ras.
1140 4364 1283 4416 1—2
1323 4362 1379 4431 l.)
1417 4362 1472 4414 A
