3184 4959
1081 473 1618 545 epistularum
1674 472 1918 529 CXVIII.
2518 478 2647 541 683

352 688 611 754 corpore
665 689 978 753 nusquam
1036 669 1449 746 discederent,
1509 688 1653 734 cum
1719 667 1831 734 alii
1896 669 2127 735 atomis
2186 669 2295 734 alii
2350 672 2651 752 quattuor

349 778 700 854 elementis,
765 776 829 841 in
897 776 1130 859 quibus
1197 776 1276 841 ad
1344 774 1675 839 efficienda
1734 776 1945 841 omnia
2006 776 2173 859 ignis
2236 778 2648 859 praeualeret,

347 886 658 971 principia
707 903 918 951 rerum
969 885 1209 962 darent,
1259 884 1401 965 quis
1459 902 1581 949 non
1631 884 1883 949 uideret
1928 884 2275 949 stultorum
2332 883 2649 947 abundan-

345 994 503 1059 tiam
543 992 788 1076 corpori
825 990 1124 1065 deditam‚
1174 1010 1319 1055 cum
1365 991 1799 1073 incorpoream
1847 990 2195 1074 potentiam
2236 989 2645 1055 conditricem

281 1118 308 1159 s
343 1120 550 1165 rerum
591 1118 990 1182 nequaquam
1027 1099 1274 1163 ualeret
1307 1099 1560 1176 intueri,
1609 1099 1674 1163 in
1714 1116 1981 1181 quorum
2016 1098 2233 1181 potius
2274 1098 2646 1182 suffragium

343 1210 708 1290 raperetur?

173 1307 251 1369 19
431 1314 740 1380 Restabat
801 1332 946 1398 pars
1004 1312 1410 1377 rationalium
1465 1311 1932 1394 quaestionum.
2000 1311 2169 1377 nosti
2228 1312 2417 1389 enim,
2474 1310 2647 1394 quic-

345 1421 498 1506 quid
543 1428 800 1503 propter
844 1418 1317 1502 adipiscendam
1364 1418 1741 1502 sapientiam
1782 1419 2124 1501 quaeritur,
2174 1422 2285 1483 aut
2332 1420 2408 1482 de
2456 1418 2645 1483 mori-

341 1527 464 1592 bus
523 1531 635 1592 aut
691 1527 765 1591 de
821 1530 1047 1591 natura
1101 1528 1215 1590 aut
1269 1525 1344 1589 de
1401 1526 1644 1590 ratione
1699 1525 1929 1589 habere
1987 1526 2442 1607 quaestionem.
2500 1543 2645 1588 cum

255 1650 306 1689 10
345 1652 490 1718 ergo
539 1632 836 1715 Epicurei
891 1650 1238 1714 numquam
1295 1650 1521 1697 sensus
1570 1631 1850 1713 corporis
1906 1632 2043 1695 falli
2094 1631 2395 1707 dicerent,
2442 1628 2644 1695 Stoici

343 1744 556 1804 autem
595 1740 732 1803 falli
771 1738 1106 1821 aliquando
1138 1737 1572 1813 concederent,
1612 1738 1867 1820 utrique
1906 1741 2119 1802 tamen
2158 1737 2443 1821 regulam
2466 1755 2643 1807 ,com-

339 1845 816 1929 prehendendae
871 1844 1166 1910 ueritatis
1213 1845 1278 1909 in
1327 1844 1623 1909 sensibus
1672 1848 1993 1926 ponerent,
2044 1844 2186 1926 quis
2233 1844 2379 1907 istis
2426 1846 2645 1907 contra

341 1952 700 2017 dicentibus
747 1950 996 2015 audiret
1040 1950 1450 2017 Platonicos?
1508 1951 1653 2032 quis
1710 1969 1833 2017 non
1888 1950 2077 2016 modo
2134 1952 2199 2015 in
2258 1949 2639 2033 sapientium

340 2059 453 2123 sed
499 2059 752 2124 omnino
801 2060 864 2123 in
918 2058 1248 2123 hominum
1296 2076 1557 2122 numero
1614 2056 1936 2122 habendos
1984 2060 2259 2140 putaret,
2317 2057 2373 2121 si
2420 2056 2496 2122 ab
2548 2058 2639 2120 eis

249 2183 298 2223 ιε
337 2168 626 2248 prompte
674 2165 988 2230 diceretur
1043 2185 1166 2230 non
1223 2164 1432 2229 solum
1481 2182 1623 2228 esse
1682 2164 1943 2245 aliquid,
1994 2163 2163 2247 quod
2210 2182 2414 2246 neque
2460 2167 2639 2228 tactu

337 2271 617 2354 corporis
683 2290 886 2353 neque
953 2270 1188 2334 olfactu
1263 2270 1368 2333 uel
1443 2273 1709 2351 gustatu
1776 2288 1981 2350 neque
2045 2269 2147 2333 his
2214 2270 2473 2333 auribus
2530 2273 2643 2333 aut

336 2378 536 2443 oculis
601 2377 837 2461 percipi
901 2376 1112 2459 possit
1173 2394 1375 2458 neque
1433 2376 1686 2440 omnino
1742 2377 1971 2441 talium
2034 2396 2265 2453 rerum,
2326 2394 2484 2458 quae
2548 2376 2639 2439 ita

333 2485 736 2561 sentirentur,
779 2483 990 2564 aliqua
1016 2482 1468 2565 imaginatione
1503 2482 1789 2565 cogitari,
1830 2483 1942 2547 sed
1970 2480 2035 2546 id
2075 2482 2285 2547 solum
2313 2500 2461 2545 uere
2492 2499 2633 2545 esse

331 2596 522 2675 atque
567 2590 632 2655 id
681 2591 890 2654 solum
937 2608 1124 2672 posse
1161 2588 1420 2672 percipi,
1461 2590 1613 2673 quia
1646 2588 2166 2655 incommutabile
2205 2592 2271 2653 et
2308 2587 2634 2671 sempiter-

241 2719 296 2759 20
335 2717 488 2763 num
526 2700 644 2775 est,
682 2696 922 2779 percipi
961 2700 1176 2760 autem
1215 2697 1352 2761 sola
1387 2696 1849 2780 intellegentia,
1890 2716 2015 2779 qua
2050 2714 2177 2761 una
2212 2695 2469 2772 ueritas,
2510 2713 2631 2776 quo

328 2804 516 2870 modo
563 2803 808 2887 adtingi
851 2805 1086 2885 potest,
1137 2801 1524 2885 adtingitur?

146 2916 234 2978 20
421 2910 580 2976 Cum
648 2927 797 2993 ergo
863 2908 1018 2973 talia
1085 2909 1393 2974 sentirent
1445 2910 1781 2989 Platonici,
1848 2929 2009 2993 quae
2074 2928 2277 2992 neque
2335 2908 2635 2972 docerent

331 3017 500 3081 carni
567 3016 816 3081 deditos
880 3015 1170 3081 homines
1237 3034 1438 3097 neque
1501 3020 1681 3081 tanta
1744 3020 1959 3082 essent
2020 3016 2399 3082 auctoritate
2466 3012 2633 3096 apud

328 3125 622 3207 popuIOS,
687 3126 762 3187 ut
815 3122 1124 3188 credenda
1187 3122 1659 3205 persuaderent,
1725 3124 1921 3189 donec
1986 3123 2065 3188 ad
2130 3142 2276 3188 eum
2341 3122 2629 3185 habitum

233 3248 288 3288 25
327 3230 780 3311 perduceretur
833 3230 1101 3308 animus,
1151 3248 1276 3310 quo
1333 3228 1462 3293 ista
1517 3228 1871 3312 capiuntur,
1930 3230 2255 3313 elegerunt
2312 3226 2629 3293 occultare

329 3336 712 3401 sententiam
777 3354 959 3401 suam
1018 3338 1085 3400 et
1140 3338 1358 3401 contra
1414 3354 1522 3401 eos
1580 3336 1909 3413 disserere,
1969 3336 2079 3419 qui
2132 3354 2359 3399 uerum
2416 3352 2485 3397 se
2538 3331 2630 3397 in-

327 3442 583 3507 uenisse
631 3443 956 3520 iactarent,
1007 3462 1152 3506 cum
1207 3442 1641 3506 inuentionem
1688 3442 1893 3525 ipsam
1940 3442 2079 3509 ueri
2124 3442 2187 3506 in
2237 3440 2441 3506 carnis
2489 3458 2628 3503 sen-

329 3550 507 3614 sibus
585 3552 908 3633 ponerent.
985 3553 1050 3613 et
1126 3567 1344 3614 eorum
1420 3550 1675 3631 quidem
1743 3550 2082 3615 consilium
2160 3548 2344 3633 quale
2416 3545 2627 3619 fuerit,

328 3656 480 3739 quid
529 3656 774 3721 adtinet
810 3660 1152 3739 quaerere?
1205 3656 1492 3721 diuinum
1533 3661 1701 3722 certe
1748 3658 1855 3721 uel
1894 3658 2109 3721 diuina
2156 3656 2369 3740 aliqua
2412 3656 2629 3717 aucto-

400 3860 427 3914 1
470 3860 740 3915 discerent
774 3860 898 3914 MA
1036 3862 1068 3915 3
1108 3860 1398 3915 stultorum
1438 3860 1827 3917 abundantiam
1864 3878 1967 3917 om.
2007 3864 2062 3916 A
2204 3864 2241 3916 4
2280 3860 2521 3916 debitam
2556 3861 2635 3914 M

325 3949 359 4001 9
397 3950 770 4017 quaestionem
807 3949 1007 4003 habere
1046 3950 1164 4004 edd.
1315 3952 1378 4005 11
1423 3950 1715 4019 aliquando
1752 3951 1871 4005 falli
1910 3952 1965 4004 R
2104 3952 2170 4007 13
2208 3951 2447 4013 auderet,
2488 3964 2624 4004 corr.

324 4042 444 4091 m.1
479 4036 696 4091 audiret
731 4038 789 4092 P
961 4040 1016 4092 in
1057 4039 1408 4109 sapientium]
1451 4040 1825 4111 insipientium
1861 4040 2068 4095 MP²V
2246 4041 2313 4095 16
2351 4040 2555 4093 olfatu»
2586 4038 2627 4103 (i

325 4124 490 4197 eras.)
539 4126 592 4179 V
765 4126 854 4180 uel
892 4132 1056 4197 gustu
1093 4128 1208 4181 PV
1238 4144 1414 4197 neque
1453 4134 1618 4198 gustu
1655 4128 1713 4183 R
1896 4130 1959 4182 18
1995 4128 2053 4182 id
2090 4130 2155 4182 in
2178 4130 2299 4199 fine
2334 4146 2391 4181 w.
2430 4144 2531 4182 om.
2570 4126 2627 4182 R

394 4230 582 4268 uerum
609 4214 720 4270 PR
829 4218 896 4269 19
935 4217 1076 4285 quia,
1113 4232 1182 4270 m.
1205 4220 1248 4271 2
1281 4232 1419 4271 corr.
1456 4217 1574 4271 uid.
1617 4216 1763 4286 quod
1788 4218 1861 4271 Ρι
1900 4217 2045 4287 quod
2084 4216 2137 4269 V
2238 4218 2309 4271 20
2348 4216 2475 4286 quia
2500 4216 2624 4270 MA

327 4304 368 4369 (i
402 4306 694 4371 semiraso)
724 4304 782 4359 R
871 4306 940 4359 22
978 4306 1221 4373 sentiret,
1259 4322 1398 4361 corr.
1440 4324 1506 4362 m.
1526 4312 1558 4360 1
1584 4308 1853 4361 sentirent
1880 4307 1953 4361 M
2036 4308 2108 4362 24
2144 4304 2503 4377 possiderent,
2530 4304 2627 4359 sed

325 4393 399 4447 ssi
437 4409 576 4449 eras.
617 4396 667 4446 A
814 4395 884 4449 25
923 4394 1203 4464 elegerent
1237 4396 1338 4467 (sic
1359 4399 1398 4461 Ι)
1439 4396 1492 4449 A
1630 4398 1699 4451 26
1738 4396 1987 4461 sentiam,
2025 4414 2094 4451 m.
2118 4400 2158 4451 2
2193 4395 2520 4451 sententiam
2557 4392 2629 4446 M
