3184 4959
534 364 660 426 712
791 362 796 367 ’
1255 358 1306 412 S.
1365 358 1634 413 Aureli
1688 358 2123 429 Augustini
3086 367 3094 671 ἱ

535 554 660 617 est
733 556 812 617 et
881 550 1347 616 resurrexit
1419 570 1562 619 nec
1634 552 1789 617 iam
1864 553 2262 619 morietur
2327 558 2405 618 et
2476 572 2688 619 mors
2768 554 2843 617 ei

535 659 755 723 ultra.
799 677 948 723 non
998 658 1578 724 dominabitur.
1630 678 1703 724 ea
1742 678 1913 738 uero,
1964 679 2125 742 quae
2173 660 2452 725 nondum
2502 664 2673 738 sunt,
2724 662 2845 725 sed
3091 674 3096 751 1

532 766 750 830 futura
796 768 948 829 sunt
993 766 1164 829 sicut
1209 770 1570 831 nostrorum
1620 766 2001 849 spiritalium
2052 786 2381 851 corporum
2432 768 2842 843 resurrectiO,

533 873 624 937 ita
671 872 1030 948 creduntur,
1088 876 1164 937 ut
1209 874 1402 937 etiam
1447 874 1723 938 uidenda
1770 878 2130 958 sperentur;
2190 874 2303 939 sed
2351 874 2601 939 ostendi
2644 874 2841 939 modo

533 979 708 1043 nullo
745 982 1019 1062 possunt
1053 978 1261 1045 modo.
1312 1000 1472 1062 quae
1511 1000 1663 1045 uero
1712 981 1804 1044 ita
1850 984 2017 1060 sunt,
2067 984 2140 1045 ut
2186 1000 2393 1064 neque
2438 984 2843 1065 praetereant
2906 1004 2931 1043 5

534 1104 740 1168 neque
795 1084 1010 1151 futura
1057 1086 1205 1162 sint,
1264 1087 1372 1151 sed
1423 1090 1677 1153 aeterna
1720 1092 2145 1170 permaneant,
2200 1088 2431 1171 partim
2480 1090 2632 1153 sunt
2675 1088 2845 1152 inui-

538 1192 750 1258 sibilia
813 1192 982 1257 sicut
1044 1192 1314 1269 iustitia,
1393 1194 1561 1258 sicut
1626 1194 1955 1277 sapientia,
2021 1195 2253 1277 partim
2318 1194 2601 1259 uisibilia
2664 1194 2845 1259 sicut

541 1296 778 1363 Christi
821 1298 1156 1364 inmortale
1201 1300 1327 1363 iam
1376 1318 1626 1383 corpuS.
1698 1299 1810 1364 sed
1866 1299 2347 1365 inuisibilia
2392 1300 2843 1366 intellecta

539 1404 1174 1488 conspiciuntur
1219 1425 1291 1471 ac
1338 1426 1451 1489 per
1497 1407 1617 1472 hoc
1666 1409 1731 1471 et
1776 1408 1917 1490 ipsa
1960 1407 2149 1473 modo
2199 1408 2473 1490 quodam
2522 1407 2646 1472 sibi
2694 1425 2843 1473 con-

537 1532 694 1597 gruo
759 1511 1059 1578 uidentur
1112 1516 1195 1593 et,
1256 1532 1401 1577 cum
1465 1513 1780 1593 uidentur,
1846 1514 2051 1579 multo
2107 1515 2373 1579 certiora
2436 1517 2587 1578 sunt
2640 1532 2837 1594 quam
2880 1540 2937 1578 ιο

539 1638 632 1695 ea,
671 1638 830 1701 quae
869 1619 1148 1703 corporis
1187 1638 1411 1685 sensus
1449 1620 1755 1705 adtingit;
1798 1620 1909 1685 sed
1947 1620 2089 1685 ideo
2128 1620 2427 1685 dicuntur
2461 1619 2841 1697 inuisibilia,

540 1726 688 1809 quia
743 1726 946 1792 oculis
1004 1727 1149 1791 istis
1206 1727 1582 1791 mortalibus
1650 1727 1852 1792 uideri
1909 1726 2158 1793 omnino
2224 1746 2349 1793 non
2414 1730 2705 1811 possunt.
2772 1732 2841 1791 at

537 1833 668 1913 illa,
721 1853 880 1917 quae
929 1832 1212 1898 nisibilia
1259 1838 1410 1899 sunt
1453 1834 1900 1916 permanentia,
1958 1838 2249 1917 possunt,
2298 1835 2352 1899 si
2402 1834 2843 1911 ostendantur,

541 1940 730 2005 etiam
815 1940 915 2005 his
991 1941 1367 2005 mortalibus
1444 1941 1645 2005 oculis
1720 1942 2023 2023 conspici,
2108 1942 2278 2007 sicut
2358 1960 2427 2007 se
2502 1940 2842 2023 discipulis

539 2050 688 2129 post
731 2047 1254 2112 resurrectionem
1298 2046 1592 2111 dominus
1635 2046 1933 2126 ostendit,
1982 2046 2153 2112 sicut
2189 2046 2381 2111 etiam
2429 2052 2577 2130 post
2622 2066 2843 2112 ascen·
2882 2070 2935 2111 is

541 2154 782 2219 sionem
831 2153 1119 2237 apostolo
1168 2154 1366 2219 Paulo
1415 2159 1482 2220 et
1525 2154 1786 2219 diacono
1836 2154 2177 2236 Stephano.

440 2259 520 2322 10
630 2259 900 2325 Proinde
956 2260 1080 2325 ista
1135 2260 1419 2325 nisibilia
1473 2261 1904 2345 permanentia
1958 2263 2050 2325 ita
2104 2260 2442 2339 credimus,
2498 2264 2593 2337 ut,
2641 2259 2839 2324 etiam

543 2368 598 2432 si
661 2386 782 2433 non
841 2367 1364 2447 demonstrentur,
1433 2387 1762 2450 speremus
1820 2388 1895 2433 ea
1957 2386 2073 2433 nos
2139 2368 2515 2451 quandoque
2580 2366 2839 2431 uisuros

541 2492 657 2539 nec
712 2494 785 2539 ea
830 2493 1129 2540 conemur
1181 2477 1420 2541 ratione
1476 2476 1934 2557 intellectuque
1983 2475 2530 2557 comprehendere,
2586 2473 2711 2538 nisi
2764 2476 2845 2537 ut

545 2600 637 2657 ea,
685 2583 835 2663 quia
881 2582 1166 2648 uisibilia
1219 2589 1388 2658 sunt,
1438 2582 1514 2647 ab
1562 2581 1999 2647 inuisibilibus
2047 2581 2410 2647 distinctius
2458 2580 2843 2665 cogitemuS,
2880 2604 2937 2642 ω

546 2693 628 2767 et,
695 2708 840 2753 cnm
907 2688 1312 2773 cogitatione,
1380 2688 1592 2771 qualia
1656 2688 1804 2766 sint,
1879 2688 2318 2772 imaginamur,
2393 2688 2551 2752 satis
2616 2686 2845 2768 utique

545 2796 844 2861 nouimus
901 2814 974 2860 ea
1029 2796 1212 2861 nobis
1268 2798 1418 2860 nota
1471 2814 1592 2861 non
1652 2814 1813 2861 esse.
1872 2814 2015 2859 nam
2066 2797 2131 2859 et
2175 2792 2576 2859 Antiochiam
2625 2792 2843 2875 cogito

545 2902 930 2987 incognitam
981 2902 1091 2967 sed
1129 2922 1250 2968 non
1299 2903 1470 2967 sicut
1507 2900 1957 2985 Carthaginem
1995 2900 2344 2985 cognitam3
2392 2899 2567 2963 illam
2606 2896 2845 2981 quippe

546 3009 859 3074 uisionem
899 3008 1204 3093 cogitatio
1252 3027 1392 3073 mea
1437 3008 1644 3092 fingit,
1694 3007 1854 3072 hanc
1890 3005 2143 3082 recolit;
2192 3023 2591 3088 nequaquam
2626 3008 2845 3067 tamen

549 3114 793 3192 dubito,
853 3114 990 3177 siue
1047 3113 1216 3196 quod
1272 3113 1348 3177 de
1403 3113 1516 3177 illa
1568 3113 1845 3178 testibus
1903 3111 2125 3176 multis
2182 3110 2321 3175 siue
2371 3108 2537 3191 quod
2583 3107 2659 3171 de
2714 3108 2845 3171 ista
2884 3137 2937 3173 τε.

547 3221 706 3285 meis
755 3219 1116 3303 aspectibus
1157 3219 1416 3285 credidi.
1465 3219 1775 3284 iustitiam
1827 3236 1978 3283 uero
2029 3222 2093 3282 et
2138 3217 2513 3301 sapientiam
2562 3218 2627 3279 et
2668 3213 2846 3295 quic-

549 3326 701 3409 quid
747 3326 886 3391 eius
943 3326 1112 3391 modi
1161 3329 1261 3392 est
1315 3346 1436 3391 non
1483 3327 1669 3390 aliter
1720 3325 2162 3409 imaginamur,
2219 3324 2405 3389 aliter
2448 3325 2843 3397 contuemur,

727 3536 760 3589 8
796 3536 950 3589 Rom.
995 3537 1041 3601 1,
1079 3536 1149 3590 20
1261 3536 1328 3589 14
1364 3534 1561 3589 Matth.
1600 3534 1687 3601 28,
1726 3534 1927 3597 9—10;
1968 3534 2132 3587 Marc.
2176 3534 2259 3599 16,
2297 3532 2463 3597 5—7;
2501 3532 2559 3595 9;
2604 3530 2843 3586 12-14:

549 3626 675 3679 Luc.
715 3626 801 3689 24,
839 3626 1006 3689 4—7;
1050 3625 1141 3688 15;
1181 3626 1276 3688 36;
1315 3624 1432 3680 1011.
1471 3625 1559 3690 20,
1603 3626 1692 3687 14;
1735 3624 1826 3687 19;
1868 3624 1963 3685 26;
2004 3623 2089 3686 21,
2132 3623 2157 3675 1
2320 3622 2385 3675 15
2424 3622 2545 3675 Act.
2585 3620 2635 3683 9,
2674 3620 2843 3674 3-5:

553 3716 602 3779 7,
642 3718 710 3771 55

625 3832 648 3883 1
692 3830 921 3885 moritur
955 3830 1010 3883 P
1044 3829 1165 3885 edd.
1203 3829 1451 3898 Euyippi
1486 3828 1602 3883 cod.
1652 3828 1777 3881 Vat.
1816 3842 1916 3881 sec.
1954 3842 2098 3882 sac-r.
2140 3825 2244 3881 litt.
2377 3824 2442 3877 12
2480 3822 2630 3876 ist-is
2671 3824 2786 3890 (pr.
2826 3822 2843 3873 i

550 3920 614 3973 in
647 3923 784 3985 ras.)
825 3920 878 3971 Β
1022 3920 1102 3989 at]
1143 3922 1238 3972 aut
1273 3918 1385 3971 BT
1419 3922 1480 3971 ut
1525 3918 1594 3970 Τι
1726 3918 1791 3972 13
1822 3916 2090 3970 *nisibilia
2126 3914 2181 3967 B
2310 3913 2375 3966 16
2416 3911 2689 3981 Stephano
2728 3909 2849 3963 dia-

553 4025 686 4063 cono
725 4008 844 4063 edd.
985 4009 1049 4062 18
1090 4008 1590 4062 demonstrarentur
1633 4005 1679 4060 Ο
1809 4007 1873 4059 19
1912 4006 2123 4059 ratione
2160 4002 2252 4056 uel
2286 4000 2571 4055 intellectu
2616 3998 2848 4053 OPTm

552 4097 832 4151 intellectu
871 4097 1188 4165 rationeque
1232 4096 1300 4149 Τ1
1447 4100 1508 4149 ut
1545 4112 1648 4150 om.
1694 4094 1741 4148 Ο
1910 4094 1979 4147 20
2019 4093 2147 4161 quia
2182 4088 2441 4159 nisibilia]
2482 4104 2619 4157 quae
2658 4087 2853 4141 inuisi-

552 4186 688 4241 bilia
732 4186 838 4241 OT
939 4188 1006 4240 22
1048 4188 1230 4256 cogita
1258 4187 1313 4239 Β
1409 4187 1477 4240 23
1515 4185 1665 4239 1113111
1694 4200 1797 4239 om.
1830 4184 2065 4237 ΒΡΤΤ1
2168 4182 2237 4235 26
2276 4178 2507 4234 credidit
2546 4182 2595 4243 (t
2623 4184 2769 4247 exp.)
2800 4178 2859 4231 P

553 4276 622 4330 27
661 4275 956 4329 eiusmodi·
985 4282 1068 4329 est
1109 4276 1157 4327 Β
1301 4274 1615 4344 imaginam'
1657 4279 1745 4338 (=
1784 4273 2165 4343 imaginamus)
2215 4268 2261 4323 O

2328 4937 2331 4939 ,
2360 4793 3142 4940 ἐ,,...-1-
