3184 4959
1094 442 1624 512 epistularum
1681 443 1947 498 LXXXII.
2531 453 2658 514 365

372 643 583 702 autem
647 637 1001 702 necessario
1067 637 1371 715 facienda,
1438 639 1622 720 quasi
1685 639 1890 704 adhuc
1958 640 2410 722 expectandum
2467 645 2658 708 esset.

370 750 441 810 ut
488 745 733 809 ueniret
778 744 925 809 fidei
970 744 1297 822 reuelatio‚
1337 763 1496 826 quae
1540 745 1642 808 his
1681 745 2157 828 significabatur
2195 765 2332 810 esse
2372 750 2658 812 uentura.

371 853 482 916 sed
546 852 839 934 quamuis
905 851 1203 936 gentibus
1263 851 1618 935 inponenda
1675 873 1798 917 non
1858 857 2088 930 essent,
2139 874 2260 918 non
2309 857 2516 918 tamen
2569 855 2658 918 sic

371 959 664 1024 debuisse
728 959 957 1024 auferri
1024 978 1058 1022 a
1124 960 1578 1024 consuetudine
1643 959 2022 1026 Iudaeorum
2093 966 2416 1044 tamquam
2493 962 2662 1026 dete-

308 1091 332 1128 5
372 1067 591 1130 standa
623 1073 812 1148 atque
843 1065 1207 1130 damnanda.
1246 1067 1484 1130 sensim
1510 1067 1770 1148 proinde
1809 1072 1999 1150 atque
2034 1068 2342 1151 paulatim
2379 1069 2662 1134 feruente

288 1633 337 1670 10

372 1192 519 1238 sane
564 1172 1026 1256 praedicatione
1075 1173 1311 1256 gratiae
1360 1173 1618 1251 Christi,
1666 1194 1790 1257 qua
1837 1176 1974 1240 sola
2019 1178 2278 1240 nossent
2335 1175 2661 1242 credentes

372 1301 439 1344 se
512 1280 843 1346 iustificari
920 1280 1261 1362 saluosque
1335 1280 1489 1358 fieri,
1556 1301 1676 1345 non
1744 1281 1872 1346 illis
1937 1281 2178 1346 umbris
2244 1301 2452 1346 rerum
2517 1287 2660 1348 ante

371 1389 723 1454 futurarum
768 1394 919 1454 tunc
967 1389 1095 1452 iam
1140 1389 1533 1454 uenientium
1580 1393 1774 1471 atque
1821 1390 2272 1473 praesentium,
2313 1393 2385 1454 ut
2421 1390 2480 1454 in
2520 1391 2662 1455 illo-

372 1516 507 1560 rum
565 1495 941 1561 Iudaeorum
1010 1496 1361 1572 uocatione,
1429 1515 1588 1578 quos
1645 1497 1998 1579 praesentia
2054 1497 2256 1561 carnis
2317 1497 2552 1561 domini
2599 1500 2664 1563 et

374 1604 721 1685 apostolica
784 1606 1069 1685 tempora
1126 1602 1217 1667 sic
1272 1603 1662 1681 inuenerant,
1711 1605 1914 1669 omnis
1961 1605 2072 1669 illa
2119 1607 2284 1670 actio
2333 1624 2662 1670 consume·

370 1713 543 1774 retur
605 1711 989 1788 umbrarum,
1060 1711 1181 1774 hoc
1244 1708 1301 1774 ei
1365 1711 1696 1776 suffecisse
1762 1710 1839 1775 ad
1897 1712 2530 1788 commendationem,
2585 1717 2662 1776 ut

372 1837 491 1883 non
540 1821 865 1900 tamquam
916 1817 1287 1882 detestanda
1332 1822 1397 1882 et
1441 1817 1673 1884 similis
1721 1819 2050 1884 idolatriae
2107 1821 2438 1897 niteretur,
2497 1818 2664 1881 ultra

372 1943 521 1988 uero
586 1943 709 1988 non
774 1925 1033 1988 haberet
1084 1943 1514 2008 progressum,
1570 1945 1648 1989 ne
1703 1929 2033 2007 putaretur
2079 1925 2455 1995 necessaria,
2503 1930 2664 1988 tam-

374 2051 561 2114 quam
626 2033 730 2096 uel
798 2032 873 2096 ab
930 2032 1043 2096 illa
1098 2032 1271 2096 salus
1328 2037 1501 2096 esset
1553 2033 1658 2096 uel
1717 2034 1849 2098 sine
1904 2033 2014 2100 illa
2069 2054 2208 2100 esse
2255 2053 2375 2098 non
2423 2038 2662 2117 posset,

374 2139 541 2220 quod
590 2141 977 2221 putauerunt
1020 2139 1343 2214 haeretici,
1392 2140 1501 2220 qui
1549 2139 1701 2204 dum
1747 2140 1976 2206 uolunt
2024 2144 2088 2206 et
2131 2141 2352 2205 Iudaei
2401 2159 2542 2205 esse
2601 2143 2666 2203 et

374 2245 736 2322 Christiani,
786 2264 897 2308 nec
947 2245 1165 2308 Iudaei
1209 2264 1324 2309 nec
1373 2245 1713 2310 Christiani
1771 2265 1910 2311 esse
1965 2250 2330 2330 potuerunt.
2397 2265 2664 2328 quorum

374 2353 749 2418 sententiam
804 2352 959 2417 mihi
1017 2353 1383 2429 cauendam,
1434 2352 1728 2434 quamuis
1774 2352 1840 2416 in
1897 2371 1970 2416 ea
2023 2372 2370 2434 numquam
2417 2353 2662 2428 fuerim,

373 2467 581 2525 tamen
629 2459 1217 2525 beniuolentissime
1275 2459 1605 2525 admonere
1663 2458 1958 2543 dignatus
2015 2479 2102 2524 es.
2169 2460 2230 2524 in
2289 2461 2470 2524 cuius
2526 2478 2662 2523 sen-

372 2568 607 2632 tentiae
672 2587 795 2632 non
862 2566 1342 2632 consensionem
1407 2567 1519 2631 sed
1596 2566 2068 2632 simulationem
2143 2567 2368 2631 timore
2431 2567 2660 2631 Petrus

286 2701 309 2737 ε
374 2674 697 2752 inciderat,
764 2678 838 2740 ut
901 2675 977 2738 de
1042 2675 1152 2739 illo
1209 2674 1450 2738 Paulus
1516 2673 1848 2738 uerissime
1913 2674 2234 2750 scriberet,
2293 2673 2458 2757 quod
2517 2693 2662 2738 eum

376 2781 648 2846 uidisset
690 2800 813 2846 non
860 2784 1029 2846 recte
1076 2781 1533 2866 ingredientem
1580 2779 1660 2842 ad
1706 2780 2040 2844 ueritatem
2092 2781 2424 2864 euangelii,
2481 2781 2662 2862 eique

558 2991 766 3045 15—18
806 2991 869 3044 cs.
912 3009 960 3060 p.
1002 2991 1124 3054 303,
1166 2993 1394 3052 7-304‚
1438 2993 1503 3044 10

452 3115 474 3166 1
520 3114 998 3184 expecmtandum
1034 3115 1075 3167 Ι
1231 3133 1346 3170 esse
1383 3116 1693 3170 PMAP¹R
1874 3119 1906 3170 2
1945 3115 2072 3170 fidei
2111 3132 2212 3170 om.
2250 3115 2319 3169 H
2475 3116 2564 3168 hic
2601 3114 2668 3168 H

376 3205 425 3256 5.
464 3203 497 3257 8
536 3204 711 3272 adque
741 3202 808 3257 H
947 3203 1252 3260 damnanda
1288 3206 1485 3259 sensim
1528 3211 1582 3272 (a
1620 3206 1822 3259 sensim
1858 3205 1922 3260 in
1959 3221 2070 3259 ras.
2109 3223 2176 3260 m.
2201 3210 2259 3269 2)
2291 3203 2366 3256 1¹¹
2513 3204 2664 3258 dam-

376 3292 575 3362 nanda]
618 3293 869 3347 damnum
904 3293 1009 3346 HI
1163 3293 1447 3364 paulatim]
1488 3296 1696 3364 prolam
1731 3295 1796 3348 H
1967 3296 2213 3349 ferbente
2252 3295 2287 3346 1
2465 3295 2497 3348 6
2535 3310 2665 3348 sane

377 3399 479 3438 om.
516 3381 591 3436 1³¹
628 3399 761 3437 sana
798 3383 935 3436 lrm
1083 3383 1209 3452 qua]
1253 3400 1353 3452 que
1392 3385 1447 3437 P
1624 3386 1656 3438 7
1694 3385 1982 3454 salbosque
2019 3384 2085 3438 H
2233 3389 2361 3454 post
2397 3387 2522 3437 ante
2561 3385 2594 3437 l.
2635 3401 2668 3437 a

378 3469 581 3526 detrita
619 3477 721 3526 aut
757 3487 923 3526 erasa
958 3472 1075 3526 uid.
1116 3472 1173 3524 P
1205 3477 1367 3528 antea
1390 3473 1495 3526 HI
1523 3474 1644 3528 edel.
1755 3475 1788 3526 8
1827 3475 1882 3527 in
1924 3491 2025 3529 om.
2055 3474 2122 3528 H
2260 3475 2495 3534 illorum.
2526 3489 2664 3528 cor-r.

379 3575 443 3612 m.
467 3564 497 3612 1
531 3559 746 3615 illarum
784 3561 857 3613 M
888 3561 1102 3616 illarum
1140 3561 1303 3616 PAR
1508 3565 1541 3616 9
1578 3565 1851 3634 presentie²
1891 3563 1956 3616 H
2164 3563 2230 3618 10
2269 3563 2566 3633 apostolice
2603 3561 2672 3616 H

450 3649 527 3702 sic
568 3655 613 3714 (s
650 3655 815 3716 eras.)
854 3653 908 3703 A
1052 3652 1389 3712 inuenerant,
1428 3667 1606 3720 supra
1645 3653 1855 3719 (m.1:'?)
1893 3654 1920 3706 1
1955 3657 2082 3706 runt
2117 3652 2171 3705 R
2315 3653 2498 3706 hactio
2539 3669 2665 3708 con-

376 3741 712 3792 sumerentur
750 3739 815 3792 H
906 3741 967 3794 11
1012 3741 1087 3794 eis
1116 3739 1305 3795 HMR
1342 3742 1460 3797 edd.
1570 3741 1834 3796 sufficisse
1865 3742 2022 3796 HPI
2111 3744 2176 3797 12
2215 3759 2325 3796 non
2363 3742 2662 3810 tamquam]

378 3831 509 3880 nota
538 3843 699 3896 quam
726 3827 793 3881 H
934 3828 1311 3884 detestandam
1338 3829 1407 3883 H
1544 3830 1886 3886 idololatriae
1915 3830 2036 3887 edd.
2064 3835 2292 3898 praeter
2311 3848 2348 3884 a
2453 3831 2516 3884 13
2546 3846 2668 3898 pro-

380 3933 595 3985 gressu*
626 3917 767 3984 (suit
805 3921 851 3983 s)
891 3935 1009 3972 sum
1046 3919 1101 3972 A
1238 3921 1305 3972 14
1341 3919 1441 3973 illa
1475 3936 1540 3973 ατ
1574 3937 1706 3984 rm„
1733 3919 1856 3987 fuit
1893 3921 2006 3974 ulla
2040 3921 2094 3976 R
2235 3922 2299 3974 15
2336 3919 2669 3989 putaberunt

380 4003 482 4058 HI
578 4005 641 4058 17
681 4005 977 4060 cabendam
1014 4008 1056 4060 I
1085 4007 1399 4070 mirandam,
1439 4025 1575 4063 corr.
1619 4007 1832 4073 (m.1?)
1875 4008 2170 4062 cauendam
2197 4008 2274 4062 M
2375 4008 2432 4060 in
2472 4023 2589 4060 eam
2615 4005 2672 4060 P

450 4109 745 4162 numquam
782 4093 999 4164 fuerim]
1040 4113 1147 4150 non
1184 4095 1391 4151 fuerint
1426 4097 1493 4150 H
1635 4098 1702 4151 18
1741 4097 2244 4152 boniuolcntissime
2283 4095 2578 4150 ammoneri
2615 4094 2670 4148 A

386 4182 451 4234 19
487 4183 889 4242 simulationum
929 4185 984 4239 A
1126 4185 1321 4240 Petrus
1358 4187 1553 4240 timore
1590 4186 1714 4240 cdd.
1742 4192 2028 4254 praetera
2159 4186 2230 4240 20
2269 4201 2388 4238 eum
2427 4201 2492 4237 ex
2529 4199 2666 4236 corr.

382 4273 511 4324 mk>
546 4271 619 4324 Ρι
660 4289 778 4326 cum
815 4273 993 4326 PMA
1172 4275 1237 4329 21
1280 4274 1483 4327 uidisse
1520 4274 1589 4327 H
1743 4276 1854 4344 eiq;
1895 4277 1980 4344 (q;
2019 4275 2080 4328 in
2119 4289 2228 4328 ras.
2268 4278 2298 4327 1
2337 4275 2370 4329 1.
2409 4291 2476 4326 m.
2499 4276 2559 4338 2)
2599 4273 2668 4325 Ρι

385 4359 433 4411 ei
472 4361 563 4428 qui
601 4359 657 4413 P
692 4361 741 4414 ei
782 4378 870 4430 qw·
892 4380 906 4414 .1
942 4365 997 4416 A
