3184 4959
518 493 647 558 486
1230 493 1285 547 S.
1340 491 1619 546 Aureli
1673 491 2108 560 Augustini

516 686 784 752 unitatis
830 687 991 750 retia
1033 687 1399 758 tolerantes,
1449 686 1647 751 donec
1697 685 1776 751 ad
1823 685 1978 752 litus
2026 686 2316 768 perducti
2358 691 2820 770 separarentur,

516 797 649 858 tam
685 793 983 858 immanis
1022 812 1237 858 eorum
1278 813 1446 859 error
1484 798 1549 858 et
1584 794 1878 878 impietas
1916 793 2288 877 inquinabat
2326 796 2457 874 aut,
2511 795 2567 860 si
2614 794 2822 878 inqui-

516 901 725 978 nabat,
774 900 901 964 iam
946 903 1100 965 tunc
1152 901 1421 965 ecclesia
1466 901 1782 966 malorum
1830 901 2271 966 communione
2321 901 2531 966 deleta
2568 904 2821 967 estnec

516 1009 669 1086 erat,
701 1026 861 1091 quae
890 1010 1138 1091 pareret
1172 1007 1385 1089 ipsum
1418 1007 1822 1092 cyprianum.
1863 1008 1918 1073 si
1950 1012 2184 1086 autem,
2226 1009 2394 1092 quod
2425 1011 2668 1074 certum
2695 1011 2818 1086 est,

516 1116 865 1196 permansit
902 1115 1193 1192 ecclesia,
1234 1117 1477 1179 certum
1517 1116 1618 1179 est
1656 1115 1846 1180 etiam
1883 1115 2166 1199 peccatis
2207 1114 2429 1180 alienis
2468 1117 2532 1181 in
2571 1113 2820 1180 unitate
2885 1135 2920 1174 5

520 1220 759 1286 Christi
794 1221 1109 1287 neminem
1157 1240 1347 1304 posse
1403 1221 1712 1286 maculari
1766 1242 1890 1288 non
1945 1223 2260 1288 malorum
2313 1221 2502 1288 factis
2560 1241 2822 1288 consen-

516 1327 801 1406 tientem,
832 1347 909 1392 ne
945 1328 1105 1411 ipsis
1142 1326 1423 1411 peccatis
1463 1328 1987 1394 communicando
2027 1329 2370 1412 polluatur,
2413 1328 2526 1394 sed
2563 1333 2823 1413 propter

519 1436 889 1500 societatem
926 1435 1235 1500 bonorum
1272 1435 1476 1500 malos
1514 1439 1842 1519 tamquam
1879 1425 2370 1519 paleam'usque
2409 1435 2488 1502 ad
2523 1435 2820 1501 ultimam

516 1542 1003 1608 uentilationem
1048 1542 1112 1606 in
1153 1560 1297 1606 area
1336 1542 1656 1608 dominica
1700 1543 2100 1608 tolerantem.
2150 1561 2310 1627 quae
2350 1562 2494 1608 cum
2539 1543 2632 1608 ita
2669 1543 2821 1618 sint,

519 1649 629 1713 ubi
696 1653 796 1714 est
860 1647 1291 1733 praesumptio
1358 1650 1777 1733 separationis
1842 1655 2138 1716 uestrae?
2217 1667 2420 1716 nonne
2483 1649 2602 1714 filii
2662 1649 2920 1714 malim

520 1757 719 1822 estis?
775 1756 903 1840 ipsi
975 1775 1093 1821 uos
1168 1757 1374 1822 iustos
1449 1755 1686 1836 dicitis,
1761 1747 1994 1822 exitum
2063 1759 2274 1822 autem
2342 1759 2629 1823 uestrum
2692 1777 2816 1822 non

518 1864 799 1928 abluitis.

412 1963 496 2026 43
606 1971 743 2035 Iam
790 1969 846 2034 si
892 1969 1088 2034 uelim
1138 1973 1205 2034 et
1245 1971 1359 2035 illa
1406 1987 1918 2048 commemorare,
1976 1988 2136 2052 quae
2183 1969 2567 2054 Tychonius,
2625 1970 2814 2035 homo

520 2077 985 2143 communionis
1050 2080 1323 2157 uestrae,
1383 2076 1640 2162 scriptis
1697 2076 1833 2142 suis
1889 2075 2134 2156 inserit,
2193 2075 2303 2160 qui
2347 2077 2554 2162 magis
2602 2079 2818 2142 contra

518 2203 636 2250 uos
710 2203 821 2266 pro
897 2183 1165 2249 ecclesia
1242 2183 1554 2250 catholica
1621 2183 1878 2266 scripsit
1939 2183 2176 2248 frustra
2239 2203 2308 2249 se
2376 2184 2453 2249 ab
2517 2183 2816 2249 Afrorum
2858 2204 2918 2244 ιε

520 2291 704 2374 quasi
754 2289 1132 2355 traditorum
1190 2289 1634 2354 communione
1691 2307 2043 2366 secernenS,
2101 2309 2224 2372 quo
2279 2309 2408 2355 uno
2464 2309 2612 2356 eum
2665 2289 2815 2355 Par-

517 2399 847 2463 menianus
914 2397 1204 2474 suffocat,
1274 2395 1429 2480 quid
1490 2395 1869 2478 respondere
1931 2395 2247 2480 poteritis,
2313 2395 2437 2462 nisi
2504 2397 2674 2482 quod
2737 2398 2816 2462 de

518 2504 703 2571 uobis
751 2505 920 2569 idem
969 2503 1331 2588 Tychonius
1381 2502 1539 2567 dixit
1584 2505 1651 2567 et
1697 2521 1814 2588 ego
1861 2503 2051 2586 paulo
2099 2507 2245 2569 ante
2290 2504 2562 2570 recolui:
2609 2501 2818 2584 ‘Quod

516 2612 838 2690 uolumuS‚
906 2617 1200 2677 sanctum
1256 2615 1417 2677 est’?
1486 2609 1711 2676 scribit
1776 2610 1941 2675 enim
2006 2611 2116 2676 ille
2171 2611 2557 2696 TychoniuS,
2606 2612 2820 2688 hom0‚

516 2721 590 2782 ut
663 2718 811 2796 dixi,
893 2722 1149 2783 uestrae
1220 2717 1704 2793 communioniS,
1791 2737 1826 2781 a
1900 2718 2192 2784 ducentis
2267 2721 2332 2784 et
2414 2718 2822 2803 septuaginta
2859 2739 2925 2778 so

518 2825 834 2909 episcopis
908 2827 1141 2891 uestris
1217 2825 1558 2890 concilium
1638 2823 2008 2910 Carthagini
2081 2824 2490 2904 celebratum,
2556 2825 2619 2889 in
2691 2843 2818 2908 quo

520 2933 785 2998 concilio
832 2951 945 3016 per
992 2933 1398 3018 septuaginta
1445 2935 1511 2998 et
1566 2933 1843 3016 quinque
1900 2930 2035 2997 dies
2090 2932 2470 3016 postpositis
2527 2931 2820 2997 omnibus

518 3038 879 3121 praeteritis
924 3039 1212 3104 limatam
1262 3056 1403 3103 esse
1451 3039 1835 3103 sententiam
1883 3041 2074 3122 atque
2122 3039 2463 3118 decretam,
2510 3042 2584 3104 ut
2628 3037 2819 3102 tradi-

702 3285 727 3337 1
768 3281 963 3336 Matth.
1004 3282 1089 3346 13,
1124 3283 1340 3337 47—49
1476 3283 1510 3336 8
1548 3283 1750 3337 Matth.
1790 3283 1840 3347 3,
1884 3284 1977 3348 123
2023 3285 2105 3348 13,
2147 3283 2386 3349 29—30;
2426 3285 2497 3340 38
2644 3285 2712 3341 10
2748 3285 2820 3340 cf.

520 3391 571 3442 p.
610 3370 734 3435 482,
778 3371 986 3426 13-14
1101 3372 1165 3425 18
1205 3369 1272 3427 cf.
1309 3389 1361 3440 p.
1399 3372 1524 3434 459,
1569 3373 1593 3425 1
2817 3405 2825 3412 ·

597 3513 621 3565 1
661 3513 917 3575 tolentes,
954 3528 1022 3564 m.
1043 3517 1081 3564 2
1116 3528 1292 3582 supra
1326 3512 1354 3565 l'
1390 3513 1688 3566 tolerantes
1726 3512 1782 3566 P
1925 3519 2246 3582 separentur
2282 3515 2350 3568 N
2448 3515 2481 3568 2
2521 3516 2617 3569 aut
2651 3515 2698 3569 si
2735 3515 2820 3568 in-

524 3601 785 3672 quinabat
820 3616 922 3654 om.
968 3599 1015 3653 0
1155 3602 1271 3670 aut]
1313 3607 1376 3656 ut
1412 3601 1468 3655 P
1608 3601 1918 3671 inquinaret
1945 3602 2000 3655 P
2095 3603 2128 3658 3
2168 3603 2486 3658 aecclesiam
2511 3603 2569 3657 P
2710 3605 2818 3673 est]

523 3695 669 3746 esset
702 3691 757 3745 P
868 3691 898 3744 7
935 3692 1027 3761 ne]
1067 3707 1165 3745 nec
1202 3691 1258 3746 R
1400 3691 1738 3762 pollueretur
1771 3692 1828 3745 P
1933 3693 1967 3746 8
2003 3691 2175 3747 malos
2214 3693 2314 3754 bie,
2354 3693 2590 3746 alterum
2627 3691 2730 3747 del.
2758 3691 2830 3746 N

592 3779 754 3850 palea
790 3792 885 3832 n„
924 3781 1164 3848 fortasse
1198 3797 1267 3834 m.
1291 3783 1349 3845 2)
1389 3778 1446 3833 P
1478 3779 1665 3849 paleas
1699 3779 1754 3834 L
1793 3781 1914 3834 edd.
2060 3781 2094 3835 9
2133 3780 2442 3844 uentilatiO,
2479 3784 2606 3838 m.2
2641 3781 2818 3836 uenti-

523 3869 782 3922 lationem
820 3869 877 3920 P
980 3867 1302 3923 tolerantem
1342 3872 1515 3938 (ntem
1550 3869 1616 3922 in
1651 3885 1766 3923 ras.
1804 3887 1873 3926 m.
1898 3869 1955 3938 2)
1991 3867 2046 3922 L
2157 3870 2225 3925 10
2261 3873 2496 3938 nostrae,
2535 3886 2672 3924 corr.
2700 3885 2767 3924 m.
2791 3874 2822 3922 1

523 3962 736 4012 uestrae
772 3957 847 4010 M
986 3957 1114 4012 mali
1150 3957 1250 4012 filii
1287 3958 1343 4013 R
1456 3958 1521 4012 13
1557 3957 1876 4029 thysconius
1913 3958 1968 4026 (h
2007 3964 2058 4012 et
2087 3976 2176 4028 pr.
2215 3977 2241 4013 s
2279 3963 2420 4028 exp.)
2457 3959 2513 4012 P
2633 3959 2696 4012 14
2733 3957 2818 4012 in-

524 4047 695 4101 seruit
728 4047 784 4102 R
932 4046 997 4101 15
1037 4046 1103 4100 ab
1141 4045 1416 4117 Afrorum]
1458 4047 1525 4101 ab
1566 4046 1795 4100 fratrum
1834 4049 1886 4100 A
2027 4049 2092 4103 16
2133 4046 2285 4118 quasi
2323 4064 2390 4102 ex
2425 4063 2563 4102 corr.
2603 4065 2670 4102 m.
2693 4049 2732 4101 2
2767 4048 2820 4101 L

594 4135 978 4206 parmenianus
1024 4135 1193 4206 (post.
1244 4153 1276 4188 a
1318 4139 1452 4190 m.2
1492 4151 1662 4205 super
1703 4151 1818 4190 ras.
1858 4139 1899 4190 2
1937 4137 1990 4201 1.,
2039 4153 2278 4206 quarum
2315 4143 2460 4207 post.
2495 4137 2621 4206 suit
2667 4137 2722 4207 ο)
2767 4135 2823 4188 Ρ

528 4225 592 4278 17
633 4223 833 4278 offocat
870 4224 1023 4290 (ciel)
1061 4223 1115 4277 L
1261 4224 1328 4279 18
1367 4223 1501 4279 dicit
1536 4223 1591 4278 L
1764 4229 1889 4279 ante
1927 4225 2088 4296 paulo
2127 4226 2181 4279 A
2325 4227 2396 4280 20
2433 4225 2822 4280 communionis

526 4317 741 4366 uestrae
776 4313 833 4368 R
960 4314 1023 4368 21
1066 4313 1335 4383 cartagini
1375 4313 1706 4368 celebratum
1746 4313 2029 4368 concilium
2068 4314 2125 4370 R
2270 4315 2546 4385 cartagine
2582 4314 2639 4367 P
2671 4319 2758 4382 (m.
2781 4317 2824 4368 2

524 4402 551 4454 Ι
590 4401 876 4472 cartagini)
913 4401 979 4456 N
1080 4401 1150 4457 22
1190 4401 1437 4457 omnibus
1476 4403 1798 4473 postpositis
1836 4401 1893 4457 R
