3184 4959
1163 459 1691 528 epistularum
1749 457 1946 513 XLIII.
2602 463 2683 526 87

389 655 621 720 ceteris
695 654 1080 719 inuidiosius
1155 657 1220 718 et
1291 653 1693 718 criminosius
1761 653 2071 718 uentilata
2134 657 2251 718 est.
2316 673 2477 737 quae
2543 673 2685 718 cum

393 765 613 827 essent
677 765 908 826 cuncta
961 761 1260 844 perlecta,
1315 759 1760 842 respondimus
1818 779 1939 824 non
1998 779 2138 826 esse
2194 762 2575 840 mirandum,
2634 764 2689 826 si

391 870 708 946 homines,
765 867 875 950 qui
928 871 1081 932 tunc
1136 867 1300 932 illud
1358 867 1637 931 schisma
1694 867 1997 944 fecerunt,
2055 887 2175 932 non
2242 868 2376 932 sine
2442 869 2685 934 confec-

389 977 560 1041 tione
624 978 952 1059 gestorum
1007 993 1137 1052 eos,
1195 975 1258 1037 in
1317 993 1476 1056 qnos
1533 975 1782 1038 fuerant
1836 974 1911 1038 ab
1970 975 2237 1038 aemulis
2296 979 2361 1038 et
2420 975 2683 1058 perditis

325 1105 354 1144 5
391 1083 716 1158 concitati,
783 1081 1074 1145 absentes
1141 1099 1334 1144 causa
1396 1079 1720 1162 incognita
1784 1083 2019 1144 temere
2086 1079 2471 1146 damnandos
2546 1101 2685 1146 esse

389 1191 808 1272 putauerunt;
883 1207 998 1252 nos
1074 1191 1284 1251 autem
1361 1185 1592 1251 habere
1666 1186 1791 1250 alia
1854 1190 2035 1272 gesta
2100 1188 2555 1264 ecclesiastica,
2622 1190 2685 1252 in

392 1296 626 1377 quibus
695 1293 1028 1360 Secundus
1091 1293 1508 1378 Tigisitanus,
1577 1294 1685 1375 qui
1748 1299 1901 1358 tunc
1968 1295 2197 1378 agebat
2258 1295 2323 1360 in
2386 1295 2689 1360 Numidia

389 1403 756 1486 primatum,
831 1405 1194 1483 praesentes
1270 1403 1336 1464 et
1408 1399 1735 1465 confessos
1808 1401 2146 1465 traditores
2228 1401 2489 1484 reliquit
2570 1403 2683 1466 deo

389 1507 768 1575 iudicandos
843 1513 908 1572 et
981 1525 1088 1572 eos
1161 1507 1225 1570 in
1302 1507 1771 1590 episcopalibus
1848 1507 2129 1584 sedibus,
2214 1508 2405 1573 sicuti
2489 1515 2685 1586 erant,

307 1640 357 1680 ιο
391 1635 644 1681 manere
703 1614 1012 1698 permisit,
1073 1632 1342 1696 quorum
1388 1614 1643 1679 nomina
1686 1615 1857 1678 inter
1898 1615 2293 1681 damnatores
2344 1615 2687 1682 Caeciliani

391 1726 824 1796 numerantur,
875 1741 1022 1786 cum
1069 1722 1262 1784 etiam
1301 1719 1633 1786 Secundus
1672 1721 1808 1803 ipse
1848 1721 2100 1786 concilii
2138 1722 2423 1788 eiusdem
2462 1724 2687 1804 princi-

389 1833 612 1912 patum
669 1831 936 1904 teneret,
989 1827 1104 1892 ubi
1158 1829 1452 1892 absentes
1515 1827 1699 1910 quasi
1747 1828 2079 1893 traditores
2126 1848 2237 1912 per
2282 1849 2501 1908 eorum
2548 1849 2685 1894 sen-

389 1936 626 2000 tentias
675 1934 1018 2012 damnauit,
1069 1933 1300 2015 quibus
1346 1934 1787 2016 praesentibus
1837 1937 1901 1999 et
1946 1935 2255 2000 confessis
2298 1935 2567 2020 ignouit.

269 2046 308 2107 4
479 2043 724 2107 Deinde
773 2040 1048 2107 diximus
1097 2041 1416 2124 aliquanto
1463 2043 1615 2123 post
1648 2041 1943 2106 Maiorini
1983 2041 2458 2122 ordinationem,
2497 2061 2685 2125 quem

311 2171 358 2210 ιε
393 2153 611 2214 contra
657 2147 1086 2214 Caecilianum
1132 2147 1366 2212 nefario
1415 2149 1653 2212 scelere
1700 2147 2081 2214 leuauerunt
2127 2149 2441 2232 erigentes
2489 2150 2684 2214 altare

393 2261 610 2322 contra
667 2255 862 2320 altare
919 2258 984 2319 et
1035 2255 1344 2319 unitatem
1405 2253 1642 2320 Christi
1700 2254 2034 2320 discordiis
2099 2257 2437 2320 furialibus
2503 2256 2685 2322 dissi-

394 2366 638 2446 pantes,
707 2379 815 2428 eos
879 2361 1120 2444 petisse
1187 2380 1224 2424 a
1287 2359 1701 2426 Constantino
1764 2365 1919 2426 tunc
1993 2361 2369 2444 imperatore
2440 2363 2685 2428 iudices

394 2469 752 2553 episcopos,
809 2469 918 2552 qui
976 2467 1052 2532 de
1107 2469 1242 2532 suis
1301 2467 1803 2550 quaestionibus,
1861 2488 2023 2551 quae
2068 2470 2130 2532 in
2180 2469 2393 2534 Africa
2438 2473 2685 2534 exortae

391 2575 567 2658 pacis
635 2576 966 2638 uinculum
1033 2573 1430 2652 dirimebant,
1501 2575 1737 2640 arbitro
1806 2575 2010 2640 medio
2078 2576 2449 2640 iudicarent.
2517 2577 2685 2658 quod

307 2706 358 2744 ιο
393 2686 614 2764 postea
682 2701 874 2763 quam
937 2681 1176 2746 factum
1243 2685 1362 2756 est,
1427 2685 1759 2762 praesente
1826 2681 2182 2747 Caeciliano
2248 2687 2313 2746 et
2364 2683 2517 2759 illis,
2576 2684 2685 2766 qui

393 2787 700 2852 aduersus
759 2807 902 2850 eum
959 2788 1434 2872 nauigauerant,
1489 2787 1810 2853 iudicante
1857 2788 2213 2853 Melchiade
2260 2791 2413 2852 tunc
2458 2790 2685 2854 Roma-

391 2914 506 2959 nae
553 2895 734 2958 urbis
782 2895 1078 2978 episcopo
1128 2915 1274 2959 cum
1321 2895 1584 2978 collegis
1634 2895 1791 2972 suis,
1838 2915 1998 2978 quos
2046 2896 2125 2960 ad
2169 2915 2387 2978 preces
2426 2896 2687 2960 Donati·

393 3006 636 3066 starum
683 3001 948 3066 miserat
991 3002 1352 3084 imperator,
1399 3000 1558 3064 nihil
1606 3001 1668 3064 in
1710 2999 2065 3067 Caeciliano
2104 3001 2356 3086 probari
2393 3003 2683 3085 potuisse

395 3127 464 3172 ac
511 3128 624 3191 per
669 3109 792 3174 hoc
835 3107 946 3172 illo
993 3108 1056 3172 in
1107 3109 1478 3190 episcopatu
1529 3109 1896 3174 confirmato
1936 3109 2277 3186 Donatum,
2319 3111 2426 3192 qui
2466 3109 2683 3174 aduer-

307 3239 360 3279 a
395 3234 503 3280 sus
551 3233 700 3279 eum
745 3219 898 3279 tunc
945 3214 1180 3293 aderat,
1226 3213 1651 3296 inprobatum.
1700 3215 1932 3298 quibus
1979 3217 2252 3298 peractis
2298 3217 2488 3281 rebus
2538 3237 2681 3282 cum

391 3322 484 3386 illi
541 3341 760 3386 omnes
815 3321 878 3384 in
933 3323 1276 3404 pertinacia
1323 3322 1767 3387 scelestissimi
1814 3323 2179 3388 schismatis
2227 3327 2683 3408 permanerent,

464 3567 493 3620 1
534 3583 642 3636 qua
678 3563 741 3618 F
841 3565 874 3618 3
913 3564 1252 3619 confectione
1292 3569 1414 3631 (con
1452 3581 1495 3622 a.
1533 3583 1586 3619 u.
1628 3583 1693 3618 m.
1718 3570 1768 3636 1)
1804 3567 1879 3620 M
1997 3571 2029 3622 5
2070 3585 2258 3622 causas
2294 3567 2367 3621 M
2404 3571 2603 3635 (posit.
2646 3567 2679 3620 l.

391 3671 508 3723 exp.
547 3671 616 3708 m.
639 3659 690 3720 1)
729 3653 840 3708 ΓΑ
945 3654 1243 3724 incognite,
1281 3669 1418 3708 cor-r.
1456 3658 1576 3707 m.1
1614 3655 1894 3724 incognita
1928 3655 2003 3708 M
2106 3657 2139 3710 6
2178 3655 2285 3709 alia
2322 3655 2521 3708 habere
2559 3653 2679 3710 edd.

395 3744 425 3796 7
461 3743 758 3812 tigistanus
795 3743 850 3796 A
1029 3743 1063 3796 8
1099 3742 1332 3811 reliquid
1369 3741 1689 3796 indicandos
1727 3743 1782 3796 Δ.
1956 3743 2023 3797 10
2056 3759 2253 3796 nomen
2292 3760 2411 3797 cum
2449 3743 2593 3796 inter
2627 3744 2682 3796 A

395 3832 455 3885 11
495 3833 614 3902 ipse
656 3837 708 3898 (e
747 3848 814 3885 ex
848 3832 866 3884 i
903 3831 1118 3898 factum
1155 3831 1271 3884 uid.
1309 3848 1378 3884 m.
1401 3834 1450 3896 1)
1493 3831 1558 3882 M
1593 3831 1699 3900 ipsi
1736 3831 1848 3886 ΓΑ
1977 3833 2043 3884 14
2080 3831 2253 3885 maior
2288 3833 2362 3898 in,
2400 3847 2468 3885 m.
2491 3835 2531 3884 2
2567 3847 2681 3884 ma-

390 3920 548 3973 iorini
583 3919 660 3974 M
767 3920 832 3973 17
871 3920 1170 3988 petiissem
1293 3921 1364 3974 -19
1404 3920 1594 3974 arbitri
1632 3919 1706 3974 M
1809 3922 1874 3975 21
1916 3919 2219 3974 melchiade
2257 3937 2322 3974 ex
2358 3936 2496 3974 corr.
2534 3935 2601 3973 m.
2625 3923 2679 3980 2,

377 4009 564 4076 fuisse
603 4007 723 4062 uid.
771 4008 1020 4063 miltiade
1057 4009 1114 4061 P
1156 4007 1417 4063 melciade
1453 4009 1510 4063 R
1531 4009 1669 4076 aes
1708 4008 1977 4062 militiade
2012 4007 2089 4062 M
2118 4007 2365 4062 miltiade
2404 4007 2465 4062 F
2494 4009 2679 4078 mipti-

389 4095 490 4150 ade
527 4099 584 4150 A
691 4097 762 4151 22
801 4096 946 4166 quod
983 4098 1036 4149 A
1169 4097 1238 4152 23
1275 4097 1537 4150 miserant
1575 4108 1632 4160 (n
1669 4113 1811 4165 exp.)
1856 4095 1911 4150 F
2046 4097 2107 4149 in
2144 4095 2507 4151 Caecilianum
2545 4096 2682 4150 nibil

391 4201 442 4238 m
477 4187 534 4240 in
575 4185 882 4240 Caeciliano
920 4185 1058 4238 nihil
1096 4191 1214 4239 cett.
1253 4185 1372 4240 edd.
1575 4186 1791 4254 probari
1828 4185 2099 4255 potuisset
2134 4185 2209 4238 M
2242 4189 2441 4253 (postr.
2485 4186 2518 4238 l.
2561 4203 2677 4253 exp.

393 4291 457 4326 m.
479 4275 540 4344 2)
575 4273 745 4330 ΓΑΒ
779 4273 806 4327 1
842 4274 1059 4343 probari
1096 4275 1278 4345 potuit
1313 4273 1538 4344 probare
1576 4275 1851 4344 potuisset
1886 4259 1959 4326 P‘
2074 4274 2145 4327 24
2180 4275 2235 4327 in
2275 4275 2591 4344 episcopatu
2628 4275 2685 4328 P

391 4363 460 4417 26
496 4363 839 4434 pertinacia-1
885 4367 931 4430 (s
969 4363 1132 4433 cras.)
1168 4363 1238 4416 M
1376 4363 1781 4434 'scelestissimi-
1810 4367 1858 4432 (s
1897 4367 2060 4429 eras.)
2102 4363 2155 4416 P
