3184 4959
1219 439 1748 510 epistularum
1807 437 1921 494 CII.
2588 443 2718 510 559

422 638 607 720 egeat
652 635 829 712 (10118,
888 653 1032 699 cum
1077 633 1143 698 in
1190 633 1431 699 eisdem
1474 631 1636 717 ipsis
1681 633 1912 699 litteris
1961 633 2360 716 apertissime
2407 634 2716 719 scriptum

420 743 534 808 sit:
583 742 767 807 Dixi
817 740 1171 807 domino:
1220 740 1459 805 ‘Deus
1507 759 1728 806 meus
1778 759 1859 806 es
1906 743 2014 819 tu,
2065 741 2437 824 quoniam
2483 741 2716 808 bono-

417 869 583 913 rum
633 867 985 913 meorum
1033 868 1181 913 non
1228 853 1458 930 eges’‚
1498 845 1612 912 sed
1650 846 1821 929 quod
1859 847 2051 912 etiam
2086 847 2152 913 in
2193 848 2293 913 his
2339 848 2448 913 uel
2497 867 2717 932 accep-

416 955 627 1022 tandis
680 956 790 1020 uel
842 954 1254 1038 reprobandis
1322 955 1429 1018 uel
1491 953 1916 1038 percipiendis
1973 974 2096 1021 non
2153 954 2276 1020 nisi
2350 955 2715 1020 hominibus

356 1085 381 1124 ⁵
420 1063 727 1128 consulat.
774 1062 957 1126 nobis
1006 1061 1173 1126 enim
1220 1061 1480 1146 prodest
1524 1060 1732 1126 colere
1779 1060 1990 1139 deum,
2038 1079 2162 1126 non
2208 1061 2335 1144 ipsi
2381 1061 2518 1126 deo,
2568 1081 2712 1128 cum

419 1189 567 1254 ergo
630 1170 899 1252 inspirat
955 1171 1021 1233 et
1076 1168 1283 1246 docet,
1351 1187 1475 1252 quo
1541 1169 1730 1233 modo
1789 1168 2093 1234 colendus
2151 1170 2258 1246 sit,
2323 1187 2446 1234 non
2503 1169 2712 1235 solum

416 1295 533 1342 sua
585 1277 764 1342 nulla
817 1275 1169 1361 indigentia
1221 1275 1379 1340 facit
1425 1275 1537 1340 sed
1583 1277 1802 1342 nostra
1843 1275 2118 1340 maxima
2161 1276 2465 1343 utilitate.
2521 1275 2713 1362 signi-

414 1382 675 1448 ficatiua
720 1385 873 1448 sunt
908 1385 1123 1448 autem
1163 1382 1371 1447 omnia
1414 1382 1573 1447 talia
1619 1382 1928 1448 sacrificia
1964 1384 2030 1448 et
2064 1382 2456 1465 quarundam
2501 1402 2712 1448 rerum

414 1488 891 1566 similitudines,
934 1487 1166 1570 quibus
1206 1487 1531 1554 admoneri
1565 1507 1680 1554 nos
1722 1491 1972 1571 oportet
2008 1488 2087 1553 ad
2125 1507 2200 1552 ea
2231 1489 2394 1572 ipsa,
2443 1509 2710 1572 quorum

328 1619 379 1660 ιο
416 1594 868 1660 similitudines
908 1597 1079 1672 sunt,
1118 1593 1257 1659 siue
1296 1593 1636 1658 scrutanda
1665 1594 1802 1658 siue
1832 1595 2152 1659 noscenda
2189 1595 2328 1660 siue
2355 1595 2709 1660 recolenda.

415 1701 489 1766 de
549 1722 675 1785 qua
727 1721 815 1778 re,
875 1704 1181 1785 quantum
1239 1701 1395 1766 satis
1452 1705 1571 1780 est,
1639 1701 2002 1768 disserenda
2053 1721 2176 1767 non
2233 1701 2448 1768 breuis
2503 1721 2708 1768 sermo

412 1807 799 1892 flagitandus
855 1812 975 1885 est,
1042 1826 1166 1890 quo
1232 1826 1400 1873 nunc
1452 1807 1834 1890 respondere
1888 1808 2071 1872 nobis
2135 1808 2534 1892 propositum
2591 1813 2708 1884 est,

411 1915 780 1999 praesertim
847 1915 995 1998 quia
1058 1915 1119 1979 in
1188 1915 1331 1980 aliis
1388 1915 1718 1998 opusculis
1773 1915 2010 1980 nostris
2071 1914 2150 1980 de
2213 1915 2331 1980 hae
2384 1935 2451 1979 re
2507 1917 2714 1982 multa

408 2023 535 2086 iam
600 2021 871 2087 diximus
940 2025 1022 2099 et,
1080 2023 1190 2104 qui
1245 2023 1390 2085 ante
1454 2040 1571 2085 nos
1637 2020 1739 2086 dei
1803 2020 2056 2102 eloquia
2115 2025 2574 2102 tractauerunt‚
2631 2022 2708 2088 de

322 2151 373 2189 15
410 2128 939 2194 similitudinibus
969 2127 1422 2194 sacrificiorum
1452 2127 1688 2192 ueteris
1716 2128 2084 2192 testamenti
2111 2132 2436 2212 tamquam
2463 2129 2707 2195 umbris

408 2235 755 2320 figurisque
803 2235 1165 2300 futurorum
1210 2235 1465 2318 copiose
1509 2234 1712 2300 locuti
1757 2239 1928 2302 sunt.

236 2337 316 2401 18
498 2343 637 2408 Ηο0
705 2361 851 2407 sane
908 2361 1023 2407 nec
1088 2342 1153 2406 in
1206 2341 1339 2406 ista
1389 2341 1706 2406 breuitate
1759 2341 2290 2423 praetereundum
2350 2345 2468 2421 est,
2537 2343 2704 2426 quod

406 2451 741 2533 templum,
792 2449 1208 2526 sacerdotem,
1258 2447 1641 2513 sacrificium
1691 2453 1754 2514 et
1791 2449 1916 2513 alia
1952 2465 2384 2533 quaecumque
2424 2449 2503 2514 ad
2549 2450 2704 2515 haec

408 2555 784 2638 pertinentia
846 2555 969 2620 nisi
1034 2555 1143 2619 uni
1198 2573 1348 2620 uero
1408 2554 1523 2619 deo
1583 2555 1796 2620 deberi
1860 2559 2122 2632 nossent
2199 2555 2290 2618 dii
2351 2555 2518 2629 falsi,
2583 2557 2704 2621 hoc

316 2683 373 2725 20
408 2666 509 2728 est
544 2662 902 2739 daemoneS‚
952 2662 1062 2743 qui
1110 2665 1261 2727 sunt
1304 2663 1841 2744 praeuaricatores
1881 2661 2112 2746 angeli,
2159 2680 2504 2744 numquam
2549 2662 2703 2727 haec

407 2768 532 2834 sibi
596 2789 633 2834 a
696 2768 1047 2834 cultoribus
1123 2768 1280 2846 suis,
1358 2787 1518 2851 quos
1586 2769 1929 2851 decipiunt,
2005 2769 2408 2861 expetissent.
2479 2789 2704 2834 uerum

404 2877 558 2942 haec
608 2897 753 2942 cum
800 2877 1172 2942 exhibentur
1218 2877 1334 2942 deo
1394 2878 1742 2943 secundum
1793 2878 1930 2942 eius
1986 2877 2464 2959 inspirationem
2513 2881 2704 2960 atque

407 2983 779 3061 doctrinam,
825 3003 981 3048 uera
1024 2983 1247 3068 religio
1286 2986 1405 3061 est,
1455 3002 1602 3048 cum
1641 2988 1853 3048 autem
1894 2983 2308 3049 daemonibus
2356 2984 2706 3050 secundum

407 3109 625 3154 eorum
678 3091 942 3174 impiam
1000 3090 1381 3174 superbiam,
1446 3091 1632 3156 noxia
1695 3089 2090 3173 superstitio,
2156 3094 2538 3174 quapropter
2594 3093 2703 3174 qui

315 3213 369 3254 2⁵
408 3195 799 3262 Christianae
884 3198 1131 3264 litteras
1216 3199 1553 3280 utriusque
1626 3197 1994 3262 testamenti
2064 3198 2292 3276 sciunt,
2375 3217 2498 3262 non
2579 3199 2700 3264 hoc

584 3423 617 3478 2
654 3423 741 3477 Ps.
784 3426 868 3487 15,
906 3425 939 3478 2
1053 3425 1119 3478 15
1160 3423 1275 3479 Col.
1314 3427 1365 3490 2,
1408 3425 1494 3490 17;
1538 3425 1704 3480 Hebr.
1748 3427 1830 3486 10,
1874 3426 1899 3478 1

478 3549 505 3602 1
547 3551 689 3619 eget.
729 3565 867 3604 corr.
904 3554 1025 3603 m.1
1070 3552 1233 3619 egeat
1266 3548 1335 3602 M
1550 3550 1608 3603 in
1655 3549 1859 3604 eisdem
1908 3565 2045 3604 corr.
2083 3554 2206 3604 m.1
2243 3567 2310 3604 ex
2353 3550 2592 3605 neisdem
2630 3551 2704 3604 Μ

475 3639 738 3708 scriptum
778 3645 807 3692 e
851 3637 902 3693 G
940 3639 1013 3690 sit
1050 3638 1308 3708 scripturn
1346 3639 1402 3691 P
1437 3638 1556 3692 edd.
1665 3640 1698 3693 3
1739 3639 1927 3709 etiarn]
1969 3639 2076 3692 iam
2116 3639 2281 3692 etiam
2319 3640 2378 3692 Ε
2520 3641 2576 3694 111
2613 3641 2698 3694 his

404 3727 513 3795 uel]
555 3726 611 3779 in
646 3727 733 3780 his
775 3729 899 3792 (om.
938 3727 1049 3788 uel)
1085 3727 1147 3782 E
1286 3729 1319 3781 6
1358 3726 1628 3796 quodomo
1665 3727 1736 3784 H
1892 3727 2252 3782 consulendus
2293 3729 2346 3783 G
2493 3731 2522 3782 7
2561 3730 2701 3783 *ulla

406 3821 460 3880 (n
500 3819 665 3881 eras.)
695 3815 767 3867 M
835 3817 868 3869 9
906 3816 1045 3885 ipsa,
1080 3833 1149 3869 m.
1172 3820 1204 3870 1
1239 3831 1377 3871 corr.
1412 3815 1531 3870 uid.
1569 3817 1688 3886 ipso
1727 3815 1794 3870 H
1827 3817 1963 3886 ipsa,
2000 3817 2100 3871 sed
2133 3833 2166 3870 a
2201 3833 2269 3870 ex
2305 3833 2441 3874 corr.
2484 3823 2573 3882 (m.
2595 3817 2696 3882 1?)

400 3904 477 3957 Μ
610 3905 674 3958 10
715 3903 941 3958 colenda
975 3903 1045 3958 Η
1178 3906 1241 3959 11
1280 3905 1600 3960 breuissimo
1638 3905 1996 3975 flagellandus
2035 3907 2122 3974 (m.
2145 3909 2186 3960 2
2221 3905 2269 3959 it
2303 3922 2480 3974 supra
2519 3906 2612 3974 ell)
2657 3908 2706 3960 G

408 3995 471 4046 12
518 3993 675 4047 nobis
722 4010 825 4048 om.
864 3993 925 4047 Ε
1136 3997 1238 4058 est,
1284 3998 1415 4050 m.2
1451 4001 1485 4048 11
1531 3997 1618 4048 est
1659 3993 1711 4049 G
1931 3995 1994 4048 15
2041 3995 2361 4048 testamenti
2407 3995 2608 4050 ueteris
2644 3997 2705 4050 E

407 4081 471 4134 16
509 4082 679 4136 locuti
718 4086 847 4137 sunt
884 4084 1101 4153 copiose
1144 4083 1195 4137 G
1378 4085 1444 4137 17
1481 4083 1613 4152 ista]
1653 4085 1800 4137 iusta
1835 4083 1896 4137 Ε
2044 4087 2129 4136 est
2163 4084 2229 4136 in
2262 4083 2374 4150 fine
2407 4100 2463 4138 u.
2503 4100 2606 4139 om.
2643 4087 2697 4138 A

404 4170 472 4223 18
508 4171 865 4242 sacerdotem]
905 4171 1269 4226 sacerdotium
1311 4172 1434 4226 Gm
1590 4174 1658 4227 19
1694 4189 1802 4227 11110
1840 4175 1893 4226 A
2048 4173 2112 4226 21
2157 4171 2224 4226 ab
2259 4172 2322 4226 Ε
2462 4189 2596 4242 quos
2633 4190 2700 4228 ex

404 4275 559 4325 corr„
586 4261 711 4328 fuit
750 4260 894 4331 quod
938 4260 1007 4314 H
1198 4263 1271 4316 24
1318 4261 1626 4331 superbiam
1675 4277 1776 4316 om.
1827 4263 1881 4315 A
2069 4261 2138 4316 25
2185 4265 2532 4325 testamenta,
2579 4267 2699 4316 m.1

403 4364 541 4402 corr.
579 4350 898 4402 testamenti
934 4349 1000 4403 H
