3184 4959
535 444 662 508 146
1249 443 1302 497 S.
1357 442 1639 496 Aureli
1692 444 2127 512 Augustini

536 635 766 718 quibus
814 637 878 702 id
924 657 1046 702 non
1096 637 1296 702 semel
1342 636 1691 722 allegastis.
1740 638 1929 703 aliam
1978 658 2127 724 ergo
2177 638 2607 704 defensionem
2651 659 2820 722 para,

536 743 590 808 si
643 747 848 825 poteS,
903 763 1000 819 ne,
1059 743 1210 808 dum
1268 764 1483 828 negas,
1543 745 1713 827 quod
1770 747 2164 824 conuincam,
2219 765 2430 811 moras
2494 746 2821 811 faciamus.

535 849 892 916 Felieianus
941 851 1139 936 igitur
1175 856 1240 916 et-
1273 852 1715 917 Praetextatus
1765 852 1821 917 si
1864 853 2230 919 innocentes
2269 855 2462 929 erant,
2505 852 2825 935 quaresic

535 957 816 1024 damnati
879 961 1067 1022 sunt?
1133 957 1189 1022 si
1255 958 1567 1034 scelerati,
1624 977 1815 1040 quare
1880 957 1975 1023 sic
2026 959 2264 1041 recepti
2320 960 2507 1026 sunt?
2568 959 2621 1024 si
2686 979 2824 1042 pro-

531 1063 787 1129 baueris
849 1063 1236 1142 innocenteS,
1301 1081 1414 1130 cur
1473 1082 1615 1128 non·
1662 1063 1991 1128 credamus
2055 1083 2091 1129 a
2154 1065 2357 1129 multo
2420 1064 2825 1148 paucioribus
2882 1089 2909 1129 5

535 1170 882 1238 maioribus
929 1169 1164 1236 uestris
1211 1170 1374 1235 falso
1413 1170 1673 1236 crimine
1720 1170 2079 1238 traditionis
2126 1171 2493 1237 innocentes
2538 1172 2826 1255 potuisse

537 1276 838 1356 damnari,
880 1277 938 1342 si
975 1295 1012 1342 a
1045 1277 1348 1342 trecentis
1395 1277 1617 1342 decem
1662 1278 2142 1343 successoribus
2190 1297 2428 1356 eorum,
2475 1278 2588 1342 ubi
2634 1279 2826 1344 etiam

534 1404 648 1467 pro
687 1403 915 1468 magno
955 1383 1262 1468 scriptum
1301 1387 1404 1448 est
1438 1383 1725 1467 ‘plenarii
1762 1384 2019 1449 concilii
2056 1403 2160 1450 ore
2200 1385 2526 1464 ueridico‚‘
2559 1385 2626 1448 in
2665 1385 2825 1450 falso

537 1489 796 1586 crimine
861 1490 1228 1555 schismatis
1289 1490 1658 1555 innocentes
1722 1491 2004 1556 damnari
2062 1494 2446 1574 potuerunt?
2504 1492 2560 1556 si
2614 1493 2828 1556 autem

537 1597 905 1679 probaueris
951 1601 1122 1662 recte
1167 1597 1368 1662 fuisse
1417 1598 1771 1677 damnatos,
1820 1617 1979 1680 quae
2026 1601 2226 1664 restat
2272 1597 2576 1678 defensio,
2616 1617 2727 1664 cur
2764 1599 2826 1662 in
2867 1627 2918 1665 ιο

539 1704 762 1770 eodem
818 1705 1186 1789 episcopatu
1243 1705 1481 1786 recepti
1549 1704 1698 1782 sint,
1764 1704 1887 1770 nisi
1932 1709 2007 1770 ut
2054 1724 2437 1796 exaggerans
2484 1704 2831 1769 utilitatem

534 1810 1102 1893 ,salubritatemque
1147 1812 1322 1895 pacis
1365 1810 1661 1876 ostendas
1704 1813 1892 1878 etiam
1930 1813 2059 1876 ista
2102 1830 2214 1894 pro
2262 1812 2526 1877 unitatis
2573 1810 2828 1876 uinculo

538 1917 904 1983 toleranda?
961 1917 1134 1999 quod
1183 1919 1428 1982 utinam
1485 1939 1607 1984 non
1666 1919 1792 1984 oris
1850 1919 1961 1983 sed
2019 1919 2230 1984 cordis
2284 1918 2531 1983 uiribus
2580 1919 2828 2002 ageres!

537 2024 819 2107 profecto
857 2024 1269 2108 perspiceres,
1305 2045 1492 2108 quam
1531 2025 1727 2090 nullis
1767 2024 2103 2090 calumniis
2141 2043 2253 2107 per
2280 2025 2493 2090 orbem
2523 2027 2832 2088 terrarum

541 2133 714 2194 esset
757 2129 1054 2194 uiolanda
1085 2131 1215 2213 'pax
1255 2129 1512 2206 Christi,
1554 2130 1614 2195 si
1648 2130 1803 2194 licet
1838 2130 1901 2194 in
1938 2129 2153 2194 Africa
2188 2130 2381 2195 etiam
2418 2130 2481 2194 in
2521 2129 2829 2212 sacrilego
2862 2157 2914 2196 15

543 2235 887 2301 schismate
935 2234 1266 2301 damnatos
1313 2236 1378 2300 in
1426 2236 1648 2300 eodem
1696 2235 1837 2319 ipso
1887 2236 2260 2322 episcopatu
2296 2235 2495 2319 recipi
2528 2254 2641 2318 pro
2680 2253 2833 2320 pace

541 2341 793 2407 Donati.

453 2450 494 2514 3
631 2449 794 2514 Item
853 2449 1076 2514 soletis
1133 2449 1316 2514 nobis
1375 2448 1643 2528 obicere,
1700 2448 1869 2532 quod
1917 2467 2035 2514 uos
2090 2467 2203 2530 per
2243 2451 2599 2532 potestates
2644 2451 2835 2512 terre·

539 2575 652 2622 nas
709 2559 1184 2638 persequamur.
1251 2574 1376 2638 qua
1427 2555 1493 2620 in
1547 2575 1614 2620 re
1672 2575 1793 2620 non
1852 2556 2131 2637 disputo,
2187 2556 2293 2620 uel
2349 2554 2503 2638 quid
2558 2573 2678 2620 uos
2721 2571 2832 2637 pro

539 2662 934 2728 immanitate
989 2662 1152 2727 tanti
1207 2663 1527 2747 sacrilegii
1578 2662 1947 2727 mereamini
1990 2662 2097 2726 uel
2145 2665 2449 2744 quantum
2496 2681 2610 2726 nos
2660 2659 2835 2728 Chri·
2870 2689 2922 2729 ιο

541 2771 748 2836 stiana
799 2772 1113 2853 temperet
1163 2769 1619 2846 mansuetud03
1676 2768 1839 2834 illud
1893 2769 2065 2834 dico:
2124 2767 2181 2833 si
2243 2768 2363 2834 hoc
2428 2769 2663 2833 crimen
2712 2770 2833 2846 est,

543 2896 657 2942 cur
709 2877 967 2942 eosdem
1021 2875 1521 2941 Maximianistas
1577 2895 1691 2960 per
1741 2875 1987 2942 iudices
2044 2876 2122 2940 ab
2187 2875 2281 2942 eis
2343 2875 2831 2960 imperatoribus

539 2983 797 3061 missoS,
846 3000 1005 3064 quos
1052 3001 1165 3066 per
1211 2981 1615 3066 euangelium
1662 2982 1885 3066 genuit
1928 2984 2149 3048 nostra
2192 2981 2571 3062 communio,
2626 2979 2833 3066 graui-

541 3093 641 3154 ter
681 3089 982 3154 insectati
1027 3089 1104 3155 de
1150 3089 1457 3168 basilicis,
1510 3108 1667 3172 quas
1714 3090 2033 3168 tenebant,
2069 3088 2135 3153 in
2176 3090 2406 3172 quibus
2444 3109 2553 3155 eos
2588 3088 2835 3154 inuenit

541 3199 684 3281 ipsa
767 3195 1140 3274 conscissio,
1223 3199 1289 3263 et
1363 3196 1937 3263 controuersiarum
2014 3197 2283 3278 strepitu
2349 3199 2415 3262 et
2472 3196 2834 3264 iussionum
2868 3221 2923 3262 ιε

619 3545 647 3598 1
689 3542 978 3612 alligastis,
1015 3545 1142 3595 m.2
1183 3542 1462 3611 allegastis
1500 3541 1607 3596 PR
1644 3540 1917 3610 alligastis
1954 3541 2028 3594 M
2200 3557 2333 3611 para
2370 3541 2438 3610 si]
2478 3541 2717 3611 paradisi
2752 3539 2831 3610 (di

546 3633 648 3686 del.
687 3649 755 3687 m.
778 3637 836 3699 2)
877 3631 950 3685 M
1054 3633 1086 3685 3
1125 3631 1346 3686 suerunt
1379 3631 1434 3686 R
1541 3631 1578 3683 4
1616 3630 1930 3700 probaberis
1968 3629 2029 3683 F
2146 3631 2174 3684 7
2214 3629 2435 3683 clamari
2469 3630 2544 3683 M
2648 3629 2683 3684 8
2716 3646 2831 3683 ma·

543 3739 679 3791 gnos
719 3729 763 3791 (s
803 3725 944 3790 exp.)
984 3721 1044 3776 F
1147 3721 1273 3774 falsi
1306 3722 1361 3773 A
1473 3719 1540 3773 10
1576 3718 1892 3789 probaberis
1928 3717 1990 3771 F
2089 3718 2198 3772 fuis
2239 3719 2401 3786 (edel)
2437 3718 2513 3772 M
2618 3719 2683 3772 11
2723 3718 2835 3771 sint

543 3827 612 3865 ex
646 3826 784 3865 corr.
813 3828 881 3867 m.
902 3814 934 3863 1
963 3817 1012 3862 Α
1158 3825 1502 3878 exaggerens,
1541 3823 1678 3862 corr.
1717 3825 1785 3860 m.
1804 3811 1836 3860 1
1872 3822 2203 3876 exaggerans
2230 3807 2303 3861 M
2410 3807 2475 3859 12
2512 3806 2624 3860 ista
2650 3822 2753 3860 om.
2777 3805 2833 3859 R

615 3902 874 3966 nnita-tes,
913 3915 1049 3954 cor-r.
1087 3917 1154 3952 m.
1177 3904 1206 3952 1
1243 3898 1472 3951 unitatis
1507 3897 1583 3950 M
1724 3897 1789 3950 13
1831 3897 1937 3949 oris
1976 3912 2041 3950 ex
2078 3896 2181 3950 eris
2207 3896 2432 3963 factum
2468 3894 2585 3951 uid.
2624 3911 2690 3951 m.
2712 3899 2743 3947 1
2776 3896 2831 3947 A

615 3990 930 4054 uisceribus,
966 4006 1142 4057 supra
1175 3992 1296 4044 m.1
1329 3987 1356 4040 I
1391 3986 1599 4040 uiribus
1634 3985 1691 4040 R
1804 3986 1870 4038 14
1904 3986 2197 4055 respiceres
2226 3985 2281 4040 R
2393 3986 2458 4039 15
2495 3983 2753 4038 uiolenda
2778 3983 2834 4036 A

616 4080 780 4134 etiam
818 4079 876 4132 in
911 4077 1080 4132 africa
1103 4078 1158 4133 R
1267 4075 1538 4144 sacrilegii
1569 4075 1623 4128 R
1699 4076 1764 4129 18
1801 4079 2131 4145 potestatem
2170 4077 2440 4128 terrenam
2467 4073 2523 4126 R
2594 4073 2663 4126 20
2688 4073 2833 4126 tanti

546 4185 666 4233 om„
706 4173 826 4222 m.1
863 4168 993 4222 add.
1031 4167 1088 4220 P
1121 4169 1275 4220 tanta
1309 4165 1384 4220 M
1525 4167 1593 4219 22
1634 4165 1839 4229 eodem,
1877 4170 1995 4222 m.1
2033 4180 2169 4218 corr.
2211 4163 2428 4217 eosdem
2466 4163 2521 4216 A
2664 4163 2830 4216 maxi-

544 4259 860 4321 mianustas,
900 4273 1037 4312 corr.
1075 4255 1502 4310 maximianistas
1543 4257 1614 4310 Μ
1644 4254 2043 4310 maxiministas
2082 4254 2137 4307 P
2340 4254 2409 4307 24
2444 4253 2741 4306 insectatos
2778 4253 2835 4305 A

546 4348 613 4400 25
651 4346 774 4412 ista,
813 4362 950 4400 corr.
991 4363 1056 4402 m.
1079 4352 1108 4400 1
1145 4347 1264 4417 ipsa
1299 4345 1374 4400 M
1515 4349 1701 4400 contro
1739 4345 2033 4399 uersarium
2072 4345 2146 4398 M
