3184 4959
571 411 700 473 632
1291 407 1343 460 S.
1401 407 1678 460 Aureli
1733 405 2170 474 Augustini

470 609 550 672 18
660 599 934 685 Fugitur
987 599 1216 671 unitas,
1276 603 1349 663 ut
1403 619 1518 664 nos
1575 600 1879 665 aduersus
1936 604 2295 666 uestrorum
2356 640 2441 648 -—
2498 603 2641 666 nolo
2700 603 2873 666 enim

571 712 821 772 uestras
879 708 1085 772 dicere
1140 741 1226 754 -—
1291 705 1703 789 inprobitates
1763 725 2139 790 quaeramus
2204 709 2495 791 publicas
2559 708 2739 792 leges
2806 714 2879 773 et

575 815 880 880 aduersus
935 814 1110 897 ipsas
1165 814 1342 897 leges
1402 816 1723 878 armentur
1769 811 2349 891 Circumcelliones,
2400 833 2556 897 quas
2608 835 2678 880 eo
2726 817 2875 899 ipso

574 923 782 986 furore
829 922 1256 996 contemnant,
1305 937 1428 1003 quo
1484 920 1548 983 in
1608 939 1729 984 uos
1777 939 1904 995 eas,
1955 937 2100 983 cum
2146 921 2449 998 furerent,
2500 923 2873 988 excitarunt.

573 1028 822 1111 fugitur
874 1027 1108 1097 unitas,
1165 1031 1240 1092 ut
1287 1029 1504 1092 contra
1557 1044 1959 1108 possessores
2016 1045 2167 1091 suos
2224 1028 2549 1092 rusticana
2594 1030 2879 1114 erigatur
2942 1051 2973 1090 s

578 1134 842 1200 audacia
887 1138 954 1198 et
1006 1133 1270 1218 fugitiui
1328 1134 1498 1199 serui
1554 1131 1771 1198 contra
1824 1133 2242 1215 apostolicam
2298 1134 2695 1218 disciplinam
2750 1155 2873 1200 non

578 1242 786 1306 solum
825 1261 862 1305 a
889 1241 1162 1307 dominis
1202 1241 1574 1319 alienentur,
1616 1259 1840 1304 uerum
1871 1241 2059 1304 etiam
2100 1240 2373 1305 dominis
2412 1243 2879 1307 comminentur

577 1367 692 1414 nec
749 1349 956 1413 solum
1005 1347 1487 1426 comminentur,
1544 1348 1658 1413 sed
1704 1351 1769 1412 et
1820 1347 2309 1413 uiolentissimis
2356 1349 2874 1434 adgressionibus

580 1455 1038 1538 depraedentur
1069 1455 1435 1520 auctoribus
1485 1456 1549 1520 et
1593 1454 1866 1519 ducibus
1915 1458 1980 1518 et
2022 1455 2087 1518 in
2132 1455 2272 1536 ipso
2312 1457 2547 1521 scelere
2582 1456 2879 1539 principi-

579 1562 702 1626 bus
740 1561 1112 1646 agonisticis
1154 1561 1622 1626 confessoribus
1660 1562 1915 1640 uestris,
1954 1563 2063 1646 qui
2102 1563 2180 1626 ad
2208 1562 2345 1628 ‘deo
2384 1563 2627 1628 laudes‘
2654 1567 2879 1628 ornant
2916 1588 2975 1627 ιο

579 1668 884 1734 honorem
923 1671 1232 1746 uestrum,
1281 1667 1360 1731 ad
1399 1667 1535 1731 ‘deo
1573 1667 1821 1732 laudes'
1856 1669 2130 1734 fundunt
2168 1671 2541 1756 sanguinem
2580 1671 2877 1746 alienum,

582 1781 658 1840 ut
728 1795 846 1841 uos
920 1777 1174 1857 propter
1247 1774 1576 1839 hominum
1650 1775 1959 1840 inuidiam
2024 1776 2311 1841 collectis
2386 1778 2619 1842 uestris
2684 1781 2877 1859 atque

583 1882 890 1948 discursis
927 1881 1315 1965 promittatis
1351 1881 1617 1964 praedas
1658 1881 1770 1960 eis,
1818 1901 1857 1945 a
1894 1881 2125 1964 quibus
2164 1883 2409 1948 ablatae
2458 1886 2626 1958 sunt,
2673 1883 2879 1948 reddi·

583 1991 762 2054 turos
799 2007 914 2054 nec
952 1992 1162 2053 tamen
1201 1991 1268 2052 et
1311 1987 1431 2053 hoc
1469 1988 1689 2053 uelitis
1727 1991 1803 2053 ut
1847 1989 2118 2054 ualeatis
2164 1988 2448 2073 implere,
2496 2010 2573 2055 ne
2618 1990 2879 2054 illorum

586 2096 934 2172 audaciam,
974 2113 1163 2178 quam
1201 2095 1324 2160 sibi
1371 2098 1763 2178 putauerunt
1795 2096 1996 2160 uestri
2042 2097 2397 2180 presbyteri
2432 2097 2876 2176 necessariam,
2919 2121 2981 2161 ιε

585 2203 853 2268 nimium
919 2201 1234 2286 cogamini
1293 2201 1633 2276 offendere3
1698 2201 1937 2266 iactant
1991 2203 2155 2266 enim
2218 2202 2661 2286 praecedentia
2712 2203 2883 2268 circa

587 2328 704 2374 uos
741 2309 966 2373 merita
1001 2327 1118 2374 sua
1148 2309 1651 2373 demonstrantes
1683 2313 1746 2373 et
1772 2311 2210 2374 enumerantes
2240 2313 2384 2374 ante
2420 2309 2611 2374 istam
2649 2310 2879 2393 legem,

587 2436 713 2500 qua
758 2416 1054 2499 gaudetis
1101 2415 1286 2480 uobis
1322 2415 1638 2480 redditam
1672 2415 2053 2492 libertatem,
2102 2419 2261 2498 quot
2301 2415 2444 2480 loca
2480 2418 2545 2480 et
2578 2415 2881 2480 basilicas

586 2542 698 2605 per
735 2541 843 2588 eos
890 2523 1240 2606 presbyteri
1277 2521 1478 2587 uestri
1524 2523 1797 2587 uastatis
1836 2522 2069 2587 nostris
2116 2523 2481 2607 fugatisque
2516 2525 2883 2602 tenuerunt,

590 2631 682 2707 ut,
741 2629 794 2692 si
850 2629 913 2692 in
974 2647 1082 2692 eos
1138 2628 1472 2694 uolueritis
1528 2647 1671 2694 esse
1736 2629 1964 2706 seueri,
2030 2629 2352 2694 beneficiis
2409 2649 2628 2694 eorum
2692 2649 2885 2713 appa·
2922 2657 2989 2696 20

587 2736 782 2800 reatis
825 2736 1076 2820 ingrati.

490 2837 570 2898 19
678 2843 953 2926 Fugit-ur
987 2843 1221 2914 unitas,
1270 2847 1362 2920 ut,
1411 2843 1797 2926 quicumque
1837 2844 2005 2926 apud
2041 2863 2155 2908 nos
2192 2843 2355 2908 ferre
2394 2843 2891 2908 detractauerint

593 2949 1017 3032 disciplinam,
1076 2949 1154 3013 ad
1208 2949 1356 3014 illos
1413 2949 1665 3034 fugiant
1720 2949 2111 3027 defendendi,
2178 2953 2254 3015 ut
2304 2951 2491 3015 uobis
2549 2951 2893 3016 offerantur

593 3055 1043 3136 rebaptizandi,
1083 3056 1254 3122 sicut
1289 3057 1412 3121 iste
1453 3057 1529 3121 de
1569 3077 1721 3141 agro
1762 3058 2190 3124 subdiaconus
2228 3058 2661 3132 Rusticianus,
2702 3059 2890 3124 cuius

597 3181 789 3228 causa
841 3162 996 3226 haec
1045 3161 1124 3225 ad
1167 3165 1232 3227 te
1281 3164 1554 3228 scribere
1600 3183 1827 3248 magno
1878 3183 2019 3229 sum
2070 3165 2281 3230 dolore
2328 3183 2400 3228 ac
2446 3166 2675 3229 timore
2722 3184 2890 3229 com·
2932 3187 2993 3228 ιε.

595 3269 841 3353 pulsuS,
889 3271 1144 3351 propter
1196 3269 1496 3352 reprobos
1553 3274 1619 3334 et
1672 3289 2007 3352 peruersos
2054 3288 2262 3334 mores
2311 3271 2892 3335 excommunicatus

597 3397 634 3442 a
696 3377 1066 3459 presbytero
1133 3396 1270 3453 su0,
1349 3379 1699 3442 multorum
1765 3377 1957 3442 etiam
2020 3378 2082 3442 in
2148 3377 2261 3441 illa
2324 3378 2579 3460 regione
2644 3379 2895 3442 debitor

597 3483 804 3548 factus
861 3486 927 3546 et
981 3485 1200 3547 contra
1253 3483 1759 3548 ecclesiasticum
1814 3485 2103 3567 uigorem
2160 3489 2225 3548 et
2281 3487 2499 3548 contra
2552 3485 2893 3549 creditores

601 3607 753 3654 suos
812 3588 986 3653 aliud
1039 3590 1430 3672 praesidium
1485 3611 1608 3656 non
1666 3591 2007 3673 quaesiuit,
2064 3591 2186 3656 nisi
2242 3594 2317 3654 ut
2370 3591 2484 3655 abs
2540 3594 2603 3655 te
2658 3591 2891 3654 iterum

677 3954 701 4006 1
744 3959 1048 4009 nostrorum
1087 3956 1142 4009 P
1275 3957 1307 4010 3
1348 3972 1482 4024 quos
1519 3955 1575 4008 P
1707 3955 1740 4009 8
1778 3954 2173 4009 uidentissimis
2220 3955 2332 4009 VU
2346 3956 2366 4010 l
2404 3953 2819 4009 euidentissimis
2856 3969 2884 4004 ε

605 4043 670 4097 10
710 4043 796 4097 dei
832 4043 940 4097 VU
973 4044 1094 4101 edd.
1208 4045 1270 4098 11
1313 4047 1552 4098 uestrum
1593 4045 1687 4114 qui
1725 4044 1793 4098 ad
1832 4044 1941 4099 VU
1971 4044 2092 4100 ead.
2238 4045 2327 4098 dei
2374 4045 2483 4099 VU
2515 4043 2635 4098 ead.
2722 4042 2921 4189 w}
3145 4019 3151 4206 1

605 4131 700 4186 des
741 4137 786 4198 (s
826 4150 892 4187 εει·
928 4149 1068 4190 corr.
1106 4139 1259 4200 m.1;
1282 4133 1474 4201 fuitne
1511 4138 1572 4186 nt
1593 4132 1644 4200 ,9)
1676 4133 1729 4184 Ρ
1911 4135 1977 4188 12
2016 4132 2225 4187 inuidia
2259 4133 2316 4186 P
2476 4134 2540 4188 15
2580 4131 2809 4187 audacia
2922 4154 2936 4166 ¹
3012 4136 3108 4202 „J

609 4222 674 4276 18
705 4221 848 4290 quod
885 4222 1040 4275 codd.
1081 4221 1232 4290 edd-.,·
1265 4222 1466 4290 scripsi
1495 4225 1629 4291 quot
1742 4220 1804 4277 19
1842 4223 2049 4292 fugatis
2088 4239 2191 4293 que
2220 4223 2275 4275 P
2390 4223 2461 4276 24
2494 4222 2801 4275 rusticanus
2852 4224 2933 4279 U

607 4312 676 4364 29
716 4311 826 4364 aliu
863 4311 919 4363 P
