3184 4959
495 395 625 460 392
1196 394 1251 448 S.
1308 394 1583 448 Aureli
1639 392 2081 462 Augustini

488 587 692 653 niensi
738 587 1142 667 monasteriO,
1190 588 1302 652 ubi
1350 589 1470 654 hoc
1519 590 1654 654 sine
1703 587 1996 672 angustia.
2040 587 2178 652 fieri
2222 587 2450 670 possit,
2499 591 2577 653 ut
2621 591 2800 652 tanta

488 695 581 759 ibi
650 714 899 759 summa
966 695 1247 760 detracta
1310 715 1434 761 non
1500 697 1714 760 minus
1780 715 1968 778 quam
2025 694 2311 777 aequalis
2366 713 2477 777 pro
2535 714 2794 760 numero

492 801 1000 868 cohabitantium
1046 822 1193 886 pars
1240 802 1320 868 ad
1365 805 1616 868 nostros
1664 803 2010 885 perueniat.

1468 995 1811 1061 LXXXIV.

606 1133 897 1190 DOMINO
938 1133 1374 1188 BEATISSIMO
1415 1134 1505 1188 ΕΤ
1543 1133 1990 1189 VENERABILI
2027 1133 2122 1190 Ac
2158 1133 2674 1190 DESIDERABILI
2855 1141 2883 1180 5

490 1223 753 1278 FRATRI
790 1223 881 1278 ET
920 1221 1477 1278 CONSACERDOTI
1503 1223 1556 1277 Ν
1561 1223 1801 1277 OVATO
1833 1223 1922 1278 ΕΤ
1953 1223 2078 1289 QUI
2116 1223 2360 1280 TECUM
2399 1223 2586 1279 SUNT
2623 1224 2789 1278 FRA-

490 1311 753 1368 TRIBUS
800 1310 1258 1367 AUGUSTINUS
1305 1311 1393 1365 ET
1444 1310 1572 1377 QUI
1619 1311 1878 1366 MEGUM
1925 1311 2113 1368 SUNT
2161 1311 2484 1366 FRATRES
2530 1311 2610 1366 IN
2660 1311 2788 1366 DO-

1346 1400 1536 1455 MINO
1579 1399 1930 1456 SALUTEM.

579 1533 662 1596 Et
728 1551 845 1615 ego
914 1529 1139 1607 sentio,
1208 1548 1396 1611 quam
1465 1526 1658 1591 durus
1723 1525 1959 1605 uidear,
2019 1530 2084 1591 et
2139 1545 2242 1592 me
2297 1529 2434 1610 ipse
2483 1529 2590 1594 uix
2633 1529 2787 1604 fero,

492 1637 662 1721 quod
706 1638 911 1702 filium
957 1657 1169 1701 meum
1220 1636 1552 1700 diaconum
1589 1633 1911 1699 Lucillum
1957 1653 2330 1717 germanum
2376 1637 2562 1700 tuum
2608 1654 2788 1700 sanc·
2826 1658 2882 1698 ιο

491 1745 663 1810 titati
730 1748 878 1809 tuae
942 1763 1061 1809 non
1128 1744 1313 1808 mitto
1373 1745 1563 1824 atque
1611 1741 1930 1825 permitto,
1999 1741 2112 1805 sed
2160 1760 2305 1806 cum
2351 1742 2490 1824 ipse
2539 1761 2790 1825 quoque

494 1852 741 1932 aliquos
810 1870 881 1914 ex
944 1850 1074 1915 tuis
1140 1847 1547 1914 nutrimentis
1605 1847 1790 1912 ualde
1849 1847 2211 1914 carissimos
2261 1855 2452 1931 atque
2500 1849 2790 1914 dulcissi-

492 1978 632 2024 mos
680 1957 1171 2022 necessitatibus
1222 1956 1632 2022 ecclesiarum
1679 1957 1868 2040 longe
1917 1956 2029 2020 abs
2077 1959 2142 2020 te
2180 1956 2535 2038 positarum
2574 1976 2790 2021 conce-

495 2065 639 2130 dere
716 2064 1018 2146 coeperis,
1096 2069 1245 2128 tunc
1323 2063 1577 2140 senties,
1655 2063 1887 2146 quibus
1973 2062 2428 2128 desideriorum
2512 2063 2791 2129 stimulis

493 2169 715 2248 fodiar,
764 2169 935 2253 quod
982 2170 1237 2254 quidam
1282 2171 1441 2235 mihi
1487 2170 1761 2234 maxima
1816 2173 1881 2233 et
1935 2169 2308 2234 dulcissima
2361 2169 2792 2235 familiaritate
2831 2191 2882 2230 15

494 2279 813 2343 coniuncti
860 2297 983 2343 non
1031 2281 1183 2343 sunt
1229 2277 1420 2342 etiam
1469 2277 1880 2360 corporaliter
1933 2295 2208 2341 mecum.
2274 2297 2418 2341 nam
2474 2281 2550 2342 ut
2603 2278 2792 2361 longe

492 2385 743 2449 mittam
808 2385 1247 2468 cognationem
1315 2388 1513 2464 tuam,
1573 2388 1881 2466 quantum
1935 2383 2093 2448 libet
2149 2385 2363 2448 ualeat
2409 2385 2792 2468 germanitas

494 2493 589 2558 tui
638 2493 987 2576 sanguiflua,
1035 2510 1156 2557 non
1205 2493 1409 2557 uincit
1456 2493 1772 2556 amicitiae
1819 2491 2171 2568 uinculum,
2217 2510 2340 2574 quo
2398 2492 2578 2558 nobis
2633 2493 2794 2556 inui-

496 2619 632 2666 cem
680 2618 801 2683 ego
851 2604 916 2664 et
960 2599 1153 2664 frater
1200 2598 1475 2664 Seuerus
1520 2599 1952 2673 inhaeremus;
2001 2603 2066 2663 et
2111 2602 2320 2664 tamen
2368 2599 2557 2677 nosti,
2604 2618 2794 2682 quam

492 2726 631 2771 raro
690 2706 847 2770 mihi
908 2725 1055 2770 eum
1100 2705 1319 2770 uidere
1368 2705 1713 2790 contingat.
1782 2709 1972 2788 atque
2029 2705 2147 2769 hoc
2203 2707 2357 2770 fecit
2401 2725 2524 2770 non
2571 2707 2793 2789 utique
2829 2723 2884 2762 20

494 2813 794 2878 uoluntas
842 2813 950 2877 uel
995 2831 1135 2876 mea
1180 2814 1287 2878 uel
1332 2812 1532 2889 illius,
1582 2811 1695 2876 sed
1742 2811 1892 2876 dum
1941 2813 2163 2877 matris
2221 2813 2527 2877 ecclesiae
2581 2832 2792 2878 neces·

494 2920 717 2983 sitates
783 2923 1040 3003 propter
1100 2919 1389 2982 futurum
1454 2918 1803 2995 saeculum,
1876 2938 1998 3000 quo
2074 2919 2404 2983 nobiscum
2479 2920 2794 3001 insepara-

494 3025 709 3089 biliter
744 3024 1181 3102 conuiuemus,
1220 3025 1423 3090 nostri
1460 3025 1765 3108 temporis
1805 3025 2292 3090 necessitatibus
2332 3026 2791 3107 anteponimus.

497 3135 730 3213 quanto
800 3149 946 3214 ergo
1014 3132 1277 3212 aequius
1342 3133 1405 3195 te
1462 3133 1730 3196 tolerare
1790 3135 2038 3213 oportet
2091 3151 2204 3213 pro
2261 3132 2544 3196 utilitate
2588 3132 2792 3214 ipsius

494 3237 716 3302 matris
783 3237 1085 3302 ecclesiae
1150 3237 1289 3302 eius
1352 3237 1565 3303 fratris
1633 3238 2008 3314 absentiam,
2077 3257 2220 3302 cum
2287 3257 2413 3320 quo
2485 3256 2605 3302 non
2660 3244 2790 3303 tam
2829 3255 2882 3294 τε·

497 3343 602 3408 diu
673 3343 885 3408 cibum
952 3343 1336 3409 dominicum
1402 3345 1705 3419 ruminae,
1774 3364 1962 3426 quam
2024 3345 2130 3409 diu
2190 3364 2308 3430 ego
2367 3363 2510 3409 cum
2561 3344 2792 3410 dulcis-

498 3451 658 3514 simo
728 3450 988 3516 conciue
1056 3471 1196 3517 meo
1254 3450 1508 3528 Seuero,
1575 3452 1685 3534 qui
1751 3471 2000 3515 mecum
2066 3455 2279 3515 tamen
2347 3469 2512 3514 nunc
2569 3451 2674 3514 uix
2730 3453 2794 3514 et

676 3713 831 3766 Idem
867 3714 1091 3778 codicem,
1130 3715 1227 3782 qui
1262 3715 1324 3767 in
1360 3731 1439 3784 ep.
1480 3713 1841 3768 LXXXIII.

568 3857 601 3910 9
640 3856 824 3926 quam]
866 3872 1190 3926 quamquam
1235 3856 1405 3910 TVU
1434 3856 1553 3910 edd.
1582 3863 1880 3924 praeterm
2023 3858 2200 3927 ipsum
2237 3857 2360 3911 cdd.
2545 3857 2612 3912 13
2647 3857 2796 3926 posi-

495 3947 671 3998 tarum
719 3945 815 3998 abs
860 3947 917 3998 te
971 3945 1021 3998 T
1064 3945 1184 3999 edd.
1370 3946 1436 3998 14
1483 3947 1686 4014 ceperis
1733 3946 1796 3999 in
1840 3962 1954 4000 raa.
2001 3963 2070 4002 m.
2099 3950 2130 3998 1
2179 3946 2384 4013 (fuitne
2428 3945 2630 4015 peteris
2651 3943 2702 4011 .9)
2739 3944 2796 3998 R

500 4034 566 4087 15
605 4031 823 4102 quidem
868 4033 920 4088 T
1041 4035 1119 4102 et]
1160 4037 1325 4102 atque
1371 4032 1422 4087 Τ
1512 4034 1574 4087 17
1615 4033 2004 4104 cogitationem
2041 4033 2198 4088 codd.
2228 4033 2383 4101 edd.‚·
2417 4033 2797 4103 cognationem

495 4123 692 4192 scripsi
727 4139 794 4178 ecc
830 4124 1145 4178 coniectura
1182 4122 1578 4176 Maurinorum
1748 4123 1814 4177 18
1851 4124 1988 4177 uicit
2033 4123 2082 4176 T
2233 4124 2303 4178 20
2341 4140 2464 4176 eum
2502 4123 2638 4176 mihi
2675 4121 2796 4177 edd.

568 4213 759 4282 utique
796 4228 900 4270 om.
938 4212 993 4268 R
1102 4213 1165 4266 21
1208 4212 1589 4266 necessitatem
1647 4213 1688 4262 V
1695 4211 1747 4267 U
1851 4213 1919 4266 22
1957 4213 2237 4267 uobiscum
2283 4212 2338 4265 U
2439 4213 2505 4266 27
2548 4212 2796 4266 consciue

498 4303 545 4370 (s
585 4305 725 4369 exp.)
765 4299 822 4355 R
860 4303 997 4366 ciue,
1036 4318 1174 4356 corr.
1214 4319 1281 4355 m.
1305 4306 1335 4354 1
1372 4302 1593 4356 conciue
1641 4301 1696 4356 U
1833 4302 1920 4360 uix
1959 4319 2100 4356 nunc
2147 4302 2202 4356 U
2353 4301 2427 4372 et]
2469 4303 2554 4354 est
2591 4303 2648 4354 et
2693 4299 2807 4354 ΓΠ
