3184 4959
379 1589 434 1628 10

379 2120 435 2160 15

384 2655 436 2693 8⁰

1261 414 1793 484 epistularum
1849 415 1959 469 LV.
2110 389 2117 398 ο
2618 419 2748 482 203

463 609 708 675 tissime
765 607 1122 673 declaratur
1179 607 1452 692 digitum
1511 608 2031 692 dei·significare
2090 609 2381 692 spiritum
2438 615 2749 675 sanctum.

463 733 606 780 cum
655 715 819 780 enim
867 733 1034 778 unus
1083 716 1474 799 euangelista
1523 714 1815 780 dixisset:
1874 716 1957 780 In
2016 715 2281 800 digito
2349 715 2474 780 dei
2540 717 2749 780 eicio

464 822 901 898 daemonia,
941 821 1108 887 alius
1146 821 1267 886 hoc
1303 821 1470 886 idem
1513 821 1605 886 ita
1642 821 1827 886 dixit:
1874 823 1959 886 In
2008 823 2314 904 spiritu
2364 823 2487 886 dei
2538 823 2749 888 eicio

466 929 900 994 daemonia.
965 929 1108 1010 quis
1173 929 1332 992 hanc
1395 928 1705 994 laetitiam
1774 929 2133 994 diuinorum
2193 933 2750 1006 sacramentorum,

465 1055 607 1101 cum
665 1055 850 1101 sanae
908 1035 1228 1102 doctrinae
1282 1037 1426 1100 luce
1482 1035 1858 1110 clarescunt,
1914 1055 2035 1100 non
2082 1035 2393 1118 praeferat
2438 1034 2752 1099 uniuersis

463 1141 682 1208 mundi
720 1143 912 1207 huius
951 1141 1230 1224 imperiis
1271 1142 1463 1207 etiam
1511 1143 1819 1206 inusitata
1862 1141 2169 1207 felicitate
2215 1141 2502 1222 pacatis?
2550 1159 2753 1204 nonne

463 1253 783 1330 tamquam
823 1248 948 1312 duo
989 1247 1290 1330 Seraphin
1332 1248 1609 1313 clamant
1653 1246 1730 1310 ad
1776 1247 2051 1312 inuicem
2098 1245 2487 1312 concinentia
2531 1247 2751 1310 laudes

466 1354 791 1419 altissimi:
860 1353 1007 1418 San
1033 1357 1241 1430 etue,
1306 1357 1665 1429 sanctus,
1732 1356 2067 1420 sanctu·
2125 1354 2499 1418 dominus
2556 1353 2751 1418 deus

467 1459 852 1526 sabaoth?
898 1460 990 1524 ita
1038 1459 1162 1524 duo
1209 1463 1597 1524 testamenta
1641 1459 1913 1525 fideliter
1956 1459 2403 1524 concordantia
2446 1465 2755 1525 sacratam

468 1567 802 1632 concinunt
847 1567 1204 1631 ueritatem.
1253 1565 1566 1632 occiditur
1606 1566 1765 1639 ouis,
1806 1567 2159 1632 celebratur
2192 1567 2429 1648 pascha
2466 1571 2533 1631 et
2567 1567 2757 1632 inter-

465 1674 694 1755 positis
744 1674 1207 1758 quinquaginta
1263 1672 1488 1738 diebus
1545 1674 1734 1739 datur
1795 1674 1895 1738 lex
1960 1673 2039 1738 ad
2084 1674 2375 1740 timorem
2442 1674 2759 1756 scripta
2824 1669 2831 1674 ’

469 1780 732 1866 digito
799 1779 959 1845 dei:
1026 1780 1340 1844 occiditur
1395 1780 1711 1856 Christus,
1778 1781 1886 1862 qui
1952 1783 2353 1862 tamquam
2420 1781 2597 1846 ouis
2664 1780 2755 1844 ad

469 1886 1030 1952 immolandum
1097 1886 1391 1952 ductus
1441 1892 1580 1964 est,
1632 1887 1801 1952 sicut
1844 1887 2067 1952 Esaias
2114 1888 2421 1970 propheta
2465 1890 2755 1965 testatur,

470 1995 820 2060 celebratur
883 2013 1106 2060 uerum
1170 1993 1408 2076 pascha
1461 1997 1526 2059 et
1577 1993 1971 2078 interpositis
2030 1995 2488 2079 quinquaginta
2533 1995 2757 2060 diebus

471 2101 656 2164 datur
729 2101 805 2166 ad
879 2101 1205 2164 caritatem
1280 2100 1543 2184 spiritus
1620 2104 1902 2178 sanctae,
1980 2102 2089 2182 qui
2164 2105 2265 2167 est
2328 2101 2571 2185 digitus
2636 2101 2756 2179 dei,

469 2207 820 2272 contrarius
863 2206 1226 2272 hominibus
1275 2226 1393 2271 sua
1429 2207 1881 2289 quaerentibus
1920 2211 1985 2273 et
2018 2207 2163 2273 ideo
2200 2208 2423 2292 iugum
2464 2227 2757 2290 asperum

473 2319 536 2379 et
596 2315 902 2380 sarcinam
968 2333 1227 2398 grauem
1292 2315 1690 2398 portantibus
1756 2333 1871 2380 nec
1933 2315 2403 2380 inuenientibus
2476 2315 2757 2396 requiem

471 2421 801 2486 animabus
869 2421 1025 2497 ειιίε,
1094 2421 1244 2504 quia
1317 2421 1624 2487 caritas
1698 2441 1845 2486 non
1924 2423 2265 2504 quaerit,
2344 2441 2543 2505 quae
2618 2440 2761 2484 sna

473 2531 678 2594 sunt.
759 2527 902 2593 ideo
987 2527 1357 2594 animositas
1431 2529 1890 2594 haereticorum
1969 2549 2217 2612 semper
2286 2527 2569 2610 inquieta
2640 2531 2758 2602 est,

473 2655 629 2717 quos
687 2654 1015 2719 magorum
1064 2635 1412 2700 Pharaonis
1467 2636 1697 2700 habere
1754 2639 2047 2701 conatum
2108 2635 2389 2701 declarat
2432 2635 2761 2718 apostolus

475 2742 718 2806 dicens:
783 2740 1020 2806 Sicut
1067 2743 1273 2806 enim
1320 2743 1637 2806 iamnes
1687 2747 1763 2806 et
1808 2743 2211 2806 Mambres
2257 2741 2761 2807 restiterunt

474 2849 755 2932 Moysi,
817 2849 936 2913 sic
985 2852 1062 2914 et
1106 2849 1187 2912 hi
1231 2850 1645 2914 resistunt
1692 2849 2034 2914 ueritati
2084 2849 2448 2914 homines
2496 2852 2760 2914 mente

651 3041 684 3094 2
719 3041 848 3094 Luc.
891 3041 972 3106 11,
1012 3041 1084 3095 20
1236 3042 1268 3094 3
1307 3040 1504 3093 Matth.
1547 3041 1633 3107 12,
1671 3041 1739 3094 28
1898 3041 1930 3094 8
1973 3041 2061 3094 Es.
2100 3043 2149 3100 6.
2190 3042 2222 3096 3
2372 3041 2437 3095 12
2477 3039 2563 3094 Es.
2604 3041 2688 3100 53,
2729 3041 2758 3092 7

480 3127 542 3180 18
578 3127 607 3180 Ι
645 3127 764 3184 Cor.
809 3129 894 3193 13,
932 3130 964 3182 5
1075 3129 1144 3182 22
1181 3127 1237 3181 11
1275 3127 1410 3181 Tim.
1451 3127 1502 3190 3,
1540 3127 1682 3181 8-9
2514 3147 2521 3154 ·

543 3253 576 3304 2
615 3267 752 3304 unus
790 3266 890 3305 om.
928 3249 1158 3306 P¹P²M
1261 3251 1430 3306 eiecio
1468 3251 1523 3304 Β
1606 3253 1638 3305 3
1679 3253 1757 3304 ita
1794 3267 1897 3308 om.
1936 3253 1993 3306 P
2098 3253 2264 3306 eiecio
2304 3253 2357 3306 Β
2440 3253 2473 3306 5
2511 3268 2673 3308 san-e
2709 3251 2763 3306 Β

545 3339 740 3409 pferat,
773 3357 842 3396 m.
866 3343 906 3394 2
943 3341 1118 3410 pferat
1155 3339 1210 3392 P
1315 3343 1347 3394 6
1387 3341 1687 3408 inhusitate
1725 3338 1783 3393 ιῙι
1820 3341 1984 3410 eras.)
2022 3341 2077 3394 P
2192 3341 2457 3394 fidelitate
2498 3341 2549 3392 R
2666 3357 2762 3410 pa·

479 3431 674 3483 caturia
712 3427 866 3482 P¹P²
899 3429 1048 3499 pacis
1086 3429 1140 3482 P
1282 3429 1312 3482 7
1353 3427 1624 3498 seraphim
1660 3428 1796 3484 MK
1818 3429 1863 3495 f
1878 3430 2017 3482 lrm
2171 3429 2509 3482 continentia
2544 3427 2766 3482 P¹P²M

480 3517 866 3570 continentiam
914 3517 965 3569 P
1012 3521 1164 3576 (m.2
1215 3517 1318 3572 del.
1369 3522 1448 3582 m)
1495 3517 1550 3570 Β
1602 3517 1986 3572 conscientiam
2032 3517 2099 3570 K
2154 3518 2493 3571 concinentia
2536 3534 2591 3570 m
2637 3533 2763 3570 con·

479 3605 766 3660 cinentiam
813 3611 931 3661 cett.
981 3605 1100 3658 cdd.
1316 3605 1494 3660 laudis
1531 3605 1587 3660 P
1636 3608 1725 3668 (m.
1748 3609 1789 3658 2
1824 3605 2034 3672 laudes)
2075 3604 2264 3660 BMK
2298 3605 2420 3660 edd.
2450 3611 2679 3674 praeter
2712 3622 2765 3658 m

479 3695 511 3748 9
545 3697 876 3748 testamenta
911 3709 978 3748 ex
1013 3709 1154 3748 corr.
1189 3709 1257 3748 m.
1277 3697 1324 3756 1,
1350 3693 1476 3760 fuit
1511 3693 1830 3748 testamenti
1870 3693 1934 3746 K
1975 3695 2305 3748 testamento
2343 3693 2421 3746 Ρ1
2638 3709 2763 3746 con·

479 3783 780 3836 cordeantia
816 3783 952 3850 (fuit
985 3782 1026 3846 i)
1067 3783 1121 3834 P
1225 3785 1490 3837 sacratam
1531 3782 1767 3836 euanuit
1794 3781 1848 3836 Β
1925 3781 1990 3836 10
2030 3783 2315 3836 ueritatem
2356 3781 2686 3836 concinnunt
2715 3782 2765 3834 B

483 3873 547 3926 12
585 3871 819 3926 ociditur
854 3887 990 3926 corr.
1030 3887 1096 3926 ecc
1133 3871 1380 3926 ocidatur
1414 3870 1482 3926 K
1591 3873 1655 3926 13
1694 3872 1855 3926 sicuti
1896 3871 1947 3923 B
2100 3871 2367 3941 propheta
2404 3887 2505 3926 om.
2544 3869 2773 3924 P¹P²M

483 3961 598 4014 edd.
709 3962 775 4015 14
813 3961 1020 4030 uerum]
1059 3961 1254 4015 iterum
1293 3958 1446 4013 ΡῬ1
1523 3985 1528 3990 ·
1564 3961 1631 4014 18
1668 3961 1781 4014 suis
1819 3977 1939 4022 om..
1976 3977 2043 4016 m.
2066 3964 2097 4014 1
2134 3959 2209 4024 (ἓ)
2250 3959 2379 4014 add.
2420 3960 2475 4014 P
2616 3960 2767 4028 quia-

485 4055 536 4115 (n
573 4055 736 4116 eras.)
773 4047 851 4104 10²
1005 4065 1104 4104 sua
1139 4065 1244 4103 om.
1279 4049 1350 4102 M
1499 4049 1562 4104 19
1602 4053 1729 4104 sunt
1765 4053 1821 4102 et
1858 4049 1979 4102 ideo
2018 4049 2073 4102 Β
2216 4049 2286 4104 20
2324 4065 2361 4118 q
2400 4055 2489 4114 (=
2530 4051 2676 4117 quia)
2713 4049 2768 4102 Β

552 4143 838 4194 conantum
879 4139 954 4194 M
1021 4141 1086 4193 21
1129 4139 1317 4192 iannes
1357 4137 1410 4190 Β
1448 4141 1586 4195 (ras.
1624 4154 1691 4192 ex
1726 4140 1953 4204 iamnes)
1982 4139 2037 4192 P
2070 4143 2158 4206 (m.
2182 4143 2222 4192 2
2258 4139 2485 4204 iamnes)
2596 4155 2767 4192 mam-

485 4245 583 4288 res.
620 4246 686 4282 m.
709 4233 749 4282 2
782 4227 1050 4282 mambres
1089 4227 1144 4280 P
1175 4225 1426 4282 manbres
1463 4226 1529 4279 K
1616 4228 1683 4281 22
1722 4227 1854 4282 sicum
1892 4232 2027 4293 (ras.
2066 4231 2208 4280 1-2
2246 4228 2305 4292 ζ.)
2344 4227 2401 4280 Β
2515 4225 2603 4280 hi*
2634 4227 2768 4294 (fuit

486 4317 524 4382 i)
561 4316 618 4369 P
647 4317 726 4371 hii
764 4317 817 4370 Β
851 4317 948 4370 isti
985 4315 1048 4368 K
1083 4317 1204 4370 edd.
1351 4316 1675 4370 restiterunt
1708 4316 1763 4369 P
1904 4315 2085 4370 m'ente
2124 4331 2247 4380 om„
2282 4333 2348 4370 m.
2376 4321 2402 4368 1
2440 4315 2570 4370 add.
2608 4315 2663 4368 B
