3184 4959
253 1521 337 1584 36

343 1642 396 1681 10

345 2177 395 2216 15

1222 467 1749 536 epistularum
1810 468 1925 523 cn.
2590 475 2717 538 575

425 657 748 725 diffamato
788 665 1016 725 cuncta
1059 660 1192 738 illa,
1245 679 1404 744 quae
1441 663 1878 744 temporaliter
1922 663 2090 745 apud
2126 664 2493 730 Israhelitas
2541 665 2725 730 uelut

425 765 751 830 umbratili
797 767 976 850 prius
1025 767 1483 852 significatione
1529 770 1895 853 uiguerunt‚
1952 775 2257 836 euacuatu
2304 774 2721 839 marcescunt.

427 875 492 936 et
517 891 682 937 nunc
709 872 818 939 ille
855 876 1130 957 populus
1171 875 1404 940 amisso
1445 877 2026 960 Hierosolymitano
2055 897 2249 962 regno
2280 883 2344 943 et
2372 879 2723 944 sacerdotio

428 982 492 1044 et
535 980 862 1058 sacrificio,
911 981 1079 1064 quod
1127 985 1332 1047 totum
1383 983 1609 1047 umbra
1644 986 1781 1048 erat
1824 984 2045 1064 futuri,
2093 985 2157 1049 in
2198 985 2451 1069 captiua
2487 985 2727 1067 disper-

428 1086 604 1150 sione
657 1105 888 1172 magno
945 1090 1126 1154 aestu
1191 1088 1627 1154 tribulationis
1685 1090 1992 1169 aduritur,
2060 1091 2231 1156 sicut
2280 1092 2490 1167 IonaS,
2557 1091 2727 1175 quod

429 1193 738 1274 scriptum
779 1197 896 1267 est,
947 1213 984 1258 a
1030 1194 1186 1259 solis
1235 1195 1452 1260 ardore
1501 1199 1566 1260 et
1614 1196 1789 1262 dolet
1836 1199 2115 1282 grauiter
2161 1200 2226 1262 et
2270 1201 2480 1262 tamen
2528 1196 2729 1262 dolori

431 1299 568 1363 eius
615 1303 808 1382 atque
863 1300 1142 1378 umbrae,
1193 1319 1382 1382 quam
1438 1300 1768 1386 diligebat,
1836 1304 2010 1368 salus
2068 1303 2355 1388 gentium
2410 1305 2729 1389 paeniten-

428 1404 716 1488 tiumque
763 1407 1193 1491 praeponitur.

517 1511 744 1576 Adhuc
782 1513 1158 1578 cachinnent
1201 1515 1431 1599 pagani
1480 1517 1546 1579 et
1587 1515 1719 1580 iam
1765 1533 2046 1582 uermem
2086 1515 2409 1582 Christum
2460 1520 2524 1581 et
2569 1516 2728 1582 hanc

430 1617 1016 1701 interpretationem
1079 1620 1434 1704 prophetici
1500 1622 1879 1688 sacramenti
1936 1621 2303 1704 superbiore
2360 1621 2731 1706 garrulitate

434 1724 778 1804 derideant,
825 1725 975 1791 dum
1024 1730 1233 1792 tamen
1282 1733 1348 1792 et
1391 1729 1569 1812 ipsos
1621 1730 1857 1795 sensim
1903 1728 2339 1812 paulatimque
2377 1730 2729 1793 consumat.

433 1850 577 1896 nam
635 1831 710 1897 de
768 1833 1062 1898 omnibus
1127 1834 1366 1901 talibus
1421 1835 1647 1901 Esaias
1711 1835 2071 1920 prophetat,
2118 1853 2231 1917 per
2295 1854 2375 1917 qu
2385 1855 2483 1899 em
2548 1832 2732 1899 nobis

435 1939 592 2004 dicit
639 1939 828 2007 deus:
873 1941 1176 2007 Audite
1235 1962 1369 2019 me,
1421 1943 1558 2025 qui
1606 1943 1857 2009 scitis
1904 1942 1986 2007 iu
2008 1941 2330 2017 dicium,
2378 1943 2730 2024 populus

433 2065 678 2127 meuS,
725 2047 810 2112 in
860 2067 1194 2132 quorum
1243 2049 1481 2114 corde
1528 2051 1655 2114 lex
1701 2067 1873 2114 mea
1917 2051 2061 2113 est.
2121 2048 2565 2132 opprobria
2607 2048 2735 2112 ho-

435 2155 726 2219 minum
801 2155 1063 2222 nolite
1136 2161 1346 2221 metu
1365 2175 1490 2221 ere
1566 2160 1645 2222 et
1709 2155 2227 2221 detractione
2292 2174 2563 2220 eorum
2636 2174 2727 2220 ne

435 2263 939 2345 superemini
1001 2282 1162 2342 nec,
1229 2262 1438 2346 quod
1501 2283 1646 2329 uos
1708 2265 2114 2345 spernant,
2182 2263 2449 2346 magni
2507 2261 2735 2326 duxe-

434 2368 652 2434 ritis.
736 2369 956 2435 sicut
1031 2371 1238 2436 enim
1321 2371 1908 2436 uestimentum
1990 2369 2107 2432 ita
2186 2388 2325 2451 per
2406 2370 2726 2448 tempus

435 2475 963 2541 absumentur
1036 2480 1114 2540 et
1197 2477 1416 2542 sicut
1498 2476 1683 2540 lana
1764 2495 1799 2540 a
1881 2475 2103 2540 tinea
2176 2473 2723 2546 comedentur:

435 2583 726 2648 iustiti
748 2603 784 2648 a
849 2589 1115 2648 autem
1181 2602 1348 2648 mea
1410 2585 1486 2648 in
1553 2587 1972 2648 aeternum
2036 2585 2320 2646 manet.
2397 2598 2511 2645 nos
2576 2597 2726 2662 ergo

438 2709 856 2775 agnoscamus
893 2709 1177 2754 uermem
1223 2689 1633 2768 matutinum,
1682 2689 1833 2772 quia
1868 2691 1931 2754 et
1968 2689 2030 2752 in
2070 2689 2179 2752 illo
2226 2687 2492 2770 psalmo,
2543 2683 2727 2749 cuius

435 2797 668 2862 titulus
731 2797 1126 2863 inscribitur:
1183 2797 1234 2862 P
1251 2818 1332 2863 ro
1401 2817 1430 2862 s
1449 2817 1489 2862 u
1507 2817 1536 2860 s
1555 2817 1588 2861 c
1608 2815 1695 2880 ep
1712 2797 1885 2861 tion
1904 2815 1938 2860 e
1992 2815 2057 2860 m
2074 2794 2343 2859 atutin
2360 2811 2416 2870 a,
2482 2792 2603 2856 hoc
2661 2811 2727 2856 se

434 2905 573 2986 ipse
619 2905 872 2970 nomine
930 2904 1246 2989 appellare
1294 2903 1592 2988 dignatus
1642 2905 1770 2968 est:
1826 2901 1877 2966 Ε
1896 2921 1939 2986 g
1954 2920 2013 2979 0,
2066 2900 2295 2983 inquit,
2354 2919 2385 2963 s
2401 2918 2443 2962 u
2458 2919 2523 2962 m
2570 2915 2613 2961 u
2631 2916 2662 2960 e
2675 2917 2731 2960 r-

605 3125 652 3219 ‘e
691 3163 812 3218 Ion.
850 3165 902 3228 4,
941 3163 974 3217 s
1087 3163 1153 3218 13
1190 3161 1280 3217 Es.
1320 3163 1408 3226 51,
1447 3161 1587 3216 7-s
1696 3163 1766 3216 22
1803 3161 1892 3216 Pa.
1932 3162 2019 3227 21,
2059 3159 2089 3213 7

511 3311 538 3363 1
579 3308 888 3364 israhelites
925 3305 987 3360 H
1096 3306 1129 3359 2
1165 3305 1464 3360 umbraculi
1501 3304 1557 3359 A
1702 3302 1943 3373 uiguerit
1976 3302 2037 3356 E
2150 3302 2183 3356 3
2222 3304 2279 3354 et
2315 3315 2472 3362 nuuc,
2508 3314 2578 3352 m.
2600 3299 2639 3350 2
2677 3299 2733 3348 et

438 3403 502 3452 ut
534 3414 678 3452 nunc
721 3397 772 3452 G
882 3400 940 3450 et
976 3395 1236 3450 sacrificio
1277 3398 1335 3448 et
1371 3392 1679 3448 sacerdotio
1707 3391 1768 3446 Ε
1870 3392 1907 3445 4
1946 3393 2063 3445 erat
2099 3389 2290 3444 umbra
2318 3390 2376 3442 Ε
2516 3385 2733 3455 dispen-

438 3489 652 3543 satione
690 3489 746 3540 A
873 3488 906 3540 5
945 3485 1103 3550 sicut,
1139 3487 1270 3539 m.2
1305 3483 1386 3537 sic
1424 3487 1480 3536 et
1521 3481 1574 3536 G
1701 3483 1733 3536 6
1774 3481 1971 3549 dolori]
2014 3479 2168 3533 dolor
2202 3475 2336 3532 HM
2472 3477 2502 3529 7
2540 3475 2729 3544 paeni-

435 3578 720 3646 tentiaque
747 3575 868 3630 HA
966 3575 998 3627 8
1035 3574 1374 3644 proponitur,
1408 3587 1478 3626 m.
1501 3574 1542 3624 2
1576 3569 1894 3640 preponitur
1930 3569 1983 3622 A
2094 3569 2127 3622 9
2166 3570 2223 3621 et
2257 3566 2389 3635 iam]
2431 3564 2595 3618 etiam
2626 3561 2735 3616 PG

509 3682 727 3720 uermen
760 3664 813 3719 G
919 3663 1058 3718 hanc
1086 3679 1188 3716 om.
1219 3661 1286 3714 H
1357 3661 1424 3715 10
1453 3658 1757 3729 superbiori
1784 3659 1900 3712 AB
1932 3655 2163 3726 superbo
2192 3672 2283 3708 ore
2311 3651 2372 3708 H
2449 3653 2510 3706 11
2552 3655 2735 3706 tamen

439 3759 524 3809 est
561 3757 634 3818 et,
671 3753 768 3808 sed
796 3756 882 3807 est
907 3752 1010 3806 del.
1046 3751 1094 3804 G
1197 3751 1316 3820 ipso
1345 3749 1412 3804 H
1517 3749 1717 3802 sensim
1754 3763 1867 3801 ras.
1909 3762 1973 3800 ex
2008 3760 2227 3798 sensum
2254 3743 2310 3797 P
2343 3758 2578 3805 sensum,
2605 3757 2675 3794 m.
2699 3743 2739 3792 2

438 3845 636 3900 sensim
680 3843 733 3898 G
841 3841 1248 3911 paulatumque,
1286 3853 1426 3895 corr.
1465 3836 1839 3908 paulatimque
1874 3834 1923 3888 Ο
2027 3833 2345 3888 consumant
2370 3831 2431 3884 E
2500 3830 2567 3883 13
2598 3828 2735 3893 sitis,

437 3951 578 3989 corr.
615 3951 683 3989 m.
706 3937 737 3986 1
773 3931 926 3986 scitis
963 3929 1030 3984 H
1109 3931 1176 3983 14
1215 3927 1468 3982 cordibus
1504 3925 1566 3980 E
1636 3927 1701 3980 15
1742 3923 2107 3979 detractiones
2143 3920 2215 3974 M
2250 3918 2645 3974 detractatione
2682 3919 2737 3968 A

509 4039 578 4076 ne
615 4037 718 4076 om.
757 4026 808 4075 et
846 4017 1060 4084 (m.1?)
1103 4017 1234 4072 add.
1280 4015 1328 4070 G
1435 4015 1501 4068 16
1539 4031 1625 4082 ne,
1662 4031 1731 4068 m.
1754 4017 1785 4066 1
1820 4027 1959 4067 corr.
1997 4027 2099 4064 nec
2141 4007 2193 4063 G
2336 4023 2435 4061 uos
2473 4008 2735 4075 spernunt

442 4117 586 4180 (m.1
621 4127 761 4167 corr.
799 4111 1078 4178 spernant)
1119 4105 1188 4160 H
1229 4111 1491 4176 spemuut
1537 4119 1635 4158 uos
1672 4102 1733 4156 E
1947 4101 2011 4154 17
2060 4114 2157 4169 per
2191 4097 2255 4152 in
2282 4096 2403 4166 fine
2440 4113 2503 4164 p.
2541 4110 2646 4149 om.
2684 4094 2739 4146 A

444 4203 510 4257 18
551 4199 905 4256 adsumentur
940 4197 1016 4252 M
1155 4197 1304 4258 luna,
1340 4211 1410 4248 m.
1433 4197 1472 4247 2
1509 4193 1637 4246 lana
1676 4191 1731 4246 G
1838 4189 1908 4244 20
1948 4203 2165 4242 uermen
2208 4185 2256 4240 0
2394 4185 2449 4238 in
2487 4199 2591 4238 om.
2627 4181 2743 4236 HA

441 4292 503 4346 21
547 4289 774 4344 titulum
812 4293 899 4356 (m.
923 4291 954 4340 1
988 4301 1127 4341 corr.
1166 4284 1385 4351 titulus)
1423 4281 1680 4336 scribitur
1718 4279 1791 4333 M
1983 4279 2053 4332 22
2091 4277 2211 4347 ipso
2248 4273 2383 4328 HM
2419 4279 2580 4341 (corr.
2618 4287 2686 4327 m.
2711 4273 2741 4322 1

439 4379 579 4449 ipse)
728 4393 831 4447 ego
869 4379 1054 4432 autem
1091 4373 1273 4444 iuquit
1310 4371 1421 4427 PG
