3184 4959
1188 452 1726 523 epistularum
1782 450 1922 506 XCI.
2573 457 2702 520 433

400 646 608 724 batur,
674 647 843 730 apud
909 649 1049 712 acta
1107 645 1314 712 dicere
1370 645 1738 712 uolentibus
1793 646 2052 731 publica
2097 648 2234 712 iura
2279 651 2510 734 negata
2557 653 2708 714 sunt

400 753 747 836 eodemque
820 754 963 836 ipso
1036 753 1160 830 die,
1236 772 1313 818 ne
1398 755 1505 818 uel
1587 753 1899 819 diuinitus
1981 757 2384 831 terrerentur,
2469 757 2704 840 grando

398 859 900 943 lapidationibus
974 860 1220 924 reddita
1294 864 1413 938 est,
1488 879 1616 943 qua
1687 864 2006 926 transacta
2080 861 2380 927 continuo
2457 864 2708 928 tertiam

400 966 854 1050 lapidationem
929 971 993 1032 et
1063 969 1385 1050 postremo
1460 968 1644 1052 ignes
1719 969 2175 1034 ecclesiasticis
2251 969 2442 1034 tectis
2517 972 2708 1052 atque

338 1096 367 1136 ε
402 1073 771 1140 hominibus
843 1074 1215 1150 intulerunt,
1308 1093 1507 1138 unum
1594 1093 1923 1140 seruorum
2009 1075 2132 1156 dei,
2217 1075 2326 1158 qui
2411 1075 2710 1142 oberrans

406 1200 733 1246 occurrere
803 1181 1035 1264 potuit,
1111 1181 1479 1246 occiderunt
1550 1183 1778 1247 ceteris
1853 1183 2106 1264 partim,
2180 1182 2291 1247 ubi
2354 1187 2710 1267 potuerant,

404 1288 811 1353 latitantibus
875 1287 1128 1370 partim,
1196 1307 1323 1370 qua
1373 1291 1734 1371 potuerant,
1791 1288 2208 1374 fugientibus,
2273 1309 2419 1354 cum
2474 1290 2714 1355 interea

410 1397 749 1460 contrusus
808 1397 999 1476 atque
1056 1397 1376 1460 coartatus
1436 1396 1714 1478 quodam
1756 1397 1900 1462 loco
1949 1413 2017 1462 se
2065 1395 2416 1461 occultaret
2471 1395 2714 1480 episco-

407 1521 551 1585 pus,
615 1500 729 1565 ubi
785 1519 851 1565 se
909 1501 989 1566 ad
1043 1504 1311 1566 mortem
1372 1503 1810 1584 quaerentium
1869 1521 2062 1568 uoces
2119 1503 2417 1568 audiebat
2463 1503 2714 1584 sibique

322 1633 373 1672 10
408 1608 890 1690 increpantium,
958 1608 1127 1691 quod
1192 1627 1265 1674 eo
1322 1628 1442 1673 non
1498 1608 1760 1674 inuento
1821 1611 2017 1693 gratis
2064 1613 2315 1675 tantum
2363 1614 2716 1691 perpetras-

412 1718 554 1780 sent
598 1715 833 1780 scelus,
882 1721 1067 1798 gesta
1112 1718 1263 1779 sunt
1308 1715 1463 1780 haec
1510 1716 1587 1780 ab
1637 1716 1790 1780 hora
1834 1717 2030 1781 ferme
2077 1716 2324 1781 decima
2378 1735 2582 1798 usque
2635 1715 2717 1780 ad

414 1822 618 1887 noctis
684 1826 927 1903 partem
993 1840 1114 1886 non
1180 1822 1525 1888 minimam.
1592 1841 1778 1888 nemo
1837 1841 2260 1905 compescere,
2319 1842 2502 1888 nemo
2570 1823 2716 1886 sub-

414 1929 629 1993 uenire
692 1930 1037 2012 temptauit
1096 1930 1374 2007 illorum,
1442 1949 1712 2013 quorum
1771 1949 1909 1996 esse
1966 1931 2180 2014 grauis
2236 1933 2460 2013 posset
2503 1933 2719 1995 aucto-

412 2037 589 2114 ritas
655 2037 905 2118 praeter
966 2054 1169 2100 unum
1230 2037 1658 2120 peregrinum,
1717 2056 1829 2120 per
1883 2057 2073 2120 quem
2133 2041 2196 2102 et
2241 2037 2502 2121 plurimi
2549 2037 2720 2102 serui

327 2168 379 2209 ιο
416 2143 521 2208 dei
584 2143 660 2208 de
726 2143 1019 2208 manibus
1082 2143 1433 2208 interficere
1492 2143 1856 2208 conantium
1910 2143 2162 2208 liberati
2211 2147 2362 2208 sunt
2407 2144 2474 2208 et
2515 2143 2722 2206 multa

415 2253 660 2314 extorta
728 2249 1199 2332 praedantibus,
1273 2269 1387 2332 per
1450 2269 1640 2331 quem
1708 2251 1949 2313 clarum
2014 2251 2256 2315 factum
2334 2254 2452 2327 est,
2529 2269 2722 2331 quam

416 2357 602 2420 facile
666 2357 779 2421 illa
842 2357 943 2421 uel
1012 2357 1265 2422 omnino
1324 2375 1445 2420 non
1502 2355 1728 2420 fierent
1779 2357 1886 2420 uel
1941 2361 2167 2438 coepta
2215 2357 2618 2435 desisterent,
2666 2355 2723 2419 si

419 2464 594 2528 ciues
638 2463 1037 2546 maximeque
1084 2463 1386 2545 primates
1436 2481 1509 2527 ea
1554 2461 1690 2527 fieri
1737 2463 2079 2546 perficique
2127 2463 2506 2528 uetuissent.

242 2560 281 2620 9
506 2569 776 2636 Proinde
814 2569 877 2634 in
916 2569 1219 2634 uniuersa
1252 2569 1367 2633 illa
1404 2569 1668 2634 ciuitate
1705 2589 1829 2634 non
1867 2569 2234 2635 innocentes
2275 2589 2311 2634 a
2347 2567 2724 2634 nocentibus

330 2705 383 2742 20
422 2678 531 2742 sed
570 2677 779 2740 minus
818 2679 1117 2741 nocentes
1164 2695 1201 2740 a
1246 2676 1720 2740 nocentioribus
1761 2677 2000 2759 poteris
2038 2676 2308 2740 fortasse
2347 2675 2722 2740 discernere.

420 2803 567 2848 nam
610 2784 673 2847 in
712 2803 909 2867 paruo
956 2785 1217 2867 peccato
1263 2783 1361 2848 illi
1408 2785 1577 2857 sunt,
1621 2783 1730 2865 qui
1769 2785 1945 2847 metu
1985 2783 2268 2847 deterriti
2309 2782 2724 2864 maximeque,

422 2909 501 2955 ne
567 2889 954 2956 offenderent
1019 2908 1147 2966 eos,
1216 2909 1377 2972 quos
1434 2890 1498 2953 in
1557 2891 1668 2954 illo
1730 2889 1961 2972 oppido
2019 2889 2367 2971 plurimum
2423 2907 2614 2971 posse
2663 2891 2726 2952 et

421 2996 715 3062 inimicos
762 2997 1067 3061 ecclesiae
1113 2999 1439 3074 nouerant,
1491 3015 1674 3079 opem
1727 2997 1885 3061 ferre
1934 3015 2055 3060 non
2107 2996 2248 3060 ausi
2294 2998 2471 3070 sunt3
2531 2996 2726 3059 scele-

422 3105 546 3168 rati
590 3107 805 3168 autem
853 3123 1092 3181 omnes,
1150 3103 1384 3186 quibus
1443 3105 1564 3168 etsi
1623 3122 1744 3168 non
1802 3103 2183 3168 facientibus
2247 3119 2452 3183 neque
2516 3101 2728 3165 inmit-

334 3233 387 3274 es
424 3210 707 3276 tentibus
752 3215 965 3276 tamen
1012 3210 1379 3275 uolentibus
1435 3210 1562 3276 ista
1618 3210 1962 3275 commissa
2018 3211 2194 3284 sunt3
2273 3207 2727 3284 sceleratioreS‚

428 3317 537 3400 qui
575 3317 1055 3393 commiserunt3
1107 3315 1606 3392 sceleratissimi,
1648 3317 1758 3398 qui
1795 3315 2196 3380 inmiserunt.
2246 3313 2358 3380 sed
2397 3314 2474 3378 de
2510 3313 2730 3378 inmis-

427 3425 604 3489 sione
651 3423 1081 3506 suspicionem
1124 3426 1426 3506 putemus
1474 3441 1636 3501 esse,
1685 3441 1806 3486 non
1854 3423 2191 3487 ueritatem
2239 3439 2354 3486 nec
2403 3440 2476 3484 ea
2523 3419 2729 3484 discu-

426 3533 685 3608 namus,
752 3551 912 3614 quae
976 3531 1099 3596 nisi
1164 3530 1499 3595 tormentis
1565 3549 1805 3608 eorum,
1880 3549 1995 3611 per
2067 3548 2227 3612 quos
2301 3528 2728 3610 inquiruntur,

500 3743 534 3795 2
574 3743 663 3810 ne]
706 3745 768 3795 ut
792 3741 989 3809 flrm
1096 3743 1460 3802 terrenentur,
1500 3755 1639 3793 corr.
1679 3744 1802 3796 m.1
1841 3740 2176 3792 terrerentur
2211 3737 2284 3791 M
2363 3737 2395 3789 3
2436 3752 2566 3804 qua*
2599 3735 2734 3802 (fuit

428 3836 503 3897 m)
543 3831 599 3886 R
706 3833 739 3884 4
778 3831 939 3900 ignis,
978 3847 1047 3883 m.
1070 3833 1109 3882 2
1146 3831 1301 3898 ignes
1340 3827 1395 3879 P
1502 3829 1535 3880 6
1571 3830 1828 3897 poterant
1854 3827 1911 3881 R
2012 3828 2043 3879 7
2079 3825 2399 3888 letantibus,
2437 3842 2505 3878 m.
2529 3829 2568 3876 2
2603 3823 2732 3876 lati-

429 3921 679 3974 tantibus
718 3920 774 3972 P
952 3935 1056 3988 quo
1096 3918 1214 3971 edd.
1244 3923 1545 3986 praeter-m
1725 3917 1982 3986 poterant
2017 3914 2072 3968 R
2253 3913 2286 3967 8
2326 3917 2638 3966 construsus
2679 3911 2738 3964 E

504 4011 784 4064 occutaret
810 4008 871 4061 E
948 4010 981 4062 9
1019 4023 1178 4060 uoces
1220 4005 1593 4074 quaerentium
1631 4004 1688 4060 R
1773 4006 1833 4058 ll
1876 4003 2044 4057 ferme
2084 4004 2151 4056 ab
2188 4003 2324 4056 hora
2361 4000 2416 4054 R
2489 3999 2558 4053 12
2590 4015 2734 4052 com-

431 4115 647 4168 pescere
686 4115 845 4152 nemo
875 4113 997 4160 om„
1028 4113 1094 4150 m.
1115 4100 1155 4149 2
1193 4095 1324 4149 add.
1356 4094 1422 4147 K
1523 4096 1587 4149 13
1627 4093 1812 4164 grauis
1851 4109 1968 4147 esse
1996 4093 2052 4147 R
2157 4092 2223 4145 15
2250 4089 2494 4145 libertati
2525 4093 2654 4141 sunt
2681 4088 2740 4140 Ε

436 4191 501 4242 17
539 4188 659 4256 illa}
700 4187 883 4240 omnia
920 4186 1015 4239 illa
1050 4185 1106 4240 R
1278 4187 1439 4254 cepta.
1474 4184 1528 4236 A
1566 4185 1788 4253 incepta
1822 4183 1878 4237 R
2025 4182 2091 4236 18
2128 4181 2389 4250 priuatae,
2430 4193 2569 4232 cor-r.
2607 4193 2678 4230 m.
2706 4181 2731 4228 1

433 4279 692 4349 primates
731 4275 785 4329 P
892 4277 956 4329 19
997 4275 1220 4328 ciuitate
1256 4273 1356 4327 illa
1389 4273 1447 4328 R
1592 4271 1660 4326 ab
1697 4270 2022 4326 nocentibus
2059 4271 2120 4324 E
2152 4269 2220 4323 ab
2259 4265 2641 4322 innocentibus
2679 4263 2738 4318 R

435 4369 501 4422 21
541 4367 755 4438 peccati
790 4365 901 4420 ΓΛ
1011 4365 1079 4418 25
1116 4363 1227 4416 ista
1266 4362 1577 4418 uolentibus
1621 4363 1672 4416 R
1781 4363 1846 4415 27
1887 4377 1953 4414 ea
1991 4376 2090 4414 om.
2131 4359 2255 4412 MA

489 4491 727 4543 xxxun,
756 4491 872 4539 Aug.
894 4493 1004 4531 nect.
1027 4489 1073 4529 11
1092 4499 1197 4539 par·
1226 4489 1266 4527 2.
2596 4460 2665 4514 28
