3184 4959
300 1635 344 1670 to

304 2166 349 2204 15

296 3237 349 3276 25

1084 458 1616 526 epistularum
1674 459 1988 516 LXXXVII.
2553 467 2682 532 405

382 651 563 716 nobis
630 651 1107 736 coniungimini,
1174 651 1293 717 hoc
1350 656 1451 716 est
1504 653 1810 718 ecclesiae
1867 653 1989 734 dei,
2039 655 2378 721 hereditati
2425 657 2684 734 Christi,

384 757 565 822 cuius
630 759 955 841 possessio
1022 763 1175 824 sunt
1238 759 1489 824 termini
1552 763 1776 839 terrae,
1839 781 1958 827 uos
2023 762 2432 848 corrigimini,
2490 767 2566 829 ut
2619 765 2682 828 in

380 863 589 928 radice
664 865 927 931 uiuatis.
1011 867 1086 930 de
1158 869 1353 932 ramis
1428 867 1598 932 enim
1669 869 1888 933 fractis
1973 869 2068 934 sic
2151 871 2241 934 ait
2321 871 2684 952 apostolus:

382 971 680 1036 Potens
748 977 875 1037 est
941 974 1145 1038 enim
1214 973 1409 1038 deus
1474 974 1770 1039 iterum
1835 975 2202 1040 inserere
2267 976 2486 1042 illos.
2565 994 2684 1041 uos

385 1097 533 1162 ergo
608 1080 945 1145 mutamini
1020 1101 1089 1146 ex
1164 1099 1237 1146 ea
1316 1083 1515 1163 parte,
1602 1101 1728 1164 qua
1810 1081 2305 1162 dissentiebatis,
2390 1083 2686 1166 quamuis

384 1191 793 1263 sacramenta,
875 1207 1035 1270 quae
1108 1187 1460 1266 habebatis,
1537 1208 1684 1252 cum
1761 1189 1980 1254 eadem
2045 1189 2178 1254 sint
2241 1190 2304 1255 in
2370 1189 2684 1265 omnibus,

384 1296 601 1357 sancta
665 1293 812 1359 sint.
880 1298 1261 1380 quapropter
1320 1313 1439 1360 uos
1505 1296 1738 1360 mutari
1795 1295 2098 1363 uolumus
2156 1316 2190 1361 a
2245 1298 2684 1382 peruersitate,

380 1399 446 1464 id
494 1405 595 1465 est
638 1403 713 1466 ut
766 1400 971 1468 denuo
1026 1402 1346 1468 radicetur
1399 1406 1616 1468 uestra
1669 1403 2001 1486 praecisio.
2067 1423 2214 1468 nam
2272 1405 2685 1482 sacramenta,

382 1527 541 1591 quae
614 1528 739 1574 non
794 1509 1120 1588 mutastis,
1182 1508 1352 1574 sicut
1422 1509 1696 1588 habetis,
1763 1509 2194 1594 adprobantur
2247 1529 2285 1574 a
2340 1509 2546 1588 nobiS,
2611 1528 2688 1574 ne

380 1615 563 1696 forte,
612 1634 759 1681 cum
804 1619 1087 1682 uestram
1131 1615 1515 1698 prauitatem
1564 1615 1876 1701 corrigere
1915 1617 2240 1695 uolumus,
2280 1616 2410 1681 illis
2449 1622 2686 1700 myste-

382 1723 491 1787 riis
532 1721 792 1800 Christi,
831 1741 993 1806 quae
1031 1723 1093 1788 in
1132 1728 1349 1788 uestra
1384 1723 1702 1807 prauitate
1743 1723 2088 1808 deprauata
2125 1743 2248 1788 non
2288 1727 2457 1803 sunt,
2501 1724 2690 1788 sacri-

382 1831 593 1914 legam
654 1829 967 1896 faciamus
1020 1828 1339 1896 iniuriam.
1403 1847 1610 1912 neque
1667 1831 1832 1895 enim
1891 1835 1954 1895 et
2011 1829 2163 1896 Saul
2231 1831 2692 1914 deprauauerat

386 1937 769 2016 unctionem,
820 1955 1009 2020 quam
1058 1941 1406 2020 acceperat,
1454 1939 1558 2002 cui
1607 1937 1893 2002 unctioni
1939 1941 2188 2002 tantum
2237 1939 2536 2004 honorem
2585 1956 2690 2001 rex

386 2043 613 2120 Dauid,
678 2043 827 2126 pius
892 2044 992 2108 dei
1058 2063 1304 2114 seruus,
1374 2044 1676 2109 exhibuit.
1749 2047 2082 2128 propterea
2147 2063 2296 2129 ergo
2371 2063 2489 2108 uos
2565 2063 2686 2109 non

384 2151 870 2234 rebaptizamuS,
938 2151 1047 2234 qui
1110 2151 1385 2216 radicem
1452 2151 1640 2216 uobis
1705 2152 1964 2217 reddere
2031 2153 2345 2235 cupimus,
2421 2151 2686 2216 formam

386 2261 594 2321 tamen
670 2257 937 2342 praecisi
1014 2258 1335 2335 sarmenti,
1412 2257 1468 2322 si
1544 2277 1666 2323 non
1741 2261 1992 2322 mutata
2055 2261 2174 2333 est,
2243 2258 2687 2342 adprobamuS,

386 2383 545 2446 quae
618 2368 829 2430 tamen
906 2365 1199 2448 quamuis
1271 2365 1521 2448 integra
1590 2365 1764 2430 nullo
1837 2363 2026 2429 modo
2103 2368 2204 2429 est
2279 2366 2414 2428 sine
2478 2363 2690 2428 radice

384 2472 731 2537 fructuosa.
798 2472 921 2538 alia
995 2473 1285 2556 quaestio
1363 2477 1462 2537 est
1534 2473 1613 2537 de
1683 2471 2255 2556 persecutionibus,
2333 2489 2489 2554 quas
2573 2489 2690 2535 uos

388 2580 599 2644 dicitis
646 2581 779 2663 pati
826 2581 891 2644 in
938 2583 1117 2646 tanta
1160 2580 1653 2644 mansuetudine
1701 2583 1764 2643 et
1808 2579 2070 2644 lenitate
2118 2582 2500 2644 nostrorum.
2543 2595 2690 2641 cum

386 2705 534 2750 uere
607 2686 851 2752 inlicite
924 2707 995 2752 ac
1069 2685 1373 2770 priuatim
1450 2687 1652 2752 uestri
1723 2686 1963 2751 faciant
2037 2685 2348 2768 grauiora,
2425 2685 2549 2748 alia
2614 2685 2690 2748 de

384 2791 790 2874 baptismate,
840 2793 1007 2876 quod
1056 2812 1176 2858 non
1226 2793 1589 2876 quaerimus
1635 2793 1748 2858 ubi
1796 2793 1900 2871 sit,
1950 2793 2064 2858 sed
2111 2792 2220 2857 ubi
2265 2791 2488 2876 prosit.
2545 2809 2690 2855 nam

386 2899 773 2982 ubicumque
820 2905 939 2978 est,
987 2901 1201 2984 ipsum
1242 2904 1367 2977 est;
1420 2901 1533 2966 sed
1570 2919 1691 2965 non
1731 2902 1922 2965 etiam
1962 2899 2092 2977 ille,
2132 2899 2242 2982 qui
2275 2903 2398 2965 hoc
2437 2898 2690 2980 accipit,

385 3005 773 3089 ubicumque
820 3011 938 3086 est,
974 3007 1115 3090 ipse
1154 3011 1270 3074 est.
1320 3007 1537 3092 itaque
1574 3007 1889 3092 priuatam
1929 3007 2255 3072 hominum
2296 3005 2690 3090 impietatem

387 3112 779 3178 detestamur
850 3115 913 3180 in
992 3115 1356 3194 schismate,
1434 3115 1828 3198 baptismum
1904 3134 2055 3180 uero
2131 3113 2371 3180 Christi
2453 3113 2692 3195 ubique

386 3239 779 3294 ueneramur,
827 3222 995 3304 quia,
1046 3221 1099 3287 si
1148 3221 1497 3288 desertores
1545 3241 1765 3287 secum
1811 3222 2212 3302 imperatoris
2261 3221 2446 3306 signa
2481 3219 2690 3284 tradu-

387 3329 549 3405 cant,
613 3327 743 3392 illis
810 3327 915 3394 uel
982 3329 1380 3394 damnatione
1445 3328 1688 3412 punitis
1753 3329 1860 3394 uel
1923 3327 2324 3413 indulgentia
2389 3325 2690 3392 correctis

388 3433 569 3499 salua
633 3434 815 3520 signa
880 3435 1291 3520 recipiuntur,
1350 3437 1405 3502 si
1463 3437 1644 3501 salua
1707 3438 2094 3501 manserunt.
2161 3439 2227 3500 et
2283 3434 2340 3501 si
2395 3435 2550 3518 quid
2614 3433 2690 3498 de

386 3540 503 3604 hac
548 3560 613 3605 re
662 3541 1034 3626 diligentius
1083 3544 1511 3626 quaerendum
1560 3549 1680 3618 est.
1730 3543 1855 3607 alia
1902 3546 2020 3620 est,
2069 3546 2143 3607 ut
2191 3543 2338 3622 dixi,
2379 3542 2689 3626 quaestio.

566 3803 592 3855 1
633 3802 723 3856 Ps.
763 3801 813 3866 2,
853 3803 889 3858 8
994 3805 1031 3856 4
1066 3801 1221 3857 Rom.
1266 3803 1347 3865 11,
1388 3803 1456 3856 23
1572 3804 1638 3856 12
1677 3803 1732 3857 11
1769 3803 1904 3873 neg.
1947 3803 1994 3866 1,
2037 3803 2214 3859 1-16

460 3911 485 3962 1
526 3908 685 3963 uobis
720 3907 783 3964 F
934 3907 1339 3978 coniungemini
1378 3910 1489 3964 FA
1629 3911 1666 3963 4
1705 3914 1902 3980 potens
1942 3909 2044 3979 est]
2083 3912 2270 3980 potest
2307 3909 2362 3964 P
2509 3911 2539 3963 7
2579 3909 2694 3962 sint

386 4015 496 4052 ras.
537 4003 627 4064 (ex
664 4003 791 4053 sunt
811 3999 865 4070 .2)
904 3999 962 4052 1³
1065 3999 1098 4052 8
1136 3998 1365 4068 precisio
1408 4000 1508 4064 (sio
1548 3999 1612 4051 in
1648 4015 1758 4055 ras.
1797 4000 2084 4057 incertum)
2122 3999 2198 4052 M
2317 4001 2382 4054 14
2419 4001 2691 4070 proptere,

386 4105 451 4141 m.
474 4091 515 4142 2
548 4093 840 4159 propterea
867 4087 921 4141 P
1024 4089 1089 4142 15
1119 4089 1247 4157 quia
1275 4087 1382 4154 Pr
1393 4089 1413 4142 1
1434 4105 1535 4142 rm
1641 4089 1705 4144 16
1743 4089 2001 4158 praecisis
2041 4090 2272 4142 armenti
2299 4087 2372 4142 M
2469 4089 2534 4142 18
2565 4087 2688 4147 alio,

384 4193 522 4230 corr.
561 4193 630 4232 m.
668 4183 731 4230 ut
766 4175 885 4230 uid.
926 4181 955 4230 1
996 4177 1104 4231 alia
1141 4175 1200 4230 F
1341 4194 1473 4246 quos
1520 4181 1563 4230 A
1729 4178 1799 4232 20
1836 4177 2123 4248 prauatim,
2163 4195 2228 4230 m.
2256 4181 2295 4232 2
2331 4177 2586 4248 priuatim
2625 4179 2697 4232 M

384 4266 451 4318 :23
488 4265 760 4320 hominem
796 4266 1134 4337 impietatem
1174 4267 1229 4320 in
1270 4267 1523 4320 scismate
1563 4266 1898 4320 detestamur
1925 4267 1980 4322 R
2080 4267 2150 4322 25
2189 4268 2318 4337 quia
2355 4268 2424 4337 si]
2453 4267 2610 4338 quasi
2637 4266 2693 4322 R

456 4356 503 4408 si
549 4371 669 4420 om„
716 4361 837 4410 m.1
884 4355 1013 4410 adel.
1056 4355 1115 4408 F
1326 4355 1628 4425 producant
1673 4355 1728 4410 R
1909 4355 1978 4410 28
2027 4371 2105 4418 ac,
2155 4371 2294 4410 corr.
2343 4361 2465 4410 m.1
2500 4357 2602 4411 hac
2639 4356 2698 4410 F
