3184 4959
480 445 612 508 410
1188 445 1241 497 S.
1297 443 1571 497 Aureli
1627 446 2066 514 Augustini

392 628 435 691 4
542 633 1049 689 IMPERATORES
1088 634 1451 690 CAESARES
1488 635 1737 691 FLAVII
1783 635 2343 693 CONSTAN'I'INUS
2389 637 2722 692 MAXIMUS

484 722 571 776 ΕΤ
608 722 968 779 VALERIUS
1006 723 1429 779 LICINIANUS
1467 723 1792 781 LICINIUS
1831 725 1928 780 AD
1980 725 2418 782 PROBIANUM
2461 725 2786 781 PROCON-

1330 813 1575 870 SULEM
1611 814 1942 872 AFRICAE.

570 937 874 1003 Aelianus
923 939 1371 1022 praedecessor
1416 944 1568 1006 tuus
1617 942 1866 1020 meritc,
1917 941 2069 1007 dum
2123 943 2225 1007 uir
2277 942 2786 1028 perfectissimus

484 1045 711 1127 VeruS,
792 1045 1074 1111 uicarius
1156 1047 1620 1130 praefectorum
1706 1048 1856 1121 tunc
1939 1067 2051 1132 per
2120 1048 2402 1114 Africam
2484 1052 2785 1126 nostram,
2852 1073 2879 1112 s

481 1147 883 1218 incommoda
958 1153 1313 1218 ualitudine
1386 1156 1727 1234 teneretur,
1802 1155 2088 1220 eiusdem
2162 1155 2448 1239 partibus
2529 1155 2788 1220 functus

484 1259 647 1323 inter
693 1263 901 1325 cetera
946 1260 1139 1325 etiam
1184 1259 1253 1324 id
1297 1261 1626 1344 negotium
1675 1263 1780 1327 uel
1826 1261 2154 1338 inuidiam,
2206 1279 2367 1344 quae
2413 1259 2490 1328 de
2529 1259 2788 1328 Caecili-

484 1385 602 1431 ano
668 1366 964 1450 episcopo
1033 1366 1337 1432 ecclesiae
1405 1367 1756 1434 catholicae
1810 1367 2067 1433 uidetur
2122 1387 2262 1434 esse
2318 1371 2654 1447 commota,
2710 1367 2790 1432 ad

486 1477 739 1537 examen
796 1484 1003 1538 ‘suum
1078 1476 1270 1556 atque
1343 1473 1693 1540 iussionem
1778 1473 2045 1540 credidit
2127 1494 2268 1540 esse
2348 1473 2788 1541 reuocandam.

486 1580 721 1644 etenim
769 1599 915 1644 cum
959 1579 1089 1644 iam
1136 1578 1477 1663 Superium
1524 1580 1955 1646 centurionem
2004 1584 2069 1646 et
2115 1581 2544 1649 Caecilianum
2589 1581 2790 1664 magi·
2833 1613 2879 1647 ιο

488 1689 757 1750 strat-um
804 1687 1388 1771 Aptungitanorum
1446 1690 1511 1752 et
1556 1687 1964 1754 Saturninum
2027 1689 2457 1752 excuratorem
2517 1690 2582 1752 et
2629 1685 2791 1751 Cali-

486 1792 665 1856 bium
736 1792 1066 1872 iuniorem,
1143 1793 1431 1859 eiusdem
1504 1793 1788 1860 ciuitatis
1867 1798 2240 1871 curatorem,
2317 1799 2506 1877 atque
2573 1792 2789 1858 Solum

488 1918 747 1964 seruum
822 1900 1153 1982 publicum
1227 1919 1421 1984 supra
1494 1901 1766 1984 scriptae
1841 1899 2122 1966 ciuitatis
2205 1905 2569 1984 praesentes
2652 1919 2792 1964 esse

488 2005 770 2084 fecisset,
846 2006 1231 2070 audientiam
1302 2006 1598 2091 praebuit
1668 2009 2156 2090 competentem,
2231 2006 2384 2072 adeo
2469 2009 2560 2083 ut,
2645 2024 2788 2069 cum

490 2111 846 2178 Caeciliano
891 2111 1125 2176 fuisset
1170 2111 1513 2191 obiectum,
1562 2111 1731 2195 quod
1777 2131 1814 2176 a
1859 2111 2069 2176 Felice
2124 2111 2328 2177 eidem
2385 2113 2790 2196 episcopatus
2829 2135 2882 2173 ιε

488 2218 813 2282 uideretur
876 2237 1017 2282 esse
1083 2217 1355 2296 delatus,
1422 2219 1528 2284 cui
1596 2218 1955 2282 diuinarum
2014 2218 2466 2302 scripturarum
2513 2217 2788 2300 proditio

488 2328 677 2406 atque
743 2325 988 2390 exustio
1053 2324 1379 2390 uideretur
1443 2324 1712 2398 obiecta,
1776 2326 2176 2390 innocentem
2245 2325 2320 2389 de
2377 2345 2450 2390 eo
2507 2323 2787 2388 Felicem

488 2431 687 2496 fuisse
736 2431 1115 2496 constiterit.
1173 2430 1444 2514 denique
1500 2451 1648 2497 cum
1704 2431 2020 2496 Maximus
2075 2431 2440 2516 Ingentium
2508 2430 2789 2496 decurio·
2865 2453 2872 2458 ·

488 2557 632 2603 nem
706 2537 1119 2620 Ziquensium
1194 2537 1478 2603 ciuitatis
1555 2537 1898 2620 epistulam
1974 2537 2315 2604 Caeciliani
2391 2536 2789 2601 exduumuiri

486 2643 754 2709 falsasse
826 2643 1254 2722 contenderet,
1330 2644 1600 2709 eundem
1671 2644 1886 2727 ipsum
1959 2645 2322 2728 lugentium
2407 2660 2790 2725 suspensum
2829 2670 2882 2708 20

488 2751 669 2829 actiS,
743 2769 905 2832 quae
982 2751 1303 2827 suberant,
1377 2749 1775 2833 peruidimus
1851 2753 1915 2815 et
1985 2751 2127 2815 ideo
2201 2750 2460 2816 minime
2522 2751 2787 2815 tortum.

485 2857 651 2938 quod
702 2877 770 2921 se
816 2857 1220 2923 decurionem
1276 2858 1686 2941 Ziquensium
1753 2857 2034 2923 ciuitatis
2101 2875 2243 2922 esse
2297 2855 2788 2924 adseuerauerit.

486 2962 651 3028 unde
697 2963 1023 3042 uolumus,
1072 2967 1147 3028 ut
1192 2965 1461 3030 eundem
1506 2965 1722 3048 ipsum
1767 2965 2134 3048 Ingentium
2193 2963 2310 3028 sub
2367 2961 2596 3027 idonea
2647 2981 2788 3045 pro-

488 3071 812 3136 secutione
878 3070 957 3136 ad
1022 3072 1399 3137 comitatum
1462 3091 1676 3137 meum
1745 3071 2142 3160 Constantini
2201 3070 2482 3154 Augusti
2544 3067 2788 3147 mittaS,

562 3279 585 3332 1
630 3277 859 3333 caesaris
900 3279 973 3334 M
1110 3279 1332 3334 Flauius
1369 3279 1553 3347 flrm
1697 3279 1730 3331 2
1769 3279 2004 3332 ualerius
2043 3278 2342 3333 lucinianus
2381 3281 2438 3331 et
2473 3277 2689 3330 licinius
2729 3277 2783 3331 R

484 3367 803 3422 Valerianus
839 3367 1080 3423 Licinius
1120 3385 1157 3421 a
1178 3387 1206 3422 e
1244 3368 1489 3422 Valerius
1528 3367 1768 3422 Licinius
1806 3373 1925 3423 cett.
1965 3367 2085 3421 edd.
2250 3368 2282 3420 3
2321 3365 2514 3437 africes
2553 3369 2602 3432 (s
2639 3365 2781 3434 exp.)

484 3473 573 3510 sor
606 3460 735 3511 tuus
773 3457 966 3511 merito
1007 3457 1079 3511 du
1114 3456 1200 3510 uir
1232 3457 1482 3512 helianus
1520 3456 1779 3526 prodeces
1807 3455 2041 3528 perfect}
2061 3456 2276 3510 issimus
2305 3454 2380 3508 M
2473 3455 2510 3509 4
2535 3454 2783 3508 helianus

486 3545 643 3601 codd.
681 3545 802 3601 edd.
832 3551 1059 3615 praeter
1093 3563 1147 3600 m
1288 3545 1641 3616 prodecessor
1664 3543 1900 3598 MFAR
1937 3559 2170 3614 peessor,
2208 3559 2320 3597 ras.
2361 3547 2412 3596 et
2447 3557 2588 3596 corr.
2629 3549 2780 3610 sices-

484 3650 573 3688 sor
609 3633 664 3687 P
838 3635 870 3688 5
908 3651 1005 3704 per
1040 3651 1139 3692 om.
1181 3638 1233 3688 A
1403 3637 1638 3687 uestram
1676 3633 1795 3687 edd.
1827 3639 2053 3701 praeter
2086 3649 2140 3685 m
2319 3631 2352 3686 6
2389 3627 2764 3684 incommoda*

487 3726 702 3792 (parua
736 3727 872 3790 ras.)
912 3722 973 3778 F
1073 3725 1107 3778 9
1147 3723 1317 3777 credit
1353 3721 1588 3776 MFAR
1703 3723 1767 3776 10
1803 3722 1935 3790 iam]
1973 3724 2088 3775 tam
2125 3719 2282 3774 codd.
2313 3735 2351 3772 a
2494 3719 2783 3787 magistra·

483 3815 637 3865 tuum
675 3810 968 3866 MFARa
1134 3814 1194 3867 11
1239 3813 1720 3883 aptugnitanorum
1759 3811 1832 3864 M
1867 3815 1956 3876 (ex
1993 3809 2460 3879 aptugnitatorum
2497 3825 2567 3862 m.
2590 3812 2637 3876 1)
2677 3806 2784 3861 ΓΑ

482 3900 927 3970 aptugit-anorum
962 3901 1019 3954 P
1052 3902 1541 3972 appungitanorum
1580 3900 1636 3956 R
1781 3903 2092 3954 excuratore
2119 3897 2355 3952 MFAP
2502 3901 2559 3952 et
2595 3913 2698 3952 om.
2723 3896 2788 3949 F

486 3989 552 4042 12
590 3989 841 4044 Solonem
882 3989 1021 4043 lrm
1195 3989 1260 4044 13
1298 3989 1630 4061 praesentes]
1671 3993 1894 4058 pessent
1931 3987 1986 4040 P
2149 3989 2214 4041 14
2251 4002 2372 4040 cum
2409 4003 2514 4041 om.
2552 3985 2707 4040 codd.
2749 4003 2786 4038 a

486 4079 552 4131 15
590 4079 942 4133 caecilianum
971 4082 1025 4133 A
1145 4081 1209 4134 17
1242 4079 1471 4148 exustio]
1516 4079 1790 4132 excusatio
1819 4077 1874 4132 R
1996 4079 2061 4130 18
2091 4076 2446 4130 maximianus
2473 4077 2526 4129 A
2691 4073 2784 4127 Vi-

481 4167 727 4234 gentium
762 4167 883 4224 edd.
912 4173 1209 4236 praeter-m
1392 4169 1459 4222 19
1498 4166 1820 4236 ziquinsium
1855 4169 1910 4220 A
2057 4182 2118 4219 ex
2159 4165 2457 4218 duumuiris
2495 4162 2652 4218 codd.
2693 4179 2784 4216 ex·

482 4254 753 4308 duumuiri
787 4272 843 4309 m
881 4272 941 4309 ex
980 4255 1167 4310 diuino
1205 4254 1321 4310 iure
1358 4260 1487 4310 cett·
1516 4253 1641 4309 edd.
1752 4254 1820 4307 20
1859 4253 2074 4306 saisisse
2104 4258 2155 4306 A
2266 4253 2332 4306 21
2375 4255 2522 4305 actes
2555 4249 2785 4304 MFAR

480 4343 549 4396 22
588 4342 910 4413 ziquinsium
948 4347 1001 4397 A
1147 4359 1265 4398 esse
1302 4359 1404 4398 om.
1445 4341 1564 4396 edd.
1676 4343 1745 4396 23
1785 4344 2158 4411 persecutione
2197 4343 2250 4394 A
