3184 4959
491 415 620 477 224
1183 409 1235 462 S.
1291 407 1568 461 Aureli
1624 407 2067 476 Augustini

493 608 738 690 quando
806 610 942 674 eius
1007 627 1128 674 non
1183 608 1591 690 amplectitur
1636 608 1986 672 unitatem?
2047 629 2193 672 cum
2242 628 2389 692 ergo
2438 609 2517 674 ad
2574 612 2786 676 catho-

491 717 680 780 licam
727 716 1010 794 ueniunt‚
1057 735 1178 780 non
1224 715 1328 778 hic
1377 714 1717 798 accipiunt,
1766 715 1933 797 quod
1980 715 2326 779 habebant:
2376 719 2451 780 ut
2485 718 2787 800 prodesse

494 823 624 887 illis
689 822 970 904 incipiat,
1039 823 1205 904 quod
1261 821 1599 899 habebant,
1659 823 1979 904 accipiunt
2033 822 2157 900 hic,
2216 823 2385 904 quod
2432 844 2552 888 non
2600 825 2788 889 habe-

494 931 671 1004 bant:
748 929 852 993 hic
927 928 1091 992 enim
1165 927 1440 992 radicem
1516 927 1800 991 caritatis
1874 928 1939 992 in
2012 929 2271 994 uinculo
2344 930 2522 1010 pacis
2598 935 2661 995 et
2722 932 2785 994 in

495 1037 800 1102 societate
844 1035 1130 1110 unitatis,
1179 1039 1254 1100 ut
1296 1054 1419 1099 non
1459 1033 1536 1097 ad
1578 1034 2040 1099 damnationem
2082 1035 2194 1100 sed
2232 1035 2309 1099 ad
2346 1036 2785 1101 liberationem
2852 1055 2881 1094 ⁵

495 1144 624 1208 illis
689 1144 944 1207 ualeant
1008 1141 1235 1220 omnia,
1304 1161 1462 1225 quae
1529 1141 1785 1216 habent,
1843 1145 2233 1206 sacramenta
2288 1143 2601 1208 ueritatis.
2666 1164 2789 1208 non

497 1251 662 1314 enim
717 1249 948 1313 debent
1001 1248 1256 1332 gloriari
1303 1251 1638 1315 sarmenta.
1686 1248 1835 1329 quia
1880 1268 2003 1312 non
2050 1253 2201 1312 sunt
2249 1249 2573 1332 spinarum
2618 1251 2793 1332 ligna

498 1358 610 1422 sed
677 1357 854 1421 uitia.
923 1357 978 1420 si
1044 1356 1210 1420 enim
1275 1373 1397 1420 non
1457 1355 1518 1419 in
1574 1355 1787 1420 radice
1844 1355 2137 1422 uixerint.
2196 1375 2341 1420 cum
2398 1359 2533 1420 tota
2582 1358 2791 1439 specie

499 1465 598 1528 sui
665 1463 726 1526 in
789 1462 1004 1546 ignem
1051 1463 1404 1526 mittentur.
1472 1462 1550 1526 de
1608 1461 1989 1544 quibusdam
2045 1465 2253 1525 autem
2322 1464 2513 1527 ramis
2576 1463 2793 1528 fractis

501 1571 660 1634 dixit
714 1571 1064 1652 apostoIUS‚
1123 1569 1272 1650 quia
1325 1573 1611 1650 potens
1672 1573 1799 1633 est
1846 1568 2039 1634 deus
2088 1569 2381 1632 iterum
2428 1569 2789 1634 inserere
2831 1590 2885 1630 10

501 1678 716 1741 illos
765 1679 830 1740 et
873 1675 1036 1753 ideo,
1087 1675 1500 1740 dilectissime
1537 1676 1750 1753 frater,
1792 1695 2226 1758 quoscumque
2266 1676 2518 1741 illorum
2558 1677 2793 1742 uideris

501 1785 662 1847 sorte
711 1782 1093 1860 dubitanteS,
1145 1801 1267 1864 quo
1317 1782 1530 1846 ordine
1579 1783 2011 1864 suscipiantur
2049 1802 2083 1845 a
2123 1783 2325 1860 nobie,
2366 1785 2627 1848 ostende
2663 1785 2794 1848 illis

502 1892 714 1966 istam,
781 1908 966 1970 quam
1033 1889 1189 1952 bene
1255 1889 1442 1966 nosti,
1508 1909 1766 1953 manum
1832 1907 2035 1954 meam
2104 1893 2184 1964 et,
2256 1889 2309 1952 si
2374 1910 2509 1953 eam
2567 1891 2795 1954 habere

505 1996 844 2071 noluerint,
913 1995 1199 2068 habeant,
1270 1997 1418 2077 quia
1479 1997 1711 2060 testem
1779 1996 1967 2060 deum
2032 1997 2194 2061 facio
2262 2016 2452 2078 super
2522 1997 2793 2061 animam

507 2103 600 2166 sic
666 2121 773 2166 eos
837 2122 939 2166 me
998 2107 1468 2185 suscepturum,
1526 2105 1601 2166 ut
1656 2122 1779 2167 non
1838 2103 2063 2166 solum·
2096 2103 2487 2183 baptismum
2535 2101 2794 2179 Christi,
2834 2122 2883 2160 ιε

507 2228 694 2290 quem
759 2212 1152 2291 acceperunt,
1221 2210 1430 2292 ipsum
1495 2209 1771 2274 habeant
1826 2209 1939 2274 sed
1996 2208 2189 2274 etiam
2246 2209 2543 2272 honorem
2600 2209 2799 2291 pacti·

507 2315 703 2378 monii
750 2319 815 2379 et
861 2315 1325 2380 continentiam.

1559 2509 1749 2574 LXII.

507 2645 799 2701 DOMINO
845 2647 1282 2700 BEATISSIMO
1331 2647 1418 2702 ET
1457 2647 2051 2702 VENERABILITER
2099 2647 2485 2703 CARISSIMO
2524 2647 2613 2701 ET
2654 2646 2799 2701 SIN-

509 2735 890 2790 CERIssmo
929 2736 1192 2805 FRATRI
1229 2735 1321 2789 ET
1353 2735 1915 2791 CONSACERDOTI
1954 2737 2233 2791 SEVERO
2276 2737 2364 2790 ET
2398 2735 2524 2801 QUI
2553 2734 2801 2790 TECUM
2836 2743 2889 2783 20

511 2823 696 2879 SUNT
735 2823 1134 2878 FRATRIBUS
1163 2825 1472 2879 ALYPIUS
1513 2825 1601 2878 ET
1644 2824 2099 2878 AUGUSTINUS
2138 2825 2231 2878 ET
2272 2823 2672 2879 sAMsUCffiS
2714 2823 2800 2876 ET

671 2911 798 2976 QUI
834 2912 1208 2966 NOBISCUM
1247 2913 1430 2968 SUNT
1471 2913 1793 2968 FRATRES
1835 2915 1913 2967 IN
1951 2913 2247 2969 DOMINO
2288 2912 2639 2968 SALUTEM.

603 3039 762 3104 Cum
812 3039 1162 3105 Subsanam
1219 3039 1621 3102 uenissemus
1678 3041 1759 3117 et,
1818 3059 1978 3121 quae
2024 3041 2158 3104 illic
2204 3040 2383 3104 nobis
2433 3029 2837 3104 absentibus'

514 3151 728 3210 contra
785 3149 1064 3209 nostram
1113 3145 1509 3209 uoluntatem
1557 3150 1739 3228 gesta
1785 3147 2052 3222 fuerant,
2105 3165 2567 3227 quae1·eremu8‚
2618 3165 2801 3228 quae·

515 3251 680 3330 dam,
749 3253 918 3316 sicut
981 3251 1401 3328 audieramus,
1471 3251 1778 3333 quaedam
1850 3269 2001 3315 uero
2078 3252 2261 3316 aliter
2332 3252 2519 3328 facta,
2596 3252 2805 3317 omnia
2838 3275 2890 3315 εει

695 3461 726 3514 6
765 3461 918 3512 Rom.
959 3459 1042 3518 11,
1086 3461 1150 3513 18
1263 3459 1330 3512 10
1367 3459 1519 3515 Rom.
1563 3459 1645 3522 11,
1687 3461 1754 3513 23

589 3603 621 3656 2
657 3605 735 3656 ut.
773 3619 840 3654 m.
865 3603 904 3654 2
941 3599 1036 3652 sed
1075 3605 1134 3653 ut
1170 3600 1226 3654 R
1264 3600 1360 3654 sed
1399 3603 1460 3654 ut
1496 3601 1617 3654 edd.
1742 3601 1773 3654 3
1812 3599 1901 3653 hic
1940 3598 2103 3668 quod]
2144 3599 2199 3652 hi
2239 3598 2383 3668 quod
2428 3599 2477 3651 T
2591 3599 2625 3650 4
2662 3597 2800 3651 radi-

517 3690 654 3757 cem]
695 3689 966 3757 accipiunt
1001 3689 1234 3741 radicem
1275 3689 1396 3744 edd.
1538 3689 1709 3757 paciS,
1748 3704 1815 3740 m.
1838 3691 1877 3740 2
1914 3687 2061 3756 pacis
2102 3687 2374 3756 accipiunt
2409 3685 2465 3739 R
2584 3687 2614 3740 7
2654 3685 2804 3754 ligna

518 3795 617 3830 om.
665 3777 714 3830 Τ
800 3779 832 3832 9
871 3793 1042 3830 suam
1137 3779 1203 3831 10
1242 3777 1376 3831 dicit
1411 3777 1464 3830 U
1555 3777 1619 3830 13
1662 3793 1777 3830 eam
1818 3775 1961 3846 apud
2000 3793 2056 3828 se
2096 3775 2366 3828 haberem
2462 3776 2527 3827 14
2552 3775 2800 3834 animam,

517 3886 584 3923 m.
607 3873 646 3920 2
683 3869 912 3922 animam
951 3883 1122 3920 meam
1159 3867 1216 3920 R
1255 3867 1488 3920 animam
1527 3883 1701 3920 meam
1742 3866 1861 3919 edd.
1964 3867 2027 3918 16
2068 3865 2485 3918 sanctimoniim
2580 3864 2642 3916 17
2682 3879 2805 3916 con-

517 3957 782 4010 tinentiae
821 3956 882 4008 11
901 3973 953 4010 m

695 4098 850 4152 Idem
888 4097 1110 4160 codices,
1150 4097 1246 4165 qui
1281 4097 1343 4150 in
1379 4113 1457 4164 ep.
1497 4095 1663 4154 LXI.

591 4241 660 4294 ‘20
697 4257 881 4294 seuero
921 4241 1008 4308 (eu
1047 4240 1110 4293 in
1143 4241 1284 4300 rae.)
1321 4237 1376 4292 U
1476 4239 1540 4291 21
1581 4237 1843 4291 fratribus
1882 4242 2009 4291 sunt
2050 4237 2099 4290 T
2206 4235 2431 4305 Alypius
2467 4234 2805 4303 Augustinus

521 4329 640 4383 edd.
787 4330 1076 4382 samsutius
1117 4327 1232 4383 HR
1271 4329 1543 4382 sansutius
1591 4327 1642 4381 T
1746 4329 1815 4381 24
1852 4333 2093 4380 nostram
2130 4343 2232 4380 om.
2280 4325 2330 4378 T
