3184 4959
236 647 318 708 13

1176 446 1708 515 epistularum
1764 445 1958 500 xcm.
2575 451 2702 512 457

500 637 597 704 An
652 657 762 720 per
818 639 939 704 hoc
993 639 1337 722 petendum
1397 642 1515 718 est,
1572 641 1650 703 ut
1705 657 1824 702 sua
1870 639 2140 721 quisque
2187 645 2537 723 recuperet,
2585 659 2710 706 non

410 748 487 810 ut
531 745 829 828 aliquem,
877 765 1001 828 quo
1048 746 1125 810 ab
1174 747 1553 828 imperatore
1601 745 2030 822 coherceatur,
2087 750 2390 812 accuset?
2455 747 2708 812 interim

413 854 477 915 et
530 851 595 916 in
650 869 903 917 suarum
962 871 1171 917 rerum
1226 851 1728 934 recipiendarum
1785 852 2164 934 repetitione
2211 853 2288 917 ab
2337 837 2708 936 apostolicis

412 958 715 1041 exemplis
768 958 1107 1034 receditur,
1164 959 1313 1041 quia
1368 959 1489 1024 hoc
1542 959 1772 1023 fecisse
1826 977 2010 1024 nemo
2065 958 2388 1024 inuenitur
2431 960 2706 1025 illorum.

348 1091 373 1129 ε,
413 1063 525 1128 sed
572 1066 781 1128 tamen
830 1083 977 1129 cum
1026 1065 1297 1130 maiores
1344 1065 1545 1130 uestri
1588 1065 1804 1148 ipsum
1845 1064 2272 1130 Caecilianum
2321 1071 2474 1130 tunc
2513 1068 2712 1132 eccle-

326 1621 375 1658 10

414 1171 545 1235 siae
592 1170 1133 1256 Carthaginiensis
1164 1172 1575 1256 episcopum,
1625 1171 1728 1236 cui
1776 1173 2102 1254 tamquam
2149 1172 2490 1238 criminoso
2537 1191 2710 1238 com-

410 1277 732 1342 municare
796 1278 1157 1354 noluerunt,
1214 1277 1385 1360 apud
1440 1277 1788 1360 principem
1838 1278 2322 1344 Constantinum
2383 1297 2496 1361 per
2539 1279 2710 1344 Anu-

410 1383 611 1448 linum
692 1385 1133 1467 proconsulem
1220 1389 1704 1459 accusauerant,
1790 1401 1912 1448 non
1997 1403 2097 1448 res
2191 1404 2340 1450 suas
2435 1385 2707 1450 amissas

412 1491 863 1573 repetiuerunt,
915 1492 1026 1555 sed
1072 1491 1493 1568 innocentem,
1542 1491 1715 1555 sicut
1760 1490 2198 1556 existimamus
2245 1497 2312 1556 et
2357 1491 2530 1556 sicut
2569 1493 2708 1575 ipse

412 1595 793 1660 iudiciorum
860 1593 1065 1662 exitus
1130 1596 1369 1676 docuit,
1436 1597 1830 1662 calumniose
1895 1597 2318 1681 appetierunt,
2377 1617 2500 1680 quo
2559 1598 2712 1682 quid

414 1701 785 1767 sceleratius
850 1703 926 1767 ab
992 1703 1084 1768 eis
1140 1702 1276 1768 fieri
1328 1703 1584 1787 potuit?
1641 1705 1698 1768 si
1745 1707 1976 1780 autem,
2027 1704 2198 1769 sicut
2241 1705 2400 1770 falso
2451 1705 2710 1769 arbitra-

413 1809 589 1885 mini,
638 1828 783 1874 uere
832 1809 1243 1876 criminosum
1290 1809 1700 1876 iudicandum
1747 1812 2013 1876 terrenis
2051 1811 2484 1894 potestatibus
2520 1811 2710 1876 tradi-

416 1916 665 1993 derunt,
740 1916 893 1998 quid
966 1916 1151 1982 nobis
1228 1916 1505 1995 obicitis,
1582 1917 1750 2000 quod
1835 1921 2196 1982 uestrorum
2279 1919 2709 2001 praesumptio

414 2021 711 2103 primitus
776 2023 971 2088 fecit?
1029 2021 1201 2106 quod
1256 2042 1364 2090 eos
1422 2042 1544 2089 non
1605 2043 2039 2108 argueremus,
2097 2025 2248 2106 quia
2298 2025 2605 2103 fecerunt,
2653 2026 2711 2088 si

414 2147 536 2193 non
602 2129 807 2194 animo
872 2129 1091 2196 inuido
1176 2134 1241 2195 et
1312 2130 1493 2196 noxio
1570 2129 1684 2195 sed
1759 2129 2133 2196 emendandi
2216 2134 2279 2196 et
2359 2130 2712 2215 corrigendi

410 2234 743 2300 uoluntate
788 2237 1109 2302 fecissent.
1158 2255 1276 2302 uos
1322 2241 1533 2301 tamen
1590 2237 2022 2302 indubitanter
2073 2237 2421 2322 arguimus,
2477 2238 2711 2322 quibus

412 2341 645 2406 crimen
709 2341 967 2408 uidetur
1028 2343 1107 2408 de
1170 2342 1449 2408 inimicis
1514 2341 1976 2408 communionis
2043 2347 2294 2408 nostrae
2351 2343 2710 2410 Christiano

410 2450 776 2531 imperatori
824 2448 1065 2532 aliquid
1111 2450 1430 2532 conqueri,
1480 2468 1628 2514 cum
1684 2448 1943 2514 libellus
1992 2469 2031 2514 a
2075 2450 2422 2515 maioribus
2477 2449 2710 2515 uestris

409 2557 685 2622 Anulino
750 2557 1113 2640 proconsuli
1178 2557 1367 2620 datus
1434 2555 1848 2622 Constantino
1913 2557 2282 2639 imperatori
2357 2556 2709 2622 mittendus

410 2663 501 2726 ita
548 2664 1019 2746 suprascriptus
1067 2663 1179 2728 sit:
1248 2662 1553 2728 ‘Libellus
1611 2663 1916 2728 ecclesiae
1975 2662 2326 2728 catholicae
2375 2662 2710 2728 criminum

414 2769 753 2836 Caeciliani
799 2769 1072 2834 traditus
1122 2789 1159 2833 a
1204 2773 1379 2852 parte
1426 2769 1764 2835 Maiorini'.
1829 2769 1978 2834 illos
2035 2773 2246 2834 autem
2305 2769 2450 2832 hinc
2504 2769 2710 2853 magis

412 2877 759 2961 arguimus,
826 2876 995 2960 quia,
1063 2895 1207 2942 cum
1283 2875 1447 2959 apud
1522 2876 1968 2957 imperatorem
2046 2876 2214 2940 ultro
2283 2875 2708 2940 Caecilianum

408 2986 839 3061 accusassent,
896 3001 1083 3065 quem
1138 2983 1341 3066 primo
1398 2983 1620 3064 utique
1677 2981 1842 3063 apud
1915 2985 2195 3066 collegas
2258 2981 2710 3046 transmarinos

486 3262 509 3313 1
551 3278 649 3329 per
684 3277 785 3316 om.
830 3259 1036 3314 CPRL
1061 3259 1255 3327 flrm
1398 3265 1721 3329 recuperent
1756 3261 1809 3313 A
1850 3265 2162 3330 tempe-ret
2200 3258 2254 3311 P
2385 3259 2417 3312 3
2457 3259 2600 3329 aplis
2645 3259 2711 3311 M

409 3351 445 3402 4
483 3348 767 3410 receditur,
806 3366 875 3402 m.
899 3353 939 3402 2
975 3348 1237 3418 recipitur
1264 3347 1337 3401 M
1473 3347 1692 3402 illorum
1731 3349 2006 3403 inuenitur
2035 3347 2088 3401 L
2196 3351 2228 3402 5
2268 3349 2541 3412 cilirmmn,
2567 3363 2706 3403 corr.

412 3443 501 3504 (m.
524 3441 554 3490 1
572 3441 625 3505 ἒ)
665 3437 981 3493 cecilianum
1022 3437 1087 3490 N
1260 3437 1293 3489 6
1332 3437 1725 3506 cartaginensis
1763 3437 1922 3494 codd.
1960 3437 2080 3494 edd.
2253 3443 2384 3506 post
2422 3437 2706 3490 criminoso

410 3543 522 3582 ras.
558 3531 711 3582 2-—3
749 3528 784 3580 l.
823 3525 887 3580 N
1034 3525 1068 3579 8
1106 3526 1475 3594 preconsulem
1515 3527 1569 3579 A
1723 3529 1754 3578 9
1794 3524 1890 3580 sed
1926 3527 2270 3580 innocentem
2307 3526 2392 3580 bis
2426 3527 2480 3579 A
2518 3523 2614 3578 sed
2651 3525 2706 3578 iu

409 3617 750 3672 innocentem
786 3615 841 3668 P
876 3614 973 3668 sed
1010 3616 1127 3668 eius
1161 3629 1349 3668 necem
1385 3615 1438 3668 L
1619 3614 1932 3668 estimamus
1967 3613 2024 3668 R
2209 3613 2276 3668 10
2325 3614 2707 3684 appetiuerunt

416 3731 622 3786 GPRL
649 3731 771 3786 edd.
916 3697 948 3800 (Ξ
988 3729 1153 3800 inquid
1182 3731 1234 3799 (o
1264 3747 1333 3786 m.
1354 3733 1421 3795 2,·
1454 3745 1567 3784 ras.
1609 3733 1762 3784 2-3
1798 3731 1856 3793 l.)
1894 3730 1964 3783 M
1999 3728 2261 3799 quicquid
2293 3745 2406 3783 raa.
2445 3747 2512 3782 ec
2550 3727 2706 3798 quid-

412 3821 543 3890 quid
571 3821 628 3875 P
733 3822 795 3874 11
837 3819 1133 3882 scelernm,
1168 3835 1239 3875 m.
1262 3823 1302 3872 2
1336 3819 1653 3874 sceleratius
1687 3819 1734 3872 C
1833 3821 1894 3872 14
1935 3837 2040 3873 non
2082 3835 2174 3873 eos
2196 3817 2264 3872 N
2293 3819 2348 3872 in
2387 3835 2480 3872 eos
2515 3835 2624 3871 non
2653 3818 2706 3870 L

413 3911 479 3965 16
518 3915 695 3964 autem
734 3909 853 3964 edd.
995 3909 1061 3963 18
1098 3908 1358 3978 conquiri,
1394 3925 1461 3962 m.
1482 3913 1523 3960 2
1559 3909 1814 3977 conqueri
1853 3909 1908 3961 P
2048 3907 2264 3976 uestris]
2305 3907 2502 3961 uestris
2541 3907 2706 3960 fuerit

416 3998 516 4053 GP
694 3999 761 4052 19
798 3997 1100 4051 anulliuno
1137 3995 1193 4049 P
1354 3995 1674 4066 proconsule
1710 3998 1764 4049 A
1929 3997 2112 4065 datus!
2154 3996 2313 4050 datus
2353 4001 2408 4048 et
2450 3995 2550 4050 GP
2582 3995 2701 4049 edd.

479 4087 795 4158 imperatori
824 4085 923 4146 bis,
956 4085 1191 4138 alterum
1219 4085 1323 4139 del.
1348 4085 1403 4138 P
1494 4085 1565 4139 20
1592 4087 1668 4138 sit
1691 4100 1794 4140 om.
1821 4085 1896 4138 M
2035 4085 2236 4139 crimen
2265 4085 2338 4138 M
2433 4084 2498 4138 21
2530 4083 2701 4138 Maio-

409 4176 535 4246 riui]
586 4175 777 4230 maiori
824 4175 879 4228 in
933 4175 979 4224 (“
1020 4174 1309 4244 ωαίοῐΙίη,
1356 4191 1425 4228 m.
1455 4177 1496 4228 2
1540 4175 1914 4242 maiorumffin
1963 4173 2039 4228 M
2079 4174 2283 4228 maiore
2329 4174 2386 4226 in
2433 4173 2488 4226 A
2532 4173 2702 4226 maio·

408 4282 525 4320 rum
561 4263 629 4318 N
765 4265 941 4333 magis
978 4263 1104 4318 hinc
1143 4263 1263 4318 edd.
1426 4263 1551 4317 hinc
1590 4279 1694 4316 om.
1732 4263 1788 4317 R
1901 4265 1970 4318 22
2001 4265 2094 4332 qui
2123 4263 2229 4316 PL
2373 4277 2492 4315 cum
2521 4277 2623 4316 om.
2660 4261 2708 4314 C

482 4352 626 4424 apud
664 4355 727 4406 in
754 4353 875 4420 fine
910 4369 963 4404 u.
993 4369 1095 4405 om.
1125 4353 1177 4406 A
1289 4355 1429 4418 utro,
1467 4369 1606 4406 corr.
1644 4367 1712 4408 m.
1737 4357 1765 4404 1
1803 4351 1944 4406 ultro
1973 4351 2049 4406 M
2133 4353 2201 4405 23
2241 4353 2627 4406 accusans-runt
2660 4351 2706 4404 Ο
