3184 4959
1133 480 1665 550 epistularum
1720 479 1937 538 xnvn.
2553 471 2685 549 ‘135

215 671 252 732 5
475 673 572 738 De
640 674 1001 741 occidendis
1067 676 1449 749 hominibus,
1517 697 1593 742 ne
1670 677 1746 740 ab
1826 676 1915 741 eis
1979 665 2262 759 ‘quisque
2338 677 2683 756 occidatur,

391 801 510 848 non
566 781 725 847 mihi
779 782 992 866 placet
1047 785 1406 860 consilium,
1462 785 1587 849 nisi
1645 785 1805 849 forte
1864 784 1951 849 sit
2002 785 2189 848 miles
2256 789 2368 850 aut
2430 785 2689 868 publica

389 889 718 954 functione
781 893 1094 967 teneatur,
1165 895 1235 956 ut
1300 911 1419 956 non
1487 909 1603 973 pro
1661 911 1729 956 se
1786 890 1907 956 hoc
1960 891 2157 955 faciat
2212 890 2323 956 sed
2378 911 2492 975 pro
2542 891 2685 956 aliis

391 995 494 1060 uel
547 1013 660 1079 pro
718 996 1001 1074 ciuitate,
1059 998 1167 1062 ubi
1224 999 1414 1062 etiam
1473 998 1613 1080 ipse
1668 1001 1785 1073 est,
1844 1001 2107 1080 accepta
2158 997 2449 1082 legitima
2512 1001 2686 1081 pote-

329 1123 354 1162 5
393 1106 578 1180 state,
637 1103 692 1168 si
749 1104 886 1169 eius
943 1105 1240 1188 congruit
1291 1123 1616 1188 personae.
1680 1105 1787 1187 qui
1834 1123 1985 1170 uero
2034 1105 2427 1187 repelluntur
2474 1106 2687 1186 aliquo

391 1214 646 1288 terrore,
677 1229 754 1274 ne
793 1209 958 1275 male
995 1211 1252 1289 faciant,
1285 1211 1482 1276 etiam
1520 1211 1683 1293 ipsis
1720 1209 1965 1292 aliquid
2000 1210 2272 1275 fortasse
2308 1214 2685 1293 praestatur.

393 1315 538 1380 hinc
605 1319 819 1381 autem
887 1316 1130 1383 dictum
1195 1321 1321 1382 est:
1386 1318 1551 1383 Non
1610 1317 2099 1382 resistamus
2156 1319 2387 1396 malo,
2444 1337 2519 1381 ne
2572 1335 2687 1382 nos

396 1422 678 1487 uindicta
743 1423 1038 1502 delectet,
1105 1443 1265 1506 quae
1332 1425 1533 1490 alieno
1591 1426 1760 1489 malo
1818 1425 2095 1489 animum
2152 1425 2379 1508 pascit,
2436 1443 2557 1489 non
2616 1429 2691 1488 ut

397 1529 848 1595 correctionem
895 1531 1220 1596 hominum
1271 1534 1713 1616 neglegamus.
1762 1531 1927 1596 unde
1976 1549 2090 1596 nec
2136 1550 2282 1595 reus
2332 1534 2431 1596 est
2462 1531 2687 1596 mortis

313 1653 364 1692 ιο
399 1636 658 1715 alienae,
708 1636 820 1720 qui
865 1656 1012 1702 cum
1061 1657 1212 1702 suae
1259 1638 1653 1721 possessioni
1702 1685 1963 1704 ......
2015 1641 2079 1702 et
2122 1657 2377 1701 murum
2426 1637 2687 1702 circum-

397 1743 664 1813 duxerit,
730 1743 962 1828 aliquis
1035 1764 1106 1808 ex
1177 1745 1466 1827 ipsorum
1539 1763 1663 1808 usu
1736 1761 2079 1828 percussus
2125 1743 2411 1809 intereat.
2484 1762 2689 1826 neque

401 1851 564 1914 enim
620 1869 770 1914 reus
828 1853 927 1914 est
983 1849 1402 1928 Christianus,
1461 1851 1517 1915 si
1571 1849 1691 1916 bos
1746 1849 1885 1916 eius
1933 1851 2211 1932 aliquem
2256 1850 2537 1915 feriendo
2583 1851 2689 1914 uel

402 1975 600 2038 equus
657 1959 897 2022 calcem
952 1955 1238 2022 iaciendo
1295 1957 1574 2040 aliquem
1634 1957 1901 2036 occidat,
1950 1961 2059 2021 aut
2102 1957 2243 2021 ideo
2290 1976 2411 2021 non
2460 1956 2693 2020 debent

403 2061 744 2127 Christiani
790 2061 988 2128 boues
1035 2063 1266 2155 habe-re
1313 2082 1546 2129 cornua
1592 2065 1707 2128 aut
1750 2081 1952 2146 equus
2000 2062 2274 2146 ungulas
2322 2065 2435 2125 aut
2471 2061 2689 2126 dentes

317 2191 366 2231 ιε
403 2169 574 2234 canis
635 2174 748 2234 aut
799 2190 971 2248 uero,
1032 2171 1328 2252 quoniam
1385 2171 1628 2236 Paulus
1684 2171 2017 2254 apostolus
2074 2169 2233 2234 satis
2289 2169 2442 2252 egit,
2500 2171 2575 2233 ut
2624 2169 2690 2232 in

401 2276 640 2340 tribuni
687 2277 978 2342 notitiam
1025 2279 1408 2360 perferretur
1450 2277 1715 2342 insidias
1764 2277 1888 2342 sibi
1935 2295 1973 2340 a
2007 2275 2391 2358 quibusdam
2428 2273 2692 2358 perditis
2773 2295 2783 2307 ·

403 2384 778 2466 praeparari,
835 2387 900 2449 et
956 2385 1035 2449 ob
1092 2384 1214 2450 hoc
1270 2385 1646 2450 deductores
1702 2383 1951 2465 accepit
2005 2387 2302 2460 armatos,
2360 2381 2413 2446 si
2471 2381 2532 2446 in
2578 2382 2693 2446 illa

405 2509 574 2554 arma
622 2491 914 2555 scelerati
961 2491 1247 2556 homines
1311 2491 1707 2569 incidissent,
1764 2491 2005 2556 Paulus
2069 2490 2131 2554 in
2192 2489 2499 2554 effusione
2554 2507 2695 2552 san-

407 2597 614 2678 guinis
671 2615 890 2662 eorum
947 2617 1136 2663 suum
1203 2599 1436 2663 crimen
1505 2600 1897 2682 agnosceret.
1974 2597 2161 2670 absit,
2236 2599 2313 2688 ut
2373 2613 2465 2672 ea,
2534 2613 2695 2676 quae

314 2724 368 2764 ιο
405 2706 662 2787 propter
705 2703 944 2768 bonum
999 2723 1073 2769 ac
1127 2704 1378 2770 licitum
1423 2704 1697 2768 facimus
1746 2707 1859 2768 aut
1902 2702 2234 2778 habemus,
2284 2702 2339 2765 si
2389 2700 2539 2784 quid
2586 2719 2699 2782 per

405 2809 558 2874 haec
620 2814 871 2892 praeter
945 2813 1225 2875 nostram
1299 2811 1699 2876 uoluntatem
1775 2809 2073 2892 cuiquam
2150 2808 2302 2874 mali
2350 2806 2693 2884 acciderit,

584 3018 615 3069 7
652 2985 849 3072 Mattn.
890 3021 940 3084 5,
980 3018 1048 3074 39
1159 3019 1226 3072 15
1264 3017 1384 3072 Act.
1424 3017 1512 3082 23,
1554 3019 1765 3072 17—-24

479 3142 503 3194 1
547 3141 614 3194 de
653 3140 959 3196 occidendis
995 3157 1124 3196 uero
1163 3141 1474 3196 hominibus
1511 3141 1584 3196 M
1722 3157 1823 3196 nec
1860 3145 1952 3206 (m.
1974 3143 2015 3194 2
2052 3139 2154 3195 del.
2194 3144 2243 3206 c)
2282 3138 2337 3192 A
2518 3141 2551 3192 2
2586 3137 2693 3192 for-

404 3235 552 3284 tasse
585 3230 658 3284 M
833 3232 866 3285 3
911 3234 1202 3285 teneantur
1245 3231 1334 3300 (m.
1357 3235 1388 3284 1
1434 3229 1536 3284 del.
1583 3231 1643 3299 n)
1680 3231 1735 3284 A
1912 3231 1951 3284 4
1984 3232 2291 3300 *potestate
2328 3228 2383 3298 (a
2420 3231 2581 3294 eras.)
2621 3226 2697 3280 Ρ1

407 3317 755 3374 61nalumM
775 3320 921 3374 mala
947 3318 1026 3372 P¹
1133 3319 1364 3374 fortasse
1393 3319 1601 3388 aliquid
1630 3318 1704 3373 M
1800 3317 2027 3388 aliquid]
2058 3317 2345 3387 aliquando
2375 3315 2431 3370 R
2505 3317 2535 3370 7
2562 3317 2694 3384 non]

407 3410 468 3460 ut
504 3424 610 3461 non
647 3408 702 3462 P
808 3408 841 3462 8
880 3409 974 3477 qui
1009 3405 1190 3462 MFA
1297 3409 1330 3462 9
1368 3408 1664 3462 rectionem
1692 3410 1747 3462 A
1892 3407 2137 3461 mortalis
2176 3405 2236 3458 F
2342 3405 2411 3460 10
2447 3421 2567 3458 cum
2595 3421 2696 3459 om.

393 3496 594 3564 slrm
736 3497 1044 3566 possessiol,
1083 3513 1221 3552 corr.
1263 3497 1474 3562 (m.1?)
1515 3497 1889 3567 possessianis
1927 3495 2002 3550 M
2034 3495 2305 3565 possessio
2342 3493 2403 3548 F
2506 3496 2562 3547 et
2598 3509 2699 3547 om.

404 3583 670 3640 AP¹RP²
696 3585 846 3652 edd.;
884 3584 1147 3640 lacunam
1173 3585 1498 3654 siymflcaui
1638 3600 1913 3638 murorum
1938 3583 2117 3638 MFA
2263 3579 2698 3649 circumduxerit]

405 3675 854 3729 circumduxerint
890 3673 1152 3728 ambitum
1191 3677 1246 3728 A
1357 3673 1416 3726 11
1461 3673 1685 3742 aliquis]
1726 3673 1775 3728 si
1812 3671 2009 3742 aliquis
2036 3672 2080 3740 f
2097 3671 2116 3724 l
2138 3687 2239 3724 rm
2363 3685 2423 3723 ex
2460 3669 2699 3738 ipsorum

403 3764 528 3833 usu]
567 3780 628 3818 ex
663 3765 782 3834 ipso
819 3779 972 3818 muro
995 3762 1050 3816 P
1085 3779 1146 3816 ex
1181 3762 1355 3832 ipsius
1393 3762 1562 3814 ruinis
1589 3761 1787 3828 firm
1864 3761 1931 3814 12
1966 3762 2111 3828 reus]
2150 3775 2239 3812 rex
2268 3756 2346 3813 1³²
2422 3759 2488 3811 13
2515 3773 2697 3826 equos,

403 3868 541 3907 corr.
579 3855 700 3906 m.1
735 3867 908 3922 equus
932 3852 989 3904 P
1112 3849 1340 3914 occidet,
1379 3867 1516 3904 corr.
1557 3851 1771 3918 (m.1?)
1813 3848 2025 3904 occidat
2049 3847 2128 3902 P²
2228 3849 2294 3902 14
2322 3851 2417 3900 aut
2445 3865 2449 3897 ι
2480 3889 2493 3898 ..
2516 3865 2529 3897 ·÷
2562 3849 2693 3912 (ras.

405 3943 554 3994 2—3
591 3941 652 4010 l.)
689 3939 880 3994 dentes
907 3939 964 3992 P
1072 3940 1136 3994 15
1175 3955 1334 3993 canes
1359 3938 1491 3992 ΜΡ
1619 3937 1843 4007 Paulus]
1880 3938 2072 3992 beatus
2126 3937 2319 4006 paulus
2352 3935 2567 4001 (beatus
2592 3933 2694 3986 del.

401 4028 540 4094 uid.)
570 4028 626 4081 P
803 4027 1078 4098 apostolus
1115 4027 1316 4082 Paulus
1354 4027 1476 4082 edd.
1644 4028 1711 4082 16
1748 4026 2048 4097 perferetur
2086 4029 2139 4078 A
2176 4024 2518 4096 perferretur,
2557 4038 2693 4076 corr.

401 4121 522 4170 m.1
557 4117 888 4186 proferretur
919 4115 976 4172 R
1101 4133 1133 4170 a
1170 4133 1272 4174 om.
1313 4115 1384 4170 Μ
1561 4115 1847 4185 perdiditis
1888 4119 1999 4184 (pr.
2044 4113 2097 4168 di
2136 4117 2298 4179 eras.)
2340 4111 2395 4164 P
2502 4112 2566 4164 17
2604 4127 2692 4164 ac—

404 4204 554 4276 cipit.
602 4221 740 4260 corr.
778 4211 899 4260 m.1
955 4205 1164 4276 accepit
1218 4205 1275 4259 P
1487 4210 1724 4258 armatos
1781 4206 1833 4274 (o
1889 4220 1956 4258 ecc
2011 4207 2173 4267 corr.)
2232 4201 2305 4256 M
2357 4187 2594 4254 armatus
2642 4197 2703 4252 F

407 4295 474 4348 19
531 4295 674 4347 ausit
718 4292 797 4348 P²
965 4295 1036 4349 20
1081 4295 1164 4362 ac]
1223 4297 1320 4348 aut
1364 4293 1419 4348 R
1635 4292 1899 4347 faciamus
1945 4291 2055 4346 FA
2274 4289 2511 4352 abemus„
2557 4305 2623 4342 m.
2657 4290 2695 4340 2

405 4382 668 4436 habemus
714 4382 769 4436 P
811 4381 1105 4436 habeamus
1143 4384 1198 4436 A
1344 4383 1478 4452 quit,
1517 4397 1584 4434 m.
1610 4385 1648 4435 2
1686 4380 1815 4450 quid
1852 4381 1909 4433 P
