3184 4959
544 431 672 492 352
1262 425 1317 476 S.
1374 423 1646 478 Aureli
1706 423 2141 492 Augustini

542 621 1013 706 reprehendere,
1072 640 1195 686 nou
1252 619 1760 704 respondentem.
1829 620 1948 684 hoc
1995 620 2132 684 solo
2181 619 2564 684 tenuissimo
2611 619 2846 684 indicio

542 733 891 810 utcumque
956 727 1198 793 conicio
1262 727 1499 812 legisse
1566 729 1630 791 te
1695 727 1871 790 illam
1939 726 2282 808 epistulam
2349 745 2580 792 meam.
2647 727 2710 790 in
2775 747 2848 791 ea

542 837 775 920 quippe
842 835 1168 917 deploraui
1232 837 1475 898 tantam
1542 833 1707 897 inter
1769 851 1888 897 uos
1957 832 2245 897 extitisse
2305 831 2710 910 discordiam,
2769 833 2845 897 de

542 963 807 1027 quorum
865 945 1041 1008 tanta
1098 941 1397 1016 amicitia,
1459 960 1712 1023 quaqua
1766 958 2025 1004 uersum
2087 959 2226 1005 eam
2275 941 2442 1005 fama
2489 941 2842 1016 diffuderat,

542 1051 769 1114 caritas
814 1051 1090 1114 fraterna
1126 1047 1465 1132 gaudebat.
1516 1047 1687 1131 quod
1724 1066 1846 1111 non
1886 1048 2010 1114 feci
2050 1047 2561 1131 reprehendendo
2605 1067 2844 1134 germa-
2909 1067 2936 1102 5

540 1157 801 1222 nitatem
852 1161 1049 1234 tuam,
1100 1156 1283 1221 euius
1331 1155 1393 1219 in
1443 1175 1516 1220 ea
1560 1174 1628 1219 re
1676 1155 1953 1238 aliquam
2004 1155 2254 1237 culpam
2305 1175 2404 1220 me
2463 1157 2843 1240 cognouisse

538 1285 659 1330 non
718 1265 923 1330 ausim
982 1263 1208 1339 dicere,
1268 1263 1379 1328 sed
1436 1262 1705 1328 dolendo
1763 1263 2105 1328 humanam
2155 1262 2498 1340 miseriam,
2547 1264 2732 1328 cuius
2780 1265 2840 1327 in

542 1371 843 1436 amicitiis
916 1375 1142 1436 mutua
1216 1370 1478 1435 caritate
1554 1369 1923 1446 retinendi&
2003 1373 2240 1452 quanta
2310 1370 2471 1436 libet
2543 1370 2656 1434 illa
2737 1371 2842 1449 sit,

538 1478 775 1542 incerta
844 1479 1198 1561 permansio
1274 1480 1392 1542 est.
1478 1495 1704 1541 uerum
1776 1475 1939 1540 illud
2011 1478 2356 1541 malueram
2439 1477 2573 1542 tuis
2655 1495 2840 1544 nosse

538 1586 887 1669 rescriptiS,
955 1588 1169 1648 utrum
1237 1584 1392 1649 mihi
1457 1583 1732 1662 ueniam,
1799 1603 1988 1666 quam
2059 1601 2496 1666 poposceram,
2573 1585 2935 1650 dederis.1o

542 1695 711 1779 quod
758 1693 1039 1776 apertius
1094 1692 1255 1757 mihi
1310 1691 1587 1756 intimari
1655 1691 1860 1773 cupi0,
1918 1690 2212 1772 quamuis
2271 1689 2533 1754 hilarior
2587 1691 2838 1773 quidam

540 1802 764 1866 uultus
810 1800 1165 1864 litterarum
1212 1802 1463 1864 tuarum
1510 1798 1700 1864 etiam
1749 1799 1870 1863 hoc
1917 1816 2018 1862 me
2065 1797 2440 1882 impetrasse
2489 1797 2841 1882 significare

542 1908 858 1982 uideatur,
915 1907 969 1972 si
1026 1911 1235 1970 tamen
1290 1909 1438 1987 post
1490 1905 1724 1968 lectam
1778 1904 1958 1969 illam
2015 1904 2248 1969 missae
2309 1909 2478 1980 sunt,
2546 1904 2714 1988 quod
2777 1905 2838 1968 in

546 2015 637 2078 eis
686 2013 943 2077 minime
993 2015 1268 2096 apparet.

632 2121 809 2186 Petis
858 2121 963 2186 uel
1010 2121 1223 2205 potius
1271 2121 1505 2186 fiducia
1550 2121 1834 2185 caritatis
1881 2121 2085 2198 iubeS,
2137 2123 2209 2186 ut
2264 2120 2328 2184 in
2385 2121 2834 2203 scripturarum
2881 2137 2930 2172 ιδ

542 2247 766 2311 campo
817 2228 955 2294 sine
1010 2230 1225 2293 nostro
1280 2227 1555 2292 inuicem
1613 2227 1828 2292 dolore
1885 2226 2206 2292 ludamus.
2265 2225 2580 2310 equidem,
2647 2246 2839 2310 quan-

540 2338 677 2400 tum
728 2335 807 2400 ad
852 2353 953 2400 me
1002 2334 1264 2400 adtinet.
1312 2332 1477 2398 serio
1526 2352 1640 2399 nos
1689 2333 1814 2398 ista
1861 2351 2048 2416 quam
2105 2333 2256 2399 ludo
2315 2351 2500 2418 agere
2555 2333 2834 2399 mallem.

544 2443 711 2526 quod
766 2443 823 2508 si
878 2442 999 2509 hoc
1056 2443 1325 2506 uerbum
1382 2439 1501 2505 tibi
1556 2442 1813 2523 propter
1867 2439 2241 2506 facilitatem
2301 2459 2530 2522 ponere
2575 2440 2836 2524 placuit,

544 2569 661 2633 ego
707 2549 911 2616 fateor
956 2549 1165 2615 maius
1214 2547 1455 2631 aliquid
1502 2550 1723 2630 expeto
1773 2565 1810 2610 a
1855 2547 2244 2630 benignitate
2291 2547 2526 2612 uirium
2582 2549 2832 2612 tuarum

536 2656 997 2739 prudentiaque
1044 2659 1175 2722 tam
1224 2655 1411 2721 docta
1458 2657 1523 2720 et
1568 2653 1795 2733 otiosa,
1845 2672 2100 2731 annosa,
2152 2653 2459 2732 studiosa,
2507 2653 2834 2738 ingeniosa
2871 2669 2924 2708 2⁰

712 2919 853 2971 2—9
894 2919 959 2972 cf.
1000 2935 1051 2987 p.
1090 2918 1211 2978 270,
1254 2917 1482 2975 1-274,
1525 2917 1589 2970 10
1704 2916 1911 2970 15—16
1952 2941 2020 2963 =
2065 2934 2112 2986 p.
2155 2917 2275 2975 351,
2318 2917 2458 2969 8-9

606 3095 639 3146 2
678 3093 895 3146 coniceo
934 3093 1044 3146 ΙΡι
1086 3097 1234 3158 (m.2
1273 3091 1501 3152 conicio)
1675 3094 1728 3145 te
1768 3108 1888 3148 om..
1925 3109 1994 3148 m.
2018 3096 2047 3145 1
2079 3107 2122 3145 ε.
2159 3108 2216 3145 u.
2257 3091 2388 3144 add.
2427 3091 2494 3144 H
2663 3092 2697 3144 3
2733 3094 2823 3147 de·

536 3181 745 3252 plorabi
772 3181 878 3235 111
1014 3185 1229 3234 tantum
1256 3179 1309 3234 A
1454 3197 1553 3234 nos
1590 3179 1698 3250 QE
1800 3182 1834 3234 4
1863 3183 2052 3236 tantae
2091 3180 2362 3234 amicitiae
2389 3180 2444 3233 A
2563 3197 2829 3252 quaquam

536 3287 749 3326 uersum
785 3269 905 3324 ΗΡ
1047 3286 1113 3323 ea
1149 3269 1489 3339 PQMAER
1643 3267 1934 3324 diffuderet
1970 3269 2028 3322 P
2061 3267 2347 3324 desudarat
2387 3267 2434 3340 Q
2613 3271 2646 3326 6
2683 3275 2830 3326 tuam

536 3379 637 3415 om.
682 3358 787 3428 QE
963 3361 1020 3414 in
1057 3376 1125 3415 ea
1160 3357 1421 3429 reliquam
1468 3359 1626 3430 culpa
1665 3358 1730 3412 H
1903 3359 1934 3411 7
1975 3357 2145 3412 ausim
2185 3355 2364 3412 dicere
2403 3375 2470 3412 ex
2495 3375 2638 3415 corr.
2675 3367 2823 3426 m.2;

527 3449 711 3518 suasae
742 3451 860 3504 uid.
900 3450 1018 3504 ausi
1052 3447 1291 3504 indicere
1327 3447 1405 3502 P¹
1440 3465 1604 3503 ausus
1641 3449 1744 3503 sim
1783 3448 1956 3503 dicere
2000 3445 2156 3516 QER
2275 3447 2393 3518 sed]
2430 3465 2488 3503 se
2523 3449 2580 3503 P
2685 3450 2832 3504 dolet

533 3540 769 3594 humana
804 3539 1023 3593 miseria
1052 3539 1160 3609 QE
1352 3539 1598 3593 miseria·
1624 3539 1682 3592 P
1712 3537 2134 3592 misericordiam
2165 3537 2218 3590 A
2417 3539 2593 3608 cuius]
2635 3554 2754 3593 cum
2779 3540 2834 3592 P

535 3629 619 3683 cui
660 3645 776 3682 cum
815 3627 891 3682 M
924 3643 1043 3682 cum
1081 3627 1189 3681 iam
1226 3627 1279 3680 A
1476 3628 1510 3680 8
1547 3631 1770 3681 mantua
1808 3632 1920 3694 (pr.
1963 3643 1994 3679 u
2035 3642 2101 3682 ex
2139 3642 2274 3683 corr.
2313 3643 2380 3681 m.
2401 3629 2465 3691 2;
2491 3625 2677 3695 fuisse
2711 3627 2828 3684 nid.

534 3723 586 3782 ο)
625 3717 699 3772 Μ
875 3717 907 3770 9
954 3717 1263 3778 malueram,
1312 3719 1373 3769 in
1400 3701 1588 3786 'mara
1639 3717 1914 3770 nolueram
1952 3716 1995 3768 I
2031 3716 2312 3771 mulierem
2354 3715 2482 3769 PM
2513 3721 2676 3782 (corr.
2715 3733 2780 3770 m.
2801 3719 2832 3769 1

530 3807 827 3865 mulier-am,
866 3823 935 3860 m.
957 3809 998 3860 2
1032 3805 1329 3872 nolueram)
1460 3805 1527 3859 10
1564 3805 1780 3875 scriptis
1817 3806 1860 3859 Ι
1911 3875 1920 3880 -
1997 3821 2363 3875 poposcerem,
2403 3819 2540 3860 corr.
2577 3811 2700 3861 m.1
2736 3823 2826 3875 po-

528 3912 805 3965 posceram
842 3895 915 3950 M
1023 3894 1084 3947 11
1127 3893 1379 3948 intimare
1416 3893 1652 3964 PQME
1757 3895 1976 3963 quidam
2016 3900 2124 3962 (am
2160 3894 2226 3948 in
2261 3909 2374 3948 ras.
2411 3911 2482 3948 m.
2503 3898 2553 3962 1)
2589 3892 2638 3963 Q
2675 3894 2826 3964 quid-

532 3983 655 4038 dam
692 3985 747 4036 A
858 3985 923 4037 12
961 3985 1251 4053 impetrare
1293 3981 1399 4051 QE
1507 3983 1573 4036 15
1611 3986 1672 4036 nt
1707 3999 1809 4038 om.
1849 3985 1904 4036 A
2016 3985 2080 4037 16
2118 3981 2401 4036 laudamus
2438 3982 2482 4036 Ι
2619 3987 2674 4038 et
2711 3983 2826 4054 qui-

532 4073 651 4127 dem
688 4071 1101 4127 HPMIAP¹R
1210 4072 1276 4125 17
1314 4071 1419 4125 seri
1458 4087 1593 4124 onus
1631 4071 1698 4124 H
1837 4087 2054 4141 agerem
2093 4075 2168 4138 (m
2207 4071 2336 4139 del.)
2381 4071 2428 4144 Q
2538 4073 2606 4126 19
2640 4089 2828 4142 magus

530 4165 581 4215 A
621 4162 795 4230 magis
823 4160 1055 4229 PQME
1193 4161 1415 4230 expecto
1444 4159 1551 4214 HI
1689 4179 1722 4213 a
1757 4159 2570 4232 benignitate—prudentiaque
2600 4177 2704 4216 om.
2733 4160 2798 4214 H
2799 4161 2834 4212 Ι

530 4249 600 4304 20
636 4249 796 4303 docte
832 4249 909 4302 Ρι
947 4249 1107 4304 docet
1144 4251 1198 4302 P
1365 4251 1423 4302 et
1459 4249 1636 4303 otiosa
1673 4266 1776 4302 om.
1816 4249 1888 4301 Ρι
2071 4254 2260 4303 stuosa
2297 4249 2350 4302 P
2527 4249 2824 4320 ingeniosa.

529 4342 657 4390 m.2
692 4337 1038 4408 ingeniosam
1077 4339 1151 4391 Ρι
1190 4337 1491 4408 ingenuosa
1526 4338 1578 4391 A
