3184 4959
509 423 640 486 634
1211 421 1263 475 S.
1323 419 1598 474 Aureli
1655 421 2091 489 Augustini

509 615 696 679 finem
738 615 965 680 diluuii
1003 635 1393 681 recusemus.
1443 617 1636 680 simul
1681 616 1746 680 iu
1794 634 1939 680 arca
1981 617 2258 694 fuerunt,
2307 615 2421 682 sed
2456 637 2578 683 non
2616 617 2821 682 simul

511 722 762 786 domino
828 722 892 785 in
951 723 1204 786 odorem
1273 722 1566 787 sacrificii
1621 723 2023 804 placuerunt;
2092 742 2251 825 nam·
2290 727 2441 807 post
2494 723 2818 789 diluuium

512 827 588 892 de
634 829 884 893 mundis
929 828 1067 892 Noe
1115 828 1516 904 sacrificium,
1563 849 1687 894 non
1736 830 1811 894 de
1859 829 2180 894 inmundis
2228 830 2467 894 obtulit
2512 831 2648 896 deo.
2696 847 2819 894 nec

508 934 653 998 ideo
718 938 928 1001 tamen
1006 955 1043 999 a
1105 935 1360 1001 mundis
1427 937 1749 1018 aliquibus
1814 955 1957 1002 arca
2022 939 2165 1001 ante
2229 939 2483 1019 tempus
2557 939 2821 1019 propter

509 1041 814 1106 inmunda
859 1043 1108 1107 deserta
1155 1049 1282 1120 est3
1323 1063 1554 1108 coruus
1592 1047 1805 1108 tamen
1846 1043 2129 1110 deseruit
2164 1047 2229 1108 et
2268 1063 2337 1108 se
2374 1048 2521 1108 ante
2556 1049 2817 1126 tempus
2888 1064 2917 1102 5

510 1148 588 1211 ab
635 1148 812 1213 illius
860 1168 1037 1214 arcae
1087 1150 1524 1215 communione
1573 1151 1914 1234 separauit,
1974 1151 2087 1214 sed
2136 1151 2211 1215 de
2256 1151 2424 1215 binis
2468 1150 2817 1226 inmundis,

509 1273 630 1318 non
681 1254 758 1319 de
815 1256 1094 1337 septenis
1149 1257 1404 1322 mundis
1452 1257 1605 1332 fuit;
1665 1257 1856 1322 huius
1907 1258 2320 1340 separationis
2365 1257 2819 1322 inmunditiam

511 1362 918 1428 detestemur.
975 1383 1119 1428 nam
1171 1363 1554 1446 quicumque
1600 1363 1840 1429 talibus
1886 1363 2171 1429 moribus
2227 1364 2583 1428 laudabiles
2640 1366 2816 1442 sunt,

509 1470 664 1534 facit
722 1489 828 1535 eos
889 1471 1026 1537 sola
1075 1471 1386 1553 separatio
1433 1470 1560 1535 ista
1608 1471 2016 1548 damnabileS,
2066 1471 2215 1553 quia
2260 1471 2498 1535 filius
2554 1470 2815 1534 malus

510 1575 688 1658 ipse
775 1597 855 1642 se
927 1577 1238 1642 iustum
1316 1577 1542 1655 dicit,
1619 1578 1921 1643 exitum
1996 1583 2268 1642 autem
2352 1597 2579 1642 suum
2660 1595 2816 1640 non
2856 1601 2917 1639 10

513 1681 802 1760 abluit,
844 1683 1139 1765 quamuis
1177 1683 1524 1748 insolenter
1552 1683 1759 1748 elatus
1800 1687 1864 1747 et
1900 1684 2036 1764 ipse
2076 1703 2191 1748 suo
2230 1687 2481 1748 tumore
2519 1686 2818 1747 caecatus

513 1789 744 1852 audeat
782 1789 1007 1866 dicere,
1057 1790 1226 1872 quod
1272 1790 1582 1872 propheta
1627 1789 2003 1871 praeuidens
2044 1790 2401 1854 detestatus
2451 1792 2576 1854 est:
2622 1789 2819 1854 Noli

510 1914 627 1960 me
674 1899 1029 1979 tangere,
1081 1897 1456 1978 quoniam
1503 1898 1843 1962 mundus
1892 1917 2083 1962 sum.
2134 1897 2422 1979 quisquis
2472 1915 2620 1981 ergo
2668 1897 2817 1960 ante

512 2005 766 2084 tempus
811 2004 996 2066 uelut
1038 2006 1297 2085 propter
1340 2004 1730 2086 quorundam
1778 2004 2220 2070 inmunditiam
2264 2002 2817 2089 congregationem

511 2109 701 2173 huius
777 2109 1012 2174 deserit
1085 2111 1350 2174 unitatis
1423 2115 1753 2192 tamquam
1828 2129 2035 2175 arcam
2110 2111 2173 2174 in
2249 2110 2489 2175 diluuio
2574 2109 2817 2174 munda
2854 2134 2917 2176 ιε.

513 2217 704 2298 atque
757 2216 1064 2280 inmunda
1117 2219 1494 2300 portantem,
1553 2216 1834 2281 ostendit
1878 2237 1946 2280 se
1993 2218 2211 2299 potius
2258 2216 2379 2281 hoc
2426 2236 2586 2295 osse,
2642 2217 2819 2299 quod

513 2322 698 2405 fugit.
754 2323 874 2387 hoc
919 2323 1130 2388 uoluit
1179 2323 1470 2388 dominus
1527 2327 1604 2387 ut
1649 2325 1840 2388 etiam
1888 2325 1951 2389 in
1998 2325 2116 2388 hac
2165 2323 2427 2389 ciuitate
2472 2323 2653 2405 plebs
2698 2326 2818 2387 tua

512 2449 624 2510 per
669 2449 740 2494 os
787 2429 1119 2494 cuiusdam
1153 2479 1657 2496 ...........

1580 2571 1741 2638 CIX.

510 2693 955 2747 VENERABILI
995 2692 1086 2749 Ac
1125 2693 1647 2747 DESIDERABILI
1690 2694 1783 2747 ET
1823 2693 2013 2748 ΤΟΤΟ
2054 2693 2229 2748 SINU
2264 2691 2642 2747 CARITATIS
2680 2691 2818 2745 AM·
2856 2713 2923 2754 20

831 2781 1264 2836 PLEC'I'ENDO
1305 2781 1661 2836 EPISCOPO
1704 2781 2121 2837 AUGUSTINO
2164 2781 2499 2836 SEVERUS.

601 2889 738 2954 Deo
795 2890 1054 2974 gratias,
1111 2891 1304 2955 frater
1355 2889 1739 2975 Augustine‚
1799 2892 1981 2955 cuius
2041 2890 2274 2955 donum
2331 2892 2449 2961 est,
2508 2887 2819 2972 quicquid

513 2997 574 3059 in
615 2997 798 3061 nobis
838 2997 1143 3061 bonorum
1185 2997 1562 3081 gaudiorum
1602 3000 1719 3063 est.
1768 2998 1990 3076 fateor,
2038 2998 2197 3062 bene
2234 2995 2393 3060 mihi
2438 2998 2653 3059 tecum
2692 2999 2817 3071 est,

694 3205 719 3256 l
765 3203 897 3257 Gen.
939 3206 986 3265 7.
1027 3205 1084 3268 23
1126 3204 1182 3268 8;
1223 3204 1275 3271 8,
1315 3205 1385 3258 20
1494 3207 1526 3260 5
1568 3204 1700 3259 Gen.
1743 3205 1793 3274 8,
1833 3206 1970 3258 6—7
2084 3207 2117 3259 9
2158 3206 2419 3275 Septuag.
2460 3203 2681 3276 Παροιμ.
2720 3205 2814 3277 24,

517 3293 609 3354 35;
651 3292 718 3348 cf.
755 3291 915 3362 Vulg.
955 3293 1118 3346 Prou.
1158 3294 1244 3359 30,
1288 3294 1351 3347 12
1465 3295 1532 3348 12
1570 3295 1659 3348 Es.
1702 3295 1788 3361 65,
1828 3297 1859 3348 5
1900 3311 2005 3351 sec.
2046 3295 2307 3364 Septuag.

586 3401 619 3453 2
658 3399 1370 3468 placuerunt—sacrificium
1411 3418 1518 3454 non
1554 3417 1656 3454 om.
1710 3399 1818 3455 VU
1850 3400 1969 3457 edd.
2058 3401 2091 3455 3
2122 3399 2246 3470 deo]
2273 3399 2392 3454 Noe
2418 3417 2473 3453 m
2546 3401 2579 3454 5
2605 3400 2815 3468 tamen]

514 3491 726 3542 tantum
775 3488 890 3541 Vm
973 3490 1007 3542 6
1044 3489 1111 3542 ab
1151 3505 1272 3556 om.,
1311 3494 1431 3542 m.1
1471 3490 1601 3543 add.
1628 3490 1684 3542 P
1752 3491 1783 3542 9
1822 3491 1933 3543 ista
1970 3490 2243 3560 separatio
2285 3489 2339 3542 U
2409 3489 2476 3542 12
2500 3491 2735 3542 testatus
2765 3487 2825 3540 U

521 3579 584 3630 15
625 3593 748 3630 arca
786 3577 838 3630 P
983 3578 1048 3631 17
1089 3579 1252 3631 etiam
1290 3595 1391 3632 om.
1430 3595 1460 3632 r
1498 3581 1554 3632 et
1602 3578 1713 3632 VU
1744 3579 1881 3632 lsm
2022 3579 2099 3632 In
2135 3578 2190 3631 P
2220 3579 2368 3631 inter
2401 3577 2550 3630 hanc
2585 3583 2635 3630 et
2668 3577 2815 3630 inse·

515 3671 760 3736 quentem
799 3667 1092 3734 epistulam
1127 3668 1372 3736 spatium
1407 3666 1542 3740 1122'3
1568 3668 1968 3722 uersiculorum
1995 3673 2073 3722 est
2097 3667 2349 3720 relictum
2375 3666 2608 3736 (sinquli
2631 3671 2819 3718 autem

515 3755 778 3808 uersiculi
817 3759 890 3808 35
915 3755 1040 3823 fere
1079 3756 1276 3809 litteris
1313 3759 1611 3823 constant),
1652 3757 1715 3810 in
1760 3755 1813 3808 V
1846 3760 1939 3824 27,
1975 3757 2039 3808 in
2082 3755 2137 3810 U
2170 3760 2240 3809 21
2278 3755 2693 3810 uersiculorum.

728 3862 804 3916 M
836 3887 904 3909 =
942 3862 1060 3919 cod.
1097 3863 1459 3916 Monacensis
1500 3867 1661 3917 6266
1696 3879 1737 3917 s.
1778 3865 1851 3916 X.

727 3953 784 4005 A
840 3976 906 3997 =
946 3953 1062 4005 cod.
1101 3952 1716 4020 Audomaropolitanus
1759 3955 1851 4015 76,
1894 3955 1950 4014 8,
1996 3954 2031 4005 9
2066 3967 2109 4006 s.
2149 3951 2392 4006 X—XI.

729 4042 784 4095 P
833 4067 901 4086 =
940 4041 1058 4094 cod.
1096 4040 1404 4093 Parisinus
1437 4057 1569 4094 nou.
1611 4057 1725 4108 aeq.
1766 4044 1921 4094 1444
1957 4057 1999 4094 ε.
2040 4042 2151 4094 XI.

729 4131 784 4185 R
841 4155 906 4174 =
947 4129 1062 4184 cod.
1101 4130 1252 4184 Mus,
1291 4129 1438 4182 Brit.
1475 4129 1611 4198 Rey.
1655 4132 1688 4181 5
1726 4129 1785 4182 D
1831 4129 1919 4183 VI
1948 4146 1991 4183 ε.
2034 4129 2347 4182 XI—XII.

730 4218 798 4272 K
842 4244 908 4263 =
946 4219 1062 4272 cod,
1108 4217 1426 4272 Casinensis
1465 4217 1606 4272 232ι
1644 4235 1685 4272 s.
1726 4219 1873 4272 XII.

588 4327 656 4378 23
697 4329 781 4378 est
817 4325 1136 4394 gaudiorum
1175 4325 1231 4380 R
