3184 4959
538 449 665 512 366
1245 447 1296 499 S.
1356 446 1626 499 Aureli
1686 446 2122 514 Augustini

536 643 869 706 uerissime
918 642 1174 719 diceret,
1226 641 1393 724 quod
1434 645 1653 726 gentes
1693 640 2010 704 iudaizare
2048 642 2335 723 cogebat.
2383 641 2550 722 quod
2591 641 2831 706 Paulus

535 750 757 831 utique
821 769 943 814 non
1011 749 1282 833 cogebat
1346 748 1424 812 ob
1490 749 1609 812 hoe
1678 747 1786 811 illa
1843 750 2062 812 uetera
2114 747 2442 824 ueraciter,
2501 748 2612 812 ubi
2671 769 2830 830 opus

538 861 727 932 esset,
795 858 1164 921 obseruanS.
1230 859 1303 920 ut
1368 855 1720 938 damnanda
1775 874 1894 919 non
1955 874 2095 919 esse
2145 858 2541 920 monstraret.
2591 856 2834 938 praedi-

539 982 687 1028 cans
734 967 945 1027 tamen
994 964 1303 1027 instanter
1348 982 1469 1026 non
1520 963 1612 1026 eis
1661 962 1774 1026 sed
1819 962 2098 1025 reuelata
2155 963 2360 1046 gratia
2412 961 2558 1025 fidei
2617 962 2832 1026 saluos

536 1070 668 1133 fieri
716 1070 957 1147 fideleS,
1007 1089 1083 1134 ne
1132 1070 1209 1133 ad
1258 1089 1330 1134 ea
1378 1089 1759 1153 quemquam
1806 1071 1990 1134 uelut
2038 1070 2394 1135 necessaria
2431 1069 2834 1153 suscipienda
2895 1089 2922 1128 5

540 1178 965 1258 compelleret.
1042 1178 1135 1242 sic
1212 1179 1425 1241 autem
1497 1176 1680 1241 eredo
1757 1177 2116 1258 apostolum
2183 1177 2454 1240 Paulum
2526 1177 2836 1241 ueraciter

540 1287 767 1348 cuncta
829 1285 942 1348 illa
1007 1284 1283 1367 gessisse
1352 1303 1463 1347 nee
1528 1285 1738 1346 tamen
1805 1303 1970 1346 nune
2030 1302 2408 1365 quemquam
2465 1285 2702 1348 sactum
2761 1303 2833 1347 ex

538 1392 771 1457 Iudaeo
812 1390 1237 1456 Christianum
1278 1391 1380 1454 uel
1422 1409 1579 1474 cogo
1620 1390 1722 1453 uel
1763 1389 1901 1454 sino
1942 1390 2094 1453 talia
2143 1392 2454 1456 ueraciter
2501 1391 2834 1470 celebrare,

542 1501 709 1563 sieut
772 1518 884 1563 nee
950 1503 1044 1574 tu,
1104 1499 1206 1562 eui
1262 1497 1519 1561 uidetur
1564 1497 1801 1560 Paulus
1863 1515 1936 1560 ea
1992 1496 2352 1578 simulasse,
2413 1499 2590 1582 cogis
2637 1500 2836 1562 istum

540 1609 645 1670 nel
694 1607 849 1670 sinis
897 1606 1051 1670 talia
1098 1605 1414 1669 simulare.
2873 1623 2928 1660 ιο

441 1720 519 1782 16
632 1715 722 1778 An
773 1714 893 1792 uiS,
944 1716 1018 1776 ut
1063 1712 1254 1777 etiam
1303 1731 1420 1796 ego
1470 1711 1676 1776 dicam
1731 1713 1892 1777 hane
1950 1733 2089 1778 esse
2148 1731 2458 1778 summam
2521 1711 2835 1793 quaestio-

542 1820 661 1896 niS,
708 1821 903 1883 immo
955 1821 1303 1884 sententiae
1358 1822 1526 1895 tuae,
1586 1823 1660 1882 ut
1715 1823 1862 1901 post
1917 1821 2318 1903 euangelium
2377 1819 2612 1885 Christi
2677 1819 2836 1882 bene

544 1927 776 1991 faciant
842 1927 1165 1990 credentes
1230 1926 1470 2002 Iudaei,
1539 1927 1593 1990 si
1661 1927 1969 1991 sacrificia
2037 1927 2318 1992 offerant.
2387 1945 2546 2009 quae
2605 1926 2840 1990 obtulit

543 2034 803 2110 Paulus,
885 2033 940 2096 si
1014 2033 1178 2097 filios
1258 2033 1734 2110 circumcidant,
1813 2035 1866 2098 si
1937 2034 2272 2098 sabbatum
2342 2033 2698 2110 obseruent,
2766 2035 2840 2096 ut

544 2141 781 2205 Paulus
828 2142 891 2204 in
937 2140 1268 2206 Timotheo
1320 2145 1384 2204 et
1431 2159 1648 2204 omnes
1701 2143 2116 2205 obseruauere
2164 2141 2403 2218 Iudaei,
2453 2139 2603 2204 dum
2653 2139 2836 2204 modo
2880 2159 2930 2197 15

545 2249 701 2313 haec
748 2249 1046 2314 simulate
1096 2267 1166 2312 ae
1213 2249 1525 2313 fallaciter
1572 2253 1801 2332 agant?
1851 2250 1972 2314 hoc
2022 2247 2075 2312 si
2125 2249 2216 2312 ita
2263 2252 2382 2324 est,
2433 2267 2553 2311 non
2603 2247 2728 2312 iam
2775 2248 2837 2310 in

545 2355 830 2420 haeresin
885 2356 1193 2421 Hebionis
1258 2357 1363 2419 uel
1431 2375 1668 2432 eorum,
1729 2373 1886 2438 quos
1944 2355 2143 2440 uulgo
2191 2355 2548 2418 Nazaraeos
2605 2373 2838 2418 nuncu-

543 2467 713 2545 pant,
762 2463 869 2527 uel
915 2463 1263 2547 quamlibet
1312 2463 1496 2526 aliam
1544 2465 1824 2527 ueterem
1875 2463 1986 2526 sed
2023 2463 2086 2525 in
2127 2462 2336 2526 neseio
2380 2481 2564 2543 quam
2607 2479 2833 2526 nouam

546 2568 918 2648 delabimur,
966 2589 1127 2652 quae
1176 2571 1261 2633 sit
1308 2588 1378 2633 eo
1428 2569 1856 2650 perniciosior,
1898 2587 2020 2650 quo
2061 2588 2184 2632 non
2223 2587 2426 2634 errore
2465 2567 2578 2632 sed
2614 2587 2836 2650 propo-

546 2675 669 2741 sito
717 2679 816 2742 est
862 2695 933 2740 ae
979 2678 1309 2742 uoluntate
1355 2676 1587 2741 fallaci.
1637 2676 1806 2758 quod
1853 2677 1909 2740 si
1954 2675 2319 2758 respondes,
2367 2678 2442 2740 ut
2486 2678 2550 2739 te
2597 2675 2673 2738 ab
2721 2675 2838 2736 hae
2871 2695 2930 2734 20

545 2802 775 2867 purges
843 2785 1173 2856 sententia,
1238 2790 1389 2848 tune
1455 2785 1780 2867 apostolos
1837 2783 1963 2847 ista
2017 2783 2424 2848 laudabiliter
2477 2782 2836 2855 simulasse,

729 3098 936 3151 11-15
978 3123 1043 3142 =
1084 3115 1133 3166 p.
1174 3097 1296 3161 303,
1336 3099 1475 3150 3-7

618 3291 651 3342 ‘2
688 3289 813 3356 hoe]
852 3290 923 3342 ho
964 3290 1001 3342 Ι
1138 3293 1325 3344 uetera
1364 3307 1465 3343 om.
1504 3292 1545 3343 I
1645 3290 1678 3342 3
1719 3305 1835 3343 esse
1873 3289 1946 3342 M
2089 3289 2285 3343 damna
2324 3290 2377 3343 P
2481 3291 2514 3342 4
2551 3290 2834 3347 instanter,

548 3379 608 3430 in
646 3395 813 3448 τηατ-9.
856 3379 1263 3448 perseberanter
1298 3379 1337 3432 Ι
1512 3378 1788 3432 reuelante
1826 3379 2004 3450 gratie
2045 3379 2112 3432 H
2277 3378 2464 3432 fideles
2503 3379 2684 3432 saluos
2721 3377 2837 3432 fieri

548 3467 669 3521 edd.
815 3468 994 3522 salbos
1031 3466 1098 3520 H
1164 3471 1197 3523 5
1236 3468 1351 3521 fieri
1390 3485 1492 3523 om.
1534 3469 1600 3522 H
1731 3485 2057 3538 quamquam
2099 3469 2273 3522 PMA
2311 3472 2568 3538 tanquam
2607 3467 2680 3520 P¹
2719 3471 2834 3531 (tan

546 3557 609 3608 in
644 3573 755 3610 ras.
794 3557 1029 3620 m.2)13
1136 3557 1291 3611 uelut
1328 3557 1430 3612 del.
1474 3575 1525 3612 α.
1566 3575 1632 3610 m.
1663 3557 1734 3610 P¹
1777 3559 1865 3611 uel
1903 3557 1972 3611 H
2077 3560 2109 3611 6
2149 3557 2246 3626 sic]
2287 3559 2336 3610 si
2364 3557 2404 3610 Ι
2505 3558 2538 3611 9
2567 3555 2836 3611 simlasse

550 3647 593 3710 (i
628 3661 796 3710 erasm
831 3663 1006 3714 supra
1042 3663 1152 3701 ras.
1194 3648 1323 3701 add.
1368 3652 1417 3713 u)
1468 3649 1496 3698 J
1637 3648 1825 3716 istum]
1866 3663 2048 3700 secum
2083 3647 2150 3700 Η
2251 3647 2318 3700 10
2343 3645 2500 3713 talia]
2539 3644 2741 3698 similia
2777 3642 2842 3696 H

552 3735 613 3787 11
656 3751 723 3788 an
762 3736 860 3800 uis,
898 3752 1070 3805 supra
1110 3754 1179 3791 m.
1216 3743 1278 3790 ut
1313 3737 1429 3791 uid.
1468 3743 1501 3791 1
1534 3737 1561 3789 l
1599 3737 1789 3791 annuis
1827 3735 1883 3790 R
1929 3737 2138 3797 annuis,
2187 3735 2250 3788 in
2284 3751 2456 3804 mar-9.
2498 3735 2766 3788 consentis
2807 3734 2840 3785 1

552 3825 619 3877 14
654 3824 919 3878 circidant
954 3827 995 3878 I
1123 3825 1414 3880 obserbent
1452 3827 1485 3877 I
1520 3827 1813 3880 obseruant
1851 3825 1931 3890 A;
1961 3842 2024 3893 p.
2069 3827 2206 3882 303,
2251 3828 2286 3876 6
2323 3827 2544 3876 seruent
2647 3825 2711 3878 15
2741 3821 2834 3876 ob-

550 3930 762 3966 seruare
800 3913 1072 3968 HPMIA
1257 3917 1323 3968 16
1361 3915 1629 3977 simulare,
1669 3932 1734 3968 m.
1758 3919 1798 3968 2
1835 3915 2092 3968 simulate
2131 3912 2206 3966 Ρι
2361 3929 2452 3965 *ac
2491 3912 2548 3976 (h
2585 3917 2746 3966 eras.)
2782 3910 2836 3963 R

546 4002 648 4074 hee
683 4003 748 4058 H
889 4005 934 4056 si
972 4021 1073 4057 om.
1114 4003 1181 4057 H
1289 4006 1351 4056 17
1390 4005 1622 4058 heresim
1663 4003 1892 4058 HIP¹R
1931 4003 2051 4058 edd.
2081 4008 2354 4071 praeterr
2497 4000 2755 4055 hebeonis
2783 3999 2837 4053 R

551 4091 757 4146 ebionis
794 4093 1005 4146 HP¹m
1186 4097 1517 4161 nuncupant,
1553 4093 1616 4144 in
1652 4109 1821 4161 mary.
1863 4092 2148 4145 nominant
2183 4093 2218 4145 1
2405 4091 2468 4144 18
2509 4088 2754 4160 qualibet
2789 4089 2842 4140 P

618 4183 799 4236 nescio
838 4184 893 4236 in
932 4182 1053 4236 edd.
1201 4181 1396 4234 nobam
1425 4181 1489 4233 H
1590 4183 1655 4235 19
1695 4181 1999 4234 dilabemur
2026 4179 2129 4234 HI
2269 4180 2355 4249 eo]
2399 4181 2455 4233 et
2482 4179 2550 4232 H
2639 4169 2649 4180 ’
2689 4178 2778 4249 qui
2808 4179 2842 4230 1

622 4271 893 4340 preposito
936 4271 1039 4323 HI
1176 4270 1248 4323 ‘20
1284 4270 1385 4323 liae
1423 4287 1489 4324 ex
1524 4270 1660 4324 haec
1697 4271 1762 4324 H
1903 4271 1950 4323 si
1988 4285 2090 4322 om.
2131 4271 2184 4323 A
2222 4270 2295 4322 si·
2326 4274 2374 4334 (s
2411 4284 2552 4322 eras.
2591 4268 2729 4328 uid.)
2769 4266 2838 4320 M

622 4359 945 4429 respondeas
984 4359 1106 4412 edd.
1216 4360 1278 4412 21
1324 4359 1600 4428 apostolus
1640 4360 1693 4413 P
