3184 4959
538 406 622 469 46
1245 402 1299 458 S.
1356 400 1632 456 Aureli
1686 402 2128 472 Augustini

535 597 730 661 immo
781 616 927 661 uero
979 597 1082 661 uix
1129 596 1314 661 unius
1363 597 1552 663 horae
1601 598 1879 681 spatium
1928 602 2047 676 est,
2090 618 2213 681 quo
2253 619 2471 665 eorum
2510 600 2825 666 confessio

537 704 934 787 hymnusque
983 706 1292 780 cantatur,
1340 723 1456 769 nee
1502 703 1779 786 amplius
1824 705 1989 769 inter
2030 705 2179 771 illas
2216 706 2503 771 flammas
2540 708 2827 772 innoxias

539 810 1122 889 deambulauerunt‚
1201 830 1391 893 quam
1465 812 1785 875 canticum
1856 812 2018 876 illud
2097 813 2618 894 terminauerunt,
2702 813 2827 877 nisi

537 918 699 983 forte
755 916 830 980 ab
888 916 1014 983 isto
1071 917 1262 983 etiam
1317 918 1506 981 unius
1569 918 1759 983 horae
1824 918 2101 1002 spatium
2164 920 2400 984 ieiunio
2468 920 2826 1003 deputatur.

541 1024 710 1108 quod
785 1025 840 1089 si
911 1024 1003 1089 ita
1077 1028 1195 1102 est,
1271 1044 1390 1089 non
1469 1025 1680 1101 habet,
1748 1026 1918 1108 quod
1984 1030 2357 1091 suscenseat
2418 1027 2829 1110 pransoribus
2885 1046 2913 1085 ⁵

541 1133 816 1211 sabbath
885 1150 1086 1213 usque
1143 1131 1221 1195 ad
1275 1132 1500 1196 horam
1551 1132 1719 1195 enim
1775 1130 2019 1214 prandii
2074 1134 2277 1197 multo
2334 1152 2525 1215 quam
2588 1134 2653 1197 in
2718 1134 2829 1197 illo

543 1239 785 1305 camino
833 1237 1134 1321 prolixius
1181 1238 1515 1304 ieiunatur.
1858 1220 1865 1225 ⁸

457 1349 534 1412 17
629 1346 909 1410 Adhibet
954 1349 1018 1410 et
1070 1345 1232 1410 illud
1288 1346 1562 1427 apostoli
1616 1346 2078 1422 testimonium,
2138 1346 2247 1410 ubi
2304 1346 2421 1411 ait:
2486 1346 2645 1413 Non
2716 1350 2833 1411 est

543 1472 852 1537 regnum
902 1452 1018 1516 dei
1065 1470 1236 1516 esca
1283 1454 1356 1516 et
1399 1456 1624 1534 potus
1674 1452 1803 1517 sed
1847 1451 2157 1517 iustitia
2214 1458 2287 1518 et
2341 1473 2477 1535 pax
2532 1456 2608 1517 et
2662 1474 2833 1537 gau-

546 1559 746 1624 dium
801 1560 874 1623 in
933 1559 1215 1641 spiritu
1273 1563 1556 1638 sanct0,
1618 1562 1683 1623 et
1736 1578 2047 1643 regnum
2104 1559 2219 1624 dei
2290 1560 2624 1625 ecelesiam
2668 1560 2834 1625 ‘uult
2870 1581 2921 1620 ιο

545 1665 854 1749 intellegi,
899 1665 962 1729 in
1011 1684 1136 1747 qua
1183 1665 1338 1730 deus
1383 1669 1626 1749 regnat.
1677 1666 1934 1731 obsecro
1975 1669 2060 1744 te,
2102 1666 2409 1749 numquid
2446 1667 2567 1732 hoe
2605 1668 2835 1751 agebat

547 1772 898 1855 apostolus,
983 1790 1124 1836 cum
1208 1772 1336 1837 ista
1415 1774 1801 1854 loqueretur,
1878 1774 1951 1837 ut
2025 1772 2288 1837 sabbato
2356 1791 2392 1836 a
2458 1772 2833 1837 Christianis

545 1880 970 1945 ieiunaretur‘?
1020 1878 1130 1943 sed
1177 1898 1291 1943 nee
1339 1878 1415 1943 de
1463 1880 1603 1961 ipso
1653 1878 2116 1961 cuiuscumque
2166 1878 2291 1943 diei
2337 1879 2571 1944 ieiunio
2618 1880 2835 1962 loque-

547 1988 754 2064 batur,
803 2005 948 2050 cum
1004 1986 1160 2049 haec
1216 1985 1472 2049 diceret.
1541 1985 1783 2049 dietum
1831 1989 1931 2050 est
1976 1986 2143 2049 enim
2190 1985 2497 2050 aduersus
2546 2004 2675 2063 eos,
2726 1986 2834 2068 qui

549 2112 720 2158 more
791 2092 1170 2157 Iudaeorum
1235 2091 1583 2156 seeundum
1648 2095 1931 2155 ueterem
1994 2091 2201 2175 legem
2266 2092 2328 2155 in
2396 2092 2837 2157 obseruatione
2874 2114 2927 2153 ιε

551 2199 940 2281 quorundam
998 2198 1282 2263 ciborum
1337 2198 1648 2279 putabant
1704 2218 1843 2263 esse
1898 2197 2299 2275 munditiam,
2350 2201 2416 2263 et
2477 2199 2555 2263 ad
2620 2217 2835 2264 eorum

550 2307 816 2371 fratrum
873 2304 1386 2381 admonitionem,
1443 2324 1554 2387 per
1608 2323 1876 2386 quorum
1933 2325 2143 2369 eseam
2200 2311 2264 2369 et
2318 2309 2543 2388 potum
2595 2306 2836 2371 indiffe-

550 2416 761 2477 renter
805 2416 1136 2495 acceptum
1193 2411 1785 2476 scandalizabantur
1836 2412 2089 2475 infirmi.
2153 2412 2296 2477 ideo
2355 2431 2497 2476 cum
2548 2412 2835 2477 dixisset:

553 2518 729 2583 Noli
794 2518 868 2582 in
945 2536 1119 2582 esea
1191 2524 1323 2583 tua
1397 2518 1617 2582 illum
1682 2518 2012 2601 perdere,
2078 2537 2206 2601 pro
2276 2538 2415 2600 quo
2484 2517 2837 2585 Christus

553 2629 896 2689 mortuus
955 2628 1091 2701 est,
1149 2628 1241 2688 et:
1309 2623 1468 2688 Non
1542 2644 1715 2708 ergo
1773 2624 2343 2706 blasphemetur
2397 2624 2669 2690 bonum
2725 2645 2839 2689 no·
2875 2649 2927 2688 20

555 2735 814 2807 strum,
862 2736 1016 2796 tune
1064 2730 1377 2798 adiunxit:
1426 2731 1579 2796 Non
1632 2732 1821 2795 enim
1872 2733 1988 2795 est
2032 2748 2339 2813 regnum
2388 2730 2505 2795 dei
2555 2750 2725 2797 esca
2770 2734 2841 2796 et

553 2844 777 2923 potus
826 2843 889 2902 et
935 2841 1162 2902 cetera.
1203 2858 1348 2902 nam
1386 2838 1557 2902 sieut
1600 2839 1723 2902 iste
1770 2838 1965 2901 uerba
2001 2836 2156 2901 haee
2194 2837 2467 2919 apostoli
2503 2838 2841 2923 intellegit,

534 2951 629 3016 fut
682 2965 947 3028 regnum
1004 2944 1126 3021 dei,
1184 2944 1351 3026 quod
1409 2948 1508 3008 est
1561 2944 1850 3021 ecclesia,
1905 2963 2026 3008 non
2086 2945 2170 3007 sit
2225 2944 2291 3008 in
2350 2963 2495 3009 esea
2560 2948 2624 3008 et
2684 2948 2843 3026 potu

445 3067 472 3111 ·e
557 3052 668 3117 sed
735 3052 796 3115 in
861 3050 1121 3127 ieiunio,
1197 3070 1320 3115 non
1396 3050 1535 3114 dico
1612 3050 1895 3115 sabbatis
1960 3050 2258 3132 ieiunare,
2324 3051 2435 3115 sed
2498 3070 2842 3132 numquam

738 3294 770 3348 8
807 3294 960 3347 Rom.
1004 3294 1085 3352 14,
1127 3292 1209 3345 17.
1324 3292 1390 3345 19
1428 3291 1580 3347 Rom.
1623 3292 1705 3353 14,
1748 3292 1817 3343 15
1924 3292 1995 3345 20
2030 3291 2185 3345 Rom.
2229 3292 2313 3359 14,
2354 3293 2420 3347 16

636 3421 660 3474 1
703 3417 846 3487 quod
872 3416 947 3470 1²¹
1093 3433 1276 3470 eorum
1315 3432 1415 3469 om.
1455 3415 1505 3468 T
1609 3417 1643 3469 2
1679 3414 2578 3485 hymnusque—deambulauerunt
2603 3415 2848 3483 positum

562 3514 638 3562 est
667 3512 795 3575 post
834 3522 993 3575 quam
1031 3505 1299 3559 canticum
1335 3503 1473 3557 illud
1509 3504 1938 3557 terminauerunt
1973 3504 2079 3557 nisi
2115 3502 2192 3556 Ρ2
2380 3507 2642 3567 cantetur,
2680 3519 2750 3556 m.
2787 3507 2850 3555 ut

535 3595 679 3669 nid.
717 3598 757 3649 2
793 3596 1044 3647 cantatur
1085 3592 1138 3647 T
1311 3593 1346 3645 4
1383 3591 1535 3656 hora,
1574 3606 1711 3645 corr.
1748 3595 1869 3644 m.1
1905 3591 2069 3645 horae
2106 3590 2175 3643 H
2207 3607 2298 3645 ore
2336 3590 2409 3645 P¹
2587 3590 2848 3643 ieiunium

525 3684 852 3754 ‘deputetur
887 3682 960 3735 P¹
1143 3682 1176 3735 5
1223 3684 1538 3734 succenseat
1583 3696 1651 3733 ex
1695 3696 1833 3733 corr.
1880 3696 1949 3733 m.
1970 3684 2015 3743 1,
2060 3680 2233 3746 fuisse
2275 3679 2393 3733 uid.
2440 3678 2768 3733 succendeat
2802 3679 2858 3732 P

491 3810 502 3819 ·
565 3776 596 3827 6
635 3771 850 3826 sabbati
887 3788 989 3824 om.
1029 3769 1104 3823 P¹
1248 3786 1393 3823 oram
1432 3768 1504 3822 P¹
1632 3770 1661 3821 7
1701 3768 1971 3822 ieiunetur
2005 3767 2077 3821 Ρι
2116 3768 2390 3821 ieiunatus
2426 3766 2505 3820 1²²
2624 3768 2656 3821 9
2693 3766 2851 3820 iusti-

543 3841 650 3916 *tas
687 3860 764 3915 P2
875 3860 939 3913 10
979 3859 1260 3914 eeclesiam
1299 3876 1402 3913 om.
1441 3858 1520 3911 Ρ3
1632 3858 1697 3912 12
1736 3876 1769 3911 a
1805 3874 1926 3924 om„
1960 3874 2029 3911 m.
2052 3860 2091 3911 2
2129 3856 2258 3911 add.
2299 3858 2367 3909 H
2507 3856 2744 3916 christia,
2782 3872 2853 3909 m.

541 3958 627 4062 'ut
663 3950 780 4005 uid.
819 3954 859 4005 2
897 3949 1026 4003 add.
1065 3950 1148 4002 nis
1192 3947 1242 4000 T
1314 3949 1380 4001 13
1419 3948 1825 4017 cuiuscumque]
1867 3962 2093 4014 eumque
2130 3946 2185 3999 P
2267 3946 2333 3999 14
2372 3946 2603 3999 dic-tum
2646 3944 2857 4011 (fuitne

569 4058 598 4093 o
621 4040 672 4107 ἓ)
708 4037 787 4093 P²
931 4038 997 4089 15
1033 4053 1235 4090 morem
1273 4036 1390 4089 ΗΡ
1423 4036 1555 4088 mire
1590 4034 1671 4088 Ρ2
1848 4037 2093 4087 ueterum
2134 4033 2184 4085 T
2329 4034 2391 4087 16
2433 4032 2762 4103 putabantur
2798 4048 2857 4085 se

567 4126 890 4182 munditiam
928 4124 1008 4179 1³²
1084 4126 1148 4179 19
1185 4126 1340 4178 illum
1376 4125 1432 4177 iu
1471 4141 1592 4177 esca
1629 4128 1727 4177 tua
1764 4123 1883 4177 edd.
1994 4122 2049 4175 in
2089 4138 2211 4183 om..
2250 4126 2370 4175 m.1
2400 4121 2533 4175 add.
2562 4120 2640 4174 P³
2735 4122 2853 4189 tua]

569 4226 631 4271 tu
666 4217 721 4270 P
827 4217 953 4285 quo]
995 4232 1056 4269 co
1095 4212 1172 4267 P2
1278 4214 1346 4268 20
1386 4218 1443 4267 et
1479 4230 1582 4268 om.
1622 4211 1834 4266 P²P²T
1931 4213 1994 4265 21
2036 4228 2257 4281 regnum
2298 4211 2407 4280 dei]
2450 4226 2691 4277 regnum,
2718 4224 2858 4263 corr.

571 4305 783 4377 (m.1?)
824 4316 994 4374 regnu
1033 4304 1088 4359 <11
1133 4304 1184 4357 T
1287 4304 1355 4355 22
1396 4305 1452 4357 et
1491 4306 1669 4355 cetera
1706 4319 1807 4355 om.
1830 4318 1881 4354 m
2029 4300 2263 4370 apostoli
2300 4316 2401 4353 om.
2440 4298 2559 4352 ΗΡ
