3184 4959
475 384 600 447 104
1190 381 1243 435 S.
1303 383 1577 435 Aureli
1634 381 2071 452 Augustini

470 575 699 658 inquit,
777 576 1198 641 ecclesiae
1281 576 1582 658 Ephesi
1666 577 1967 642 scribe:
2043 579 2257 644 Haec
2333 579 2563 656 dicit,
2642 581 2776 662 qui

471 685 699 747 tenet
757 686 1072 764 septem
1126 683 1426 746 stellas
1482 683 1560 746 in
1619 682 1949 748 dextera
2010 704 2172 762 sua,
2231 686 2366 766 qui
2414 685 2779 750 ambulat

472 789 548 852 in
613 788 876 854 medio
936 791 1245 870 septem
1309 788 1991 853 candelabrorum
2060 809 2522 856 aureorum:
2590 791 2775 858 Scio

474 914 714 977 opera
769 899 908 959 tua
964 897 1038 959 et
1091 895 1451 960 laborem
1507 900 1588 959 et
1641 896 2135 977 patientiam
2188 900 2410 962 tuam
2468 901 2547 963 et
2594 899 2781 980 quia

473 1019 620 1066 non
687 1007 926 1083 potes
995 1001 1414 1066 sustinere
1473 1001 1725 1066 malos
1782 1005 1861 1067 et
1914 1004 2359 1086 temptasti
2422 1023 2579 1084 eos,
2640 1005 2776 1087 qui
2836 1025 2862 1064 ⁵

473 1129 554 1175 se
613 1109 902 1173 dicunt
962 1109 1391 1192 apostolos
1439 1127 1621 1173 esse
1670 1114 1749 1174 et
1794 1128 1942 1174 non
1992 1114 2199 1187 sunt,
2250 1113 2325 1175 et
2372 1111 2778 1176 inuenisti

474 1234 609 1280 eos
669 1213 1097 1280 mendaces
1156 1217 1234 1278 et
1287 1213 1773 1297 patientiam
1830 1214 2073 1278 habes
2136 1217 2213 1279 et
2278 1216 2779 1281 sustinuisti

473 1340 615 1386 eos
663 1323 998 1404 propter
1044 1339 1328 1385 nomen
1376 1339 1631 1385 meum
1687 1324 1765 1384 et
1822 1340 1968 1385 non
2028 1321 2444 1388 defecisti.
2505 1303 2674 1405 duod
2722 1322 2779 1387 si

472 1427 550 1491 de
607 1429 831 1512 angelo
887 1427 1284 1508 superiorum
1344 1426 1665 1492 caelorum
1724 1431 1788 1491 et
1844 1446 1963 1491 non
2023 1427 2098 1492 de
2156 1429 2531 1511 praepositis
2580 1430 2779 1494 eccle-

474 1535 606 1598 siae
661 1534 865 1598 uellet
913 1533 1224 1618 intellegi,
1285 1553 1404 1598 non
1465 1537 1921 1616 consequenter
1974 1533 2239 1600 diceret:
2306 1534 2457 1600 Sed
2522 1535 2773 1602 habeo
2820 1561 2871 1598 ιο

474 1640 910 1704 aduersum
973 1643 1072 1716 te,
1141 1639 1351 1722 quod
1415 1639 1853 1704 caritatem
1920 1643 2138 1705 tuam
2200 1640 2532 1724 primam
2598 1642 2777 1706 reli-

477 1747 762 1829 quisti.
820 1765 1114 1811 memor
1169 1749 1344 1810 esto
1399 1745 1705 1829 itaque,
1762 1747 1963 1811 unde
2022 1746 2448 1824 excideris,
2498 1751 2575 1812 et
2631 1767 2774 1832 age

473 1852 1071 1936 paenitentiam
1119 1856 1198 1916 et
1241 1853 1499 1937 prima
1544 1872 1789 1934 opera
1834 1853 1992 1930 fac3
2042 1853 2166 1918 sin
2204 1856 2495 1933 autem,
2536 1854 2773 1920 uenio

477 1959 638 2024 tibi
713 1963 792 2024 et
863 1959 1202 2024 monebo
1279 1959 1851 2025 candelabrum
1928 1964 2151 2025 tuum
2226 1960 2551 2026 deloco
2608 1979 2773 2036 suo,

479 2066 642 2130 nisi
696 2065 1296 2149 paenitentiam
1350 2066 1641 2150 egeris.
1700 2066 1821 2131 hoc
1871 2066 2307 2148 superioribus
2354 2067 2599 2151 angelis
2650 2066 2775 2131 dici
2818 2091 2869 2129 ιε

479 2192 600 2238 non
659 2175 890 2254 potest,
950 2174 1059 2255 qui
1103 2176 1474 2254 perpetuam
1519 2173 1793 2238 retinent
1840 2173 2189 2252 caritatem,
2238 2173 2403 2238 unde
2451 2173 2561 2255 qui
2608 2173 2776 2238 defe-

480 2283 704 2344 cerunt
785 2280 849 2342 et
929 2277 1095 2359 lapsi
1169 2281 1337 2355 sunt,
1415 2278 1705 2343 diabolus
1780 2282 1879 2344 est
1955 2283 2023 2343 et
2092 2278 2300 2364 angeli
2383 2279 2543 2344 eiuS.
2627 2297 2776 2362 ergo

479 2385 746 2466 primam
797 2383 1121 2448 caritatem
1171 2384 1342 2460 dicit,
1384 2385 1534 2466 quia
1569 2382 1882 2450 sustinuit
1916 2385 2485 2468 pseudoapostolos
2522 2389 2778 2468 propter

479 2510 706 2556 nomen
767 2490 1026 2569 Christi,
1084 2511 1267 2575 quam
1327 2492 1508 2556 iubet
1561 2497 1636 2557 ut
1690 2495 1937 2574 repetat
1983 2494 2047 2556 et
2091 2491 2287 2556 faciat
2330 2492 2541 2575 priora
2588 2511 2777 2574 opera

478 2619 615 2666 sua.
695 2603 758 2664 et
832 2599 1194 2664 obiciuntur
1265 2599 1471 2680 nobis„
1526 2598 1791 2662 crimina
1860 2599 2173 2664 malorum
2240 2599 2589 2678 hominum,
2654 2619 2775 2664 nou
2813 2625 2867 2661 eo

477 2709 694 2771 nostra
750 2705 862 2770 sed
928 2705 1130 2770 aliena
1196 2708 1262 2771 et
1323 2705 1466 2788 ipsa
1527 2705 1758 2788 partim
1822 2705 2164 2789 incognita.
2233 2724 2393 2787 quae
2460 2706 2517 2770 si
2582 2706 2773 2770 etiam

479 2832 632 2876 uera
695 2815 760 2876 et
821 2811 1180 2895 praesentia
1245 2811 1605 2876 uideremus
1673 2814 1739 2876 et
1802 2809 2057 2876 zizaniis
2131 2814 2389 2894 propter
2460 2811 2775 2876 frumenta

476 2924 807 3001 parcentes
853 2937 966 3000 pro
1012 2918 1258 2983 unitate
1303 2918 1741 2994 toleraremuS,
1789 2935 1911 2982 non
1961 2918 2171 2982 solum
2217 2915 2395 2982 nulla
2446 2918 2777 3001 reprehen-

479 3026 656 3090 sione
705 3023 816 3090 sed
864 3025 1052 3089 etiam
1101 3045 1221 3088 non
1269 3044 1467 3108 parua
1511 3024 1700 3116 laude
1746 3044 1859 3090 nos
1906 3025 2135 3108 dig‘nos
2184 3024 2441 3102 diceret,
2492 3024 2777 3106 quicum·

409 3137 415 3144 ’
481 3150 602 3213 que
651 3131 995 3214 scripturas
1043 3135 1294 3196 sanctas
1343 3150 1463 3197 non
1511 3130 1697 3196 corde
1746 3113 1983 3196 surdus‘
2034 3130 2299 3195 audiret,
2814 3159 2871 3198 ει,

389 3241 474 3302 23
569 3237 826 3302 Tolerat
879 3241 1084 3302 Aaron
1141 3237 1622 3303 multitudinem
1667 3237 1911 3303 idolum
1940 3237 2311 3322 ‘exigentem
2360 3241 2425 3301 et
2470 3237 2775 3301 fabrican-

480 3348 609 3409 tem
668 3348 733 3408 et
788 3344 1180 3418 adorantem;
1235 3345 1465 3410 tolerat
1517 3345 1778 3427 Moyses
1834 3344 2142 3409 aduersus
2200 3344 2388 3409 deum
2445 3347 2544 3409 tot
2597 3345 2776 3408 milia

662 3553 727 3606 10
767 3555 929 3622 Apoc.
970 3555 1019 3616 2,
1059 3555 1201 3608 4—5
1347 3555 1413 3607 16
1449 3552 1647 3606 Matth.
1688 3554 1773 3617 25,
1812 3554 1909 3615 41;
1950 3553 2117 3622 Apoc.
2160 3554 2244 3620 12,
2283 3555 2317 3607 9
2453 3553 2523 3606 26
2562 3553 2655 3606 Ex.
2687 3553 2773 3620 32,

483 3641 620 3695 1--6
731 3643 798 3696 27
830 3641 923 3698 Ex.
959 3644 1040 3708 14,
1072 3644 1162 3708 11;
1196 3643 1284 3706 15,
1322 3643 1417 3706 24;
1461 3643 1544 3707 16,
1582 3643 1616 3695 2
1658 3645 1714 3696 et
1750 3641 1809 3706 8;
1852 3643 1937 3705 17.
1976 3643 2143 3708 2—3;
2184 3641 2342 3696 Num.
2377 3644 2460 3707 14,
2492 3645 2549 3706 2;
2594 3644 2675 3706 16,
2705 3643 2770 3697 41

556 3767 581 3819 1
625 3766 856 3820 scribere
892 3765 1000 3819 ΓΑ
1135 3768 1170 3819 4
1206 3769 1356 3819 tuam
1394 3782 1496 3818 om.
1535 3765 1609 3818 M
1614 3765 1770 3819 FAP
1875 3769 1908 3820 5
1944 3767 2219 3835 temptati,
2259 3782 2396 3820 corr.
2438 3783 2507 3820 m.
2530 3771 2559 3819 1
2593 3769 2771 3835 temp-

478 3854 614 3908 tasti
660 3853 711 3904 F
893 3855 925 3907 6
966 3869 1023 3908 se
1063 3853 1254 3908 dicunt
1291 3854 1332 3919 (i
1370 3869 1436 3907 ex
1471 3869 1617 3920 ras.;
1640 3853 1835 3921 fuitne
1869 3870 1902 3906 u
1924 3852 1976 3920 Ρ)
2018 3853 2078 3906 F
2106 3851 2386 3918 seducunt,
2426 3869 2565 3907 corr.
2602 3871 2672 3909 m.
2709 3857 2776 3905 ut

477 3943 596 3998 uid.
637 3947 664 3995 1
701 3942 951 3997 sedicunt
986 3946 1040 3998 A
1222 3957 1340 3997 esse
1378 3956 1478 3996 om.
1518 3940 1599 4008 1⁴²,-
1634 3958 1780 3996 sacr.
1821 3943 1925 3996 litt.
1962 3943 2202 3996 uariant
2382 3942 2415 3996 8
2452 3942 2685 3997 deficisti
2724 3941 2782 3996 F'

484 4031 550 4085 10
588 4035 877 4099 sequenter
901 4030 960 4084 F
1066 4033 1134 4084 14
1169 4031 1296 4100 tibi]
1339 4031 1440 4084 tibi
1481 4031 1588 4084 cito
1618 4031 1695 4084 M
1800 4031 1865 4085 17
1904 4034 1961 4085 et
1998 4031 2090 4100 qui
2127 4032 2265 4101 lapsi
2292 4031 2366 4083 Μ
2474 4033 2537 4085 19
2576 4047 2777 4100 eppei-a

480 4137 578 4172 sua
615 4121 794 4188 priora
830 4119 904 4173 M
1043 4121 1109 4173 21
1153 4135 1290 4188 quae
1329 4119 1398 4189 si]
1441 4119 1594 4188 quasi
1636 4120 1687 4172 Δ
1830 4121 1901 4173 22
1938 4119 2233 4173 uiderimus
2270 4119 2344 4173 M
2376 4119 2468 4190 (m.
2490 4123 2530 4173 2
2564 4118 2775 4172 nidere-

479 4211 622 4274 mus)
659 4209 712 4260 A
839 4209 908 4262 23
947 4208 1242 4262 toleramus
1278 4207 1352 4261 M
1387 4211 1548 4267 (corr.
1585 4225 1654 4260 m.
1678 4211 1707 4259 1
1741 4207 2119 4273 toleraremus)
2154 4210 2209 4261 A
2336 4208 2406 4262 24
2442 4225 2543 4260 nos
2580 4223 2681 4261 οηι.
2726 4205 2785 4258 Α,

479 4297 550 4350 26
588 4295 854 4349 idolorum
896 4296 1003 4350 FP
1035 4295 1320 4373 idollorum
1357 4295 1505 4349 idola
1543 4296 1618 4350 Μ
