3184 4959
1107 430 1635 500 epistularum
1694 428 1880 483 CXIX.
2513 432 2636 495 701

345 645 754 711 personarum
809 626 1092 691 trinitate
1158 624 1426 689 huiusce
1490 623 1663 689 modi
1718 624 1913 689 uerba
1968 625 2345 708 conscripsi:
2404 626 2640 703 ‘Deus'‚

346 735 626 817 inquam,
675 734 861 797 ‘unus
919 736 1039 809 est,
1096 749 1400 814 personae
1456 734 1586 795 tres
1644 735 1813 795 sunt.
1874 732 2028 815 deus
2083 731 2467 795 indiscretus
2524 734 2641 809 est,

345 860 648 923 personae
705 840 1016 905 discretae
1073 840 1237 903 sunt.
1296 836 1452 901 deus
1508 838 1677 901 intra
1732 838 1960 915 omnia,
2030 840 2201 902 trans
2260 838 2469 903 omnia
2524 842 2641 916 est,

285 948 290 955 '
345 947 573 1012 ultima
625 946 914 1023 includit,
971 944 1182 1009 media
1225 944 1470 1027 implet,
1529 962 1783 1008 summa
1828 944 2239 1023 transcendit,
2294 944 2463 1009 ultra
2510 945 2644 1009 uni-

257 1612 308 1651 10

259 2141 310 2181 15

344 1074 532 1119 uersa
588 1057 652 1118 et
704 1073 815 1136 per
869 1052 1168 1116 uniuersa
1225 1050 1629 1127 diffunditur3
1686 1070 1989 1134 personae
2047 1054 2260 1116 autem
2318 1051 2442 1116 sibi
2499 1070 2641 1116 con-

347 1164 588 1225 stantes
627 1160 1012 1244 proprietate
1055 1160 1486 1236 seeernuntur,
1526 1176 1648 1222 non
1682 1158 2051 1224 confusione
2080 1158 2448 1223 miscentur.
2490 1157 2646 1223 deus

347 1287 494 1351 ergo
550 1286 716 1331 unus
765 1272 864 1331 631
911 1270 976 1331 61
1019 1266 1256 1347 ubique
1303 1268 1422 1343 est,
1472 1264 1623 1347 quia
1670 1268 1734 1330 et
1780 1265 1945 1329 alius
1998 1267 2246 1348 praeter
2288 1264 2474 1329 illum
2518 1282 2641 1330 non

347 1378 446 1439 est
481 1377 546 1439 et
590 1374 772 1438 locus
818 1393 940 1440 non
983 1376 1082 1437 est
1126 1391 1394 1449 uacum,
1441 1372 1553 1436 ubi
1593 1391 1733 1437 esse
1781 1372 1943 1436 alius
1989 1372 2217 1455 possit.
2264 1371 2449 1456 plena
2494 1374 2645 1436 sunt

347 1481 460 1546 deo
512 1480 724 1544 omnia
770 1482 834 1542 et
888 1480 1136 1560 praeter
1184 1476 1376 1541 deum
1429 1477 1590 1541 nihil
1638 1480 1754 1541 est.
1814 1476 1951 1559 ipse
2000 1481 2098 1541 est
2142 1476 2203 1541 in
2250 1480 2449 1559 patre,
2504 1477 2643 1560 ipse

344 1584 616 1661 in-filio,
673 1586 812 1668 ipse
869 1584 930 1648 in
991 1584 1218 1667 spiritu
1275 1587 1494 1648 sancto
1543 1602 1615 1647 ac
1671 1603 1784 1665 per
1838 1584 1958 1648 hoc
2014 1588 2195 1667 pater
2240 1588 2305 1649 et
2357 1584 2529 1649 filius
2579 1588 2645 1648 et

347 1693 608 1776 spiritus
665 1695 926 1757 sanctus
984 1709 1104 1754 non
1159 1690 1378 1773 plures
1437 1689 1556 1764 dei,
1616 1690 1728 1755 sed
1782 1690 1920 1773 ipse
1978 1710 2141 1755 unus
2191 1691 2347 1756 deus
2396 1693 2521 1766 est3
2580 1695 2643 1755 et

348 1819 468 1865 non
535 1802 634 1864 est
693 1798 832 1881 ipse
895 1800 1092 1880 pater,
1158 1798 1268 1879 qui
1333 1800 1432 1861 est
1503 1796 1697 1875 filius,
1762 1816 1879 1861 nec
1943 1798 2136 1875 filius,
2204 1797 2313 1880 qui
2379 1797 2641 1879 spiritus

347 1908 624 1972 sanetuS.
681 1907 860 1988 pater
903 1905 966 1967 in
1015 1904 1144 1969 filio
1195 1908 1312 1981 est,
1367 1904 1540 1969 filius
1585 1904 1649 1967 in
1696 1908 1896 1987 patre,
1950 1905 2015 1969 in
2063 1908 2329 1988 utroque
2377 1904 2641 1987 spin'tus

347 2016 624 2088 sanctus,
685 2012 833 2094 quia
893 2010 959 2075 in
1014 2011 1220 2076 tribus
1277 2030 1535 2076 numero
1591 2031 1715 2076 non
1754 2011 2008 2089 ordine,
2072 2011 2138 2075 id
2194 2014 2293 2077 est
2354 2011 2641 2094 personis

345 2138 465 2183 non
530 2119 770 2182 uirtute
837 2117 1128 2182 discretis
1192 2136 1360 2182 unus
1427 2120 1619 2200 atque
1680 2117 2095 2183 indiuisibilis
2160 2117 2407 2183 habitat
2461 2117 2640 2183 (16113.

343 2224 570 2301 omnia,
630 2243 789 2307 quae
845 2224 1041 2306 patris
1099 2227 1267 2299 sunt,
1323 2223 1442 2287 filii
1496 2226 1647 2287 sunt
1693 2228 1776 2301 et,
1834 2243 1992 2305 quae
2048 2224 2163 2287 filii
2219 2227 2387 2301 sunt,
2443 2223 2641 2305 patris

343 2334 492 2395 sunt
537 2338 620 2408 et,
670 2349 831 2412 quae
887 2331 1224 2411 utriusque
1281 2333 1450 2406 sunt,
1509 2330 1774 2413 spiritus
1832 2330 2037 2393 sancti
2093 2334 2263 2407 sunt,
2314 2330 2461 2411 quia
2516 2348 2638 2393 non

342 2438 524 2520 quasi
579 2435 906 2519 aequalem
973 2436 1082 2499 sed
1141 2435 1420 2513 eandem,
1489 2436 1554 2501 id
1621 2441 1721 2501 est
1784 2437 2026 2501 unitam
2092 2456 2215 2503 non
2282 2439 2635 2519 separatam

341 2542 666 2626 possident
743 2542 1168 2606 substantiam
1237 2542 1520 2619 deitatis;
1600 2547 1663 2608 et
1736 2544 1876 2608 ideo
1952 2544 2058 2607 uel
2130 2544 2465 2607 maiestate
2528 2543 2636 2607 uel

342 2654 546 2715 aetate
595 2650 754 2713 alter
811 2651 1080 2715 alterum
1126 2668 1247 2714 non
1305 2650 1643 2731 praecedit,
1695 2650 1843 2732 quia
1891 2650 2110 2728 diuidi,
2161 2649 2331 2733 quod
2376 2650 2633 2731 plenum

342 2761 458 2833 est,
525 2776 646 2821 non
709 2758 928 2839 potest
983 2774 1097 2820 nec
1156 2760 1254 2820 est
1309 2756 1370 2821 in
1435 2756 1827 2839 plenitudine
1885 2756 2146 2839 aliquid,
2206 2756 2374 2839 quod
2430 2756 2637 2838 possit

337 2863 798 2947 plenitudinem
855 2880 1144 2945 separare
1193 2866 1258 2926 et
1301 2863 1597 2928 maiorem
1658 2864 1767 2928 uni
1834 2863 2143 2929 minorem
2191 2862 2371 2927 alteri
2428 2864 2635 2927 facere

338 2970 710 3051 portionem.
759 2969 824 3033 in
869 2968 1158 3051 personis
1211 2972 1422 3033 autem
1461 2988 1582 3033 non
1630 2970 1723 3035 ita
1761 2973 1881 3048 est,
1930 2970 2079 3052 quia
2124 2969 2320 3052 patris
2369 2986 2637 3052 persona

338 3096 459 3141 non
510 3079 610 3140 est
664 3074 781 3138 filii
827 3094 941 3139 nec
997 3074 1114 3139 filii
1169 3095 1436 3159 persona
1484 3077 1703 3141 eadem
1751 3081 1849 3142 est
1906 3077 2168 3159 spiritus
2228 3076 2451 3139 sancti.
2508 3096 2635 3141 una

280 3208 302 3247 5
340 3182 546 3245 uirtus
603 3185 722 3261 est,
790 3202 978 3264 quam
1034 3182 1200 3246 trina
1263 3183 1550 3264 possidet
1615 3184 1845 3259 11111113,
1910 3201 2036 3247 una
2100 3184 2459 3247 substantia
2514 3186 2632 3259 631,

337 3289 401 3352 111
471 3308 594 3371 qua
653 3288 778 3352 tria
841 3290 1011 3365 sunt,
1078 3308 1239 3371 quae
1306 3290 1680 3354 subsistunt.
1746 3294 1924 3375 pater
1990 3309 2137 3373 ergo
2207 3292 2271 3353 et
2331 3289 2503 3353 filius
2570 3293 2635 3353 et

340 3395 600 3478 spiritus
649 3398 905 3460 sanctus
954 3395 1286 3461 maiestate
1330 3397 1566 3479 ubique
1616 3402 1785 3475 sunt,
1836 3398 1983 3479 quia
2028 3417 2223 3461 unum
2274 3401 2441 3475 sunt,
2498 3415 2635 3479 per-

339 3502 510 3566 sonis
557 3503 808 3566 tantum
855 3502 1022 3585 apud
1079 3522 1146 3567 se
1203 3506 1371 3582 sunt,
1423 3504 1571 3585 quia
1617 3507 1745 3568 tres
1794 3504 1983 3569 sunt'.
2042 3508 2105 3567 et
2149 3503 2395 3586 reliqua
2440 3503 2632 3565 huius

337 3608 508 3672 modi
563 3611 780 3673 texens
833 3628 966 3672 rem
1023 3628 1094 3673 eo
1151 3629 1354 3691 usque
1413 3610 1661 3689 deduxi,
1717 3613 1793 3674 ut
1846 3613 2207 3693 praesentes
2264 3609 2520 3691 quidem
2570 3613 2633 3673 et

413 3820 437 3873 1
478 3818 792 3873 huiusmodi
834 3818 991 3872 OPT
1025 3818 1142 3871 edd.
1307 3818 1340 3871 2
1377 3835 1515 3872 unus
1555 3823 1640 3873 est
1676 3823 1733 3873 et
1768 3836 2029 3890 personae
2067 3819 2187 3875 edd.
2332 3822 2365 3873 5
2402 3804 2469 3885 ’3-1,
2506 3835 2573 3871 m.
2596 3822 2635 3871 2

334 3924 510 3975 supra
555 3907 661 3961 sibi
706 3907 761 3959 Β
807 3912 936 3961 sunt
985 3906 1140 3961 OPT
1184 3908 1304 3965 edd.
1339 3914 1570 3975 praeter
1606 3926 1658 3962 m
1878 3910 1943 3963 10
1990 3910 2107 3979 per]
2156 3912 2281 3979 post
2321 3907 2480 3961 OPT
2512 3906 2631 3961 edd.

325 4002 554 4064 praeter
588 4014 641 4049 m
825 3997 884 4049 11
929 3995 984 4049 di
1022 4000 1113 4062 (=
1153 3995 1261 4065 dei)
1297 3996 1414 4049 BT
1447 3996 1522 4051 dii
1565 3997 1666 4052 ΟΡ
1699 3997 1819 4052 edd.
2024 4000 2109 4053 est
2146 3996 2279 4051 deus
2318 3996 2477 4052 ΟΡΤ
2510 3996 2629 4049 edd.

340 4087 404 4139 12
444 4086 536 4155 qui
575 4089 659 4139 est
695 4086 918 4154 spiritus
957 4086 1078 4140 edd.
1205 4086 1269 4139 17
1308 4086 1522 4155 utriusq
1559 4104 1681 4140 cum
1708 4102 1906 4155 parua
1932 4092 2064 4155 post
2104 4088 2141 4155 (ἶ
2173 4103 2287 4141 ras.
2326 4087 2381 4139 B
2524 4102 2631 4139 non

336 4175 492 4243 quasi
529 4190 630 4227 om.
677 4173 832 4227 OPT
865 4174 984 4227 edd.
1015 4180 1312 4243 praeterm
1459 4176 1524 4229 18
1565 4176 1777 4229 unicam
1814 4175 1935 4230 edd.
2081 4177 2151 4231 22
2188 4192 2435 4245 reparare
2480 4176 2637 4230 OPT

336 4261 455 4315 edd.
485 4268 782 4330 praeterm
995 4264 1280 4333 minorem]
1324 4264 1582 4317 maiorem
1627 4264 1731 4317 OT
1942 4265 2013 4318 26
2062 4266 2117 4317 et
2152 4270 2286 4333 post
2332 4280 2460 4334 ergo
2509 4280 2631 4326 om„

334 4355 451 4405 m.1
487 4349 562 4417 (?)
605 4351 736 4405 add.
775 4351 830 4405 B
937 4350 1006 4404 27
1047 4350 1246 4421 ubiquve
1285 4356 1370 4405 est
1408 4352 1534 4421 quia
1580 4353 1630 4406 Τ
