<?xml version="1.0" encoding="UTF-8"?>
<!DOCTYPE html PUBLIC "-//W3C//DTD XHTML 1.0 Transitional//EN"
    "http://www.w3.org/TR/xhtml1/DTD/xhtml1-transitional.dtd">
<html xmlns="http://www.w3.org/1999/xhtml" xml:lang="en" lang="en">
 <head>
  <title>
</title>
<meta http-equiv="Content-Type" content="text/html;charset=utf-8" />
  <meta name='ocr-system' content='tesseract 3.04.00' />
  <meta name='ocr-capabilities' content='ocr_page ocr_carea ocr_par ocr_line ocrx_word'/>
</head>
<body>
  <div class='ocr_page' id='page_1' title='image "./corpusscriptoru26wiengoog_0234.png"; bbox 0 0 3184 4959; ppageno 0'>
   <div class='ocr_carea' id='block_1_1' title="bbox 451 403 2001 474">
    <p class='ocr_par' dir='ltr' id='par_1_1' title="bbox 451 403 2001 474">
     <span class='ocr_line' id='line_1_1' title="bbox 451 403 2001 474; baseline -0.007 -5"><span class='ocrx_word' id='word_1_1' title='bbox 451 407 582 470; x_wconf 83' lang='lat'><strong>222</strong></span> <span class='ocrx_word' id='word_1_2' title='bbox 1152 405 1206 460; x_wconf 87' lang='lat' dir='ltr'><strong>S.</strong></span> <span class='ocrx_word' id='word_1_3' title='bbox 1271 403 1544 458; x_wconf 82' lang='lat' dir='ltr'><strong>Aureli</strong></span> <span class='ocrx_word' id='word_1_4' title='bbox 1602 403 2001 474; x_wconf 84' lang='lat' dir='ltr'><strong>Augustin</strong></span> 
     </span>
    </p>
   </div>
   <div class='ocr_carea' id='block_1_2' title="bbox 442 598 2837 2176">
    <p class='ocr_par' dir='ltr' id='par_1_2' title="bbox 449 598 2751 789">
     <span class='ocr_line' id='line_1_2' title="bbox 449 598 2751 676; baseline 0 -13"><span class='ocrx_word' id='word_1_5' title='bbox 449 598 662 676; x_wconf 86' lang='lat' dir='ltr'><strong>faciat,</strong></span> <span class='ocrx_word' id='word_1_6' title='bbox 715 599 769 662; x_wconf 91' lang='lat' dir='ltr'><strong>si</strong></span> <span class='ocrx_word' id='word_1_7' title='bbox 816 598 984 663; x_wconf 86' lang='lat' dir='ltr'><strong>adsit</strong></span> <span class='ocrx_word' id='word_1_8' title='bbox 1032 598 1091 663; x_wconf 89' lang='lat' dir='ltr'><strong>ei</strong></span> <span class='ocrx_word' id='word_1_9' title='bbox 1139 598 1467 664; x_wconf 85' lang='lat' dir='ltr'><strong>sufficiens</strong></span> <span class='ocrx_word' id='word_1_10' title='bbox 1507 598 1896 664; x_wconf 76' lang='lat' dir='ltr'>continentia</span> <span class='ocrx_word' id='word_1_11' title='bbox 1932 603 1999 664; x_wconf 91' lang='lat' dir='ltr'><strong>et</strong></span> <span class='ocrx_word' id='word_1_12' title='bbox 2032 602 2243 664; x_wconf 90' lang='lat' dir='ltr'><strong>tamen</strong></span> <span class='ocrx_word' id='word_1_13' title='bbox 2282 598 2451 664; x_wconf 87' lang='lat' dir='ltr'><strong>desit</strong></span> <span class='ocrx_word' id='word_1_14' title='bbox 2484 599 2751 664; x_wconf 89' lang='lat' dir='ltr'><strong>instruc-</strong></span> 
     </span>
     <span class='ocr_line' id='line_1_3' title="bbox 450 705 2206 789; baseline 0.001 -19"><span class='ocrx_word' id='word_1_15' title='bbox 450 706 540 770; x_wconf 89' lang='lat' dir='ltr'><strong>tio</strong></span> <span class='ocrx_word' id='word_1_16' title='bbox 589 705 944 770; x_wconf 88' lang='lat' dir='ltr'><strong>necessaria</strong></span> <span class='ocrx_word' id='word_1_17' title='bbox 991 707 1102 768; x_wconf 89' lang='lat' dir='ltr'><strong>aut</strong></span> <span class='ocrx_word' id='word_1_18' title='bbox 1145 723 1448 788; x_wconf 84' lang='lat' dir='ltr'><strong>personae</strong></span> <span class='ocrx_word' id='word_1_19' title='bbox 1493 705 1804 784; x_wconf 86' lang='lat' dir='ltr'><strong>regularis</strong></span> <span class='ocrx_word' id='word_1_20' title='bbox 1852 705 2206 789; x_wconf 76' lang='lat' dir='ltr'><strong>integritas·</strong></span> 
     </span>
    </p>

    <p class='ocr_par' dir='ltr' id='par_1_3' title="bbox 442 811 2837 2176">
     <span class='ocr_line' id='line_1_4' title="bbox 541 811 2751 896; baseline -0 -19"><span class='ocrx_word' id='word_1_21' title='bbox 541 811 664 877; x_wconf 86' lang='lat' dir='ltr'><strong>Sed</strong></span> <span class='ocrx_word' id='word_1_22' title='bbox 712 811 788 876; x_wconf 90' lang='lat' dir='ltr'><strong>de</strong></span> <span class='ocrx_word' id='word_1_23' title='bbox 833 811 1001 888; x_wconf 87' lang='lat' dir='ltr'><strong>istis,</strong></span> <span class='ocrx_word' id='word_1_24' title='bbox 1052 811 1258 890; x_wconf 86' lang='lat' dir='ltr'><strong>credo,</strong></span> <span class='ocrx_word' id='word_1_25' title='bbox 1309 811 1614 876; x_wconf 85' lang='lat' dir='ltr'><strong>arbitrata</strong></span> <span class='ocrx_word' id='word_1_26' title='bbox 1660 811 1745 877; x_wconf 86' lang='lat' dir='ltr'><strong>sit</strong></span> <span class='ocrx_word' id='word_1_27' title='bbox 1788 813 2117 878; x_wconf 79' lang='lat' dir='ltr'><strong>beatitudo</strong></span> <span class='ocrx_word' id='word_1_28' title='bbox 2158 815 2288 892; x_wconf 89' lang='lat' dir='ltr'><strong>tua,</strong></span> <span class='ocrx_word' id='word_1_29' title='bbox 2328 811 2498 896; x_wconf 91' lang='lat' dir='ltr'><strong>quod</strong></span> <span class='ocrx_word' id='word_1_30' title='bbox 2532 815 2751 878; x_wconf 88' lang='lat' dir='ltr'><strong>nostra</strong></span> 
     </span>
     <span class='ocr_line' id='line_1_5' title="bbox 448 919 2747 1003; baseline 0 -19"><span class='ocrx_word' id='word_1_31' title='bbox 448 920 798 998; x_wconf 80' lang='lat' dir='ltr'><strong>uoluntate,</strong></span> <span class='ocrx_word' id='word_1_32' title='bbox 866 922 940 983; x_wconf 86' lang='lat' dir='ltr'><strong>ut</strong></span> <span class='ocrx_word' id='word_1_33' title='bbox 1003 919 1137 984; x_wconf 89' lang='lat' dir='ltr'><strong>suis</strong></span> <span class='ocrx_word' id='word_1_34' title='bbox 1201 919 1420 1001; x_wconf 89' lang='lat' dir='ltr'><strong>potius</strong></span> <span class='ocrx_word' id='word_1_35' title='bbox 1487 919 2036 1003; x_wconf 82' lang='lat' dir='ltr'><strong>conregionalibus</strong></span> <span class='ocrx_word' id='word_1_36' title='bbox 2100 920 2295 986; x_wconf 90' lang='lat' dir='ltr'><strong>utiles</strong></span> <span class='ocrx_word' id='word_1_37' title='bbox 2361 923 2596 997; x_wconf 83' lang='lat' dir='ltr'><strong>essent,</strong></span> <span class='ocrx_word' id='word_1_38' title='bbox 2671 919 2747 984; x_wconf 88' lang='lat' dir='ltr'><strong>de</strong></span> 
     </span>
     <span class='ocr_line' id='line_1_6' title="bbox 447 1026 2837 1110; baseline 0 -19"><span class='ocrx_word' id='word_1_39' title='bbox 447 1026 832 1092; x_wconf 87' lang='lat' dir='ltr'><strong>monasterio</strong></span> <span class='ocrx_word' id='word_1_40' title='bbox 907 1027 1347 1092; x_wconf 81' lang='lat' dir='ltr'><strong>recessissent.</strong></span> <span class='ocrx_word' id='word_1_41' title='bbox 1434 1027 1544 1091; x_wconf 92' lang='lat' dir='ltr'><strong>sed</strong></span> <span class='ocrx_word' id='word_1_42' title='bbox 1618 1027 1857 1091; x_wconf 89' lang='lat' dir='ltr'><strong>falsum</strong></span> <span class='ocrx_word' id='word_1_43' title='bbox 1933 1031 2057 1102; x_wconf 73' lang='lat' dir='ltr'><strong>est:</strong></span> <span class='ocrx_word' id='word_1_44' title='bbox 2137 1029 2363 1110; x_wconf 91' lang='lat' dir='ltr'><strong>sponte</strong></span> <span class='ocrx_word' id='word_1_45' title='bbox 2436 1027 2745 1104; x_wconf 83' lang='lat' dir='ltr'><strong>abierunt,</strong></span> <span class='ocrx_word' id='word_1_46' title='bbox 2810 1043 2837 1082; x_wconf 79' lang='lat'>⁵</span> 
     </span>
     <span class='ocr_line' id='line_1_7' title="bbox 447 1132 2749 1218; baseline 0 -20"><span class='ocrx_word' id='word_1_47' title='bbox 447 1137 671 1218; x_wconf 87' lang='lat' dir='ltr'><strong>sponte</strong></span> <span class='ocrx_word' id='word_1_48' title='bbox 746 1132 1164 1198; x_wconf 86' lang='lat' dir='ltr'><strong>deseruerunt</strong></span> <span class='ocrx_word' id='word_1_49' title='bbox 1237 1132 1440 1210; x_wconf 74' lang='lat' dir='ltr'><strong>nobiS,</strong></span> <span class='ocrx_word' id='word_1_50' title='bbox 1521 1136 1829 1215; x_wconf 88' lang='lat' dir='ltr'><strong>quantum</strong></span> <span class='ocrx_word' id='word_1_51' title='bbox 1902 1133 2251 1217; x_wconf 85' lang='lat' dir='ltr'><strong>potuimus,</strong></span> <span class='ocrx_word' id='word_1_52' title='bbox 2334 1153 2445 1217; x_wconf 89' lang='lat' dir='ltr'><strong>pro</strong></span> <span class='ocrx_word' id='word_1_53' title='bbox 2531 1152 2749 1199; x_wconf 91' lang='lat' dir='ltr'><strong>eorum</strong></span> 
     </span>
     <span class='ocr_line' id='line_1_8' title="bbox 446 1239 2745 1323; baseline 0 -19"><span class='ocrx_word' id='word_1_54' title='bbox 446 1242 654 1305; x_wconf 87' lang='lat' dir='ltr'><strong>salute</strong></span> <span class='ocrx_word' id='word_1_55' title='bbox 718 1239 1155 1304; x_wconf 78' lang='lat' dir='ltr'><strong>renitentibus.</strong></span> <span class='ocrx_word' id='word_1_56' title='bbox 1224 1241 1290 1304; x_wconf 90' lang='lat' dir='ltr'><strong>et</strong></span> <span class='ocrx_word' id='word_1_57' title='bbox 1346 1239 1422 1304; x_wconf 91' lang='lat' dir='ltr'><strong>de</strong></span> <span class='ocrx_word' id='word_1_58' title='bbox 1479 1239 1730 1305; x_wconf 83' lang='lat' dir='ltr'><strong>Donato</strong></span> <span class='ocrx_word' id='word_1_59' title='bbox 1788 1240 2066 1322; x_wconf 88' lang='lat' dir='ltr'><strong>quidem,</strong></span> <span class='ocrx_word' id='word_1_60' title='bbox 2124 1241 2271 1323; x_wconf 91' lang='lat' dir='ltr'><strong>quia</strong></span> <span class='ocrx_word' id='word_1_61' title='bbox 2324 1243 2449 1305; x_wconf 90' lang='lat' dir='ltr'><strong>iam</strong></span> <span class='ocrx_word' id='word_1_62' title='bbox 2503 1241 2745 1304; x_wconf 89' lang='lat' dir='ltr'><strong>factum</strong></span> 
     </span>
     <span class='ocr_line' id='line_1_9' title="bbox 445 1346 2744 1430; baseline 0 -19"><span class='ocrx_word' id='word_1_63' title='bbox 445 1349 564 1422; x_wconf 89' lang='lat' dir='ltr'><strong>est,</strong></span> <span class='ocrx_word' id='word_1_64' title='bbox 623 1349 716 1422; x_wconf 87' lang='lat' dir='ltr'><strong>ut,</strong></span> <span class='ocrx_word' id='word_1_65' title='bbox 773 1349 1110 1429; x_wconf 85' lang='lat' dir='ltr'><strong>antequam</strong></span> <span class='ocrx_word' id='word_1_66' title='bbox 1170 1346 1245 1412; x_wconf 92' lang='lat' dir='ltr'><strong>de</strong></span> <span class='ocrx_word' id='word_1_67' title='bbox 1301 1346 1420 1410; x_wconf 89' lang='lat' dir='ltr'><strong>hac</strong></span> <span class='ocrx_word' id='word_1_68' title='bbox 1467 1367 1533 1412; x_wconf 90' lang='lat' dir='ltr'><strong>re</strong></span> <span class='ocrx_word' id='word_1_69' title='bbox 1581 1347 1822 1430; x_wconf 88' lang='lat' dir='ltr'><strong>aliquid</strong></span> <span class='ocrx_word' id='word_1_70' title='bbox 1864 1347 1931 1412; x_wconf 89' lang='lat' dir='ltr'><strong>in</strong></span> <span class='ocrx_word' id='word_1_71' title='bbox 1979 1347 2247 1412; x_wconf 88' lang='lat' dir='ltr'><strong>concilio</strong></span> <span class='ocrx_word' id='word_1_72' title='bbox 2294 1349 2744 1423; x_wconf 71' lang='lat' dir='ltr'><strong>statum-amne,</strong></span> 
     </span>
     <span class='ocr_line' id='line_1_10' title="bbox 444 1452 2741 1538; baseline -0 -19"><span class='ocrx_word' id='word_1_73' title='bbox 444 1452 858 1532; x_wconf 82' lang='lat' dir='ltr'><strong>ordinaretur,</strong></span> <span class='ocrx_word' id='word_1_74' title='bbox 925 1453 981 1516; x_wconf 92' lang='lat' dir='ltr'><strong>si</strong></span> <span class='ocrx_word' id='word_1_75' title='bbox 1043 1453 1205 1517; x_wconf 85' lang='lat' dir='ltr'><strong>forte</strong></span> <span class='ocrx_word' id='word_1_76' title='bbox 1262 1471 1300 1516; x_wconf 88' lang='lat' dir='ltr'><strong>a</strong></span> <span class='ocrx_word' id='word_1_77' title='bbox 1357 1453 1688 1535; x_wconf 87' lang='lat' dir='ltr'><strong>superbiae</strong></span> <span class='ocrx_word' id='word_1_78' title='bbox 1753 1455 2171 1538; x_wconf 87' lang='lat' dir='ltr'><strong>peruersitate</strong></span> <span class='ocrx_word' id='word_1_79' title='bbox 2237 1457 2557 1518; x_wconf 85' lang='lat' dir='ltr'><strong>correctus</strong></span> <span class='ocrx_word' id='word_1_80' title='bbox 2622 1456 2741 1536; x_wconf 89' lang='lat' dir='ltr'><strong>est,</strong></span> 
     </span>
     <span class='ocr_line' id='line_1_11' title="bbox 445 1559 2831 1642; baseline 0 -19"><span class='ocrx_word' id='word_1_81' title='bbox 445 1559 616 1642; x_wconf 91' lang='lat' dir='ltr'><strong>quod</strong></span> <span class='ocrx_word' id='word_1_82' title='bbox 663 1559 824 1636; x_wconf 87' lang='lat' dir='ltr'><strong>uult,</strong></span> <span class='ocrx_word' id='word_1_83' title='bbox 873 1559 1066 1624; x_wconf 87' lang='lat' dir='ltr'><strong>faciat</strong></span> <span class='ocrx_word' id='word_1_84' title='bbox 1112 1559 1448 1642; x_wconf 85' lang='lat' dir='ltr'><strong>prudentia</strong></span> <span class='ocrx_word' id='word_1_85' title='bbox 1493 1563 1626 1624; x_wconf 88' lang='lat' dir='ltr'><strong>tua.</strong></span> <span class='ocrx_word' id='word_1_86' title='bbox 1678 1561 1753 1624; x_wconf 85' lang='lat' dir='ltr'><strong>de</strong></span> <span class='ocrx_word' id='word_1_87' title='bbox 1800 1561 1991 1624; x_wconf 89' lang='lat' dir='ltr'><strong>fratre</strong></span> <span class='ocrx_word' id='word_1_88' title='bbox 2036 1579 2189 1625; x_wconf 90' lang='lat' dir='ltr'><strong>uero</strong></span> <span class='ocrx_word' id='word_1_89' title='bbox 2237 1560 2397 1638; x_wconf 89' lang='lat' dir='ltr'><strong>eius,</strong></span> <span class='ocrx_word' id='word_1_90' title='bbox 2445 1560 2506 1624; x_wconf 92' lang='lat' dir='ltr'><strong>in</strong></span> <span class='ocrx_word' id='word_1_91' title='bbox 2556 1561 2740 1624; x_wconf 86' lang='lat' dir='ltr'><strong>cuius</strong></span> <span class='ocrx_word' id='word_1_92' title='bbox 2776 1577 2831 1615; x_wconf 80' lang='grc' dir='ltr'><strong>ιο</strong></span> 
     </span>
     <span class='ocr_line' id='line_1_12' title="bbox 442 1665 2740 1750; baseline 0 -21"><span class='ocrx_word' id='word_1_93' title='bbox 442 1667 551 1729; x_wconf 91' lang='lat' dir='ltr'><strong>uel</strong></span> <span class='ocrx_word' id='word_1_94' title='bbox 595 1665 863 1730; x_wconf 83' lang='lat' dir='ltr'><strong>maxime</strong></span> <span class='ocrx_word' id='word_1_95' title='bbox 912 1684 1105 1730; x_wconf 86' lang='lat' dir='ltr'><strong>causa</strong></span> <span class='ocrx_word' id='word_1_96' title='bbox 1141 1666 1218 1730; x_wconf 94' lang='lat' dir='ltr'><strong>de</strong></span> <span class='ocrx_word' id='word_1_97' title='bbox 1255 1667 1641 1731; x_wconf 88' lang='lat' dir='ltr'><strong>monasterio</strong></span> <span class='ocrx_word' id='word_1_98' title='bbox 1682 1667 1875 1732; x_wconf 90' lang='lat' dir='ltr'><strong>etiam</strong></span> <span class='ocrx_word' id='word_1_99' title='bbox 1909 1667 2046 1750; x_wconf 87' lang='lat' dir='ltr'><strong>ipse</strong></span> <span class='ocrx_word' id='word_1_100' title='bbox 2084 1667 2370 1732; x_wconf 84' lang='lat' dir='ltr'><strong>Donatus</strong></span> <span class='ocrx_word' id='word_1_101' title='bbox 2409 1667 2740 1740; x_wconf 82' lang='lat' dir='ltr'><strong>abscessit,</strong></span> 
     </span>
     <span class='ocr_line' id='line_1_13' title="bbox 444 1772 2740 1858; baseline 0.001 -22"><span class='ocrx_word' id='word_1_102' title='bbox 444 1790 591 1836; x_wconf 93' lang='lat' dir='ltr'><strong>cum</strong></span> <span class='ocrx_word' id='word_1_103' title='bbox 636 1772 996 1856; x_wconf 83' lang='lat' dir='ltr'><strong>intellegas,</strong></span> <span class='ocrx_word' id='word_1_104' title='bbox 1045 1773 1196 1854; x_wconf 92' lang='lat' dir='ltr'><strong>quid</strong></span> <span class='ocrx_word' id='word_1_105' title='bbox 1247 1775 1539 1851; x_wconf 86' lang='lat' dir='ltr'><strong>sentiam,</strong></span> <span class='ocrx_word' id='word_1_106' title='bbox 1599 1775 1836 1850; x_wconf 86' lang='lat' dir='ltr'><strong>nescio,</strong></span> <span class='ocrx_word' id='word_1_107' title='bbox 1894 1774 2045 1857; x_wconf 91' lang='lat' dir='ltr'><strong>quid</strong></span> <span class='ocrx_word' id='word_1_108' title='bbox 2098 1774 2531 1858; x_wconf 89' lang='lat' dir='ltr'><strong>respondeam.</strong></span> <span class='ocrx_word' id='word_1_109' title='bbox 2598 1794 2740 1838; x_wconf 88' lang='lat' dir='ltr'><strong>con·</strong></span> 
     </span>
     <span class='ocr_line' id='line_1_14' title="bbox 442 1878 2737 1964; baseline 0.002 -22"><span class='ocrx_word' id='word_1_110' title='bbox 442 1878 752 1943; x_wconf 87' lang='lat' dir='ltr'><strong>tradicere</strong></span> <span class='ocrx_word' id='word_1_111' title='bbox 797 1883 1008 1943; x_wconf 89' lang='lat' dir='ltr'><strong>tamen</strong></span> <span class='ocrx_word' id='word_1_112' title='bbox 1057 1879 1426 1961; x_wconf 88' lang='lat' dir='ltr'><strong>prudentiae</strong></span> <span class='ocrx_word' id='word_1_113' title='bbox 1473 1883 1643 1958; x_wconf 89' lang='lat' dir='ltr'><strong>tuae,</strong></span> <span class='ocrx_word' id='word_1_114' title='bbox 1684 1881 1905 1946; x_wconf 89' lang='lat' dir='ltr'><strong>honori</strong></span> <span class='ocrx_word' id='word_1_115' title='bbox 1954 1880 2326 1964; x_wconf 88' lang='lat' dir='ltr'><strong>caritatique</strong></span> <span class='ocrx_word' id='word_1_116' title='bbox 2376 1898 2497 1945; x_wconf 92' lang='lat' dir='ltr'><strong>non</strong></span> <span class='ocrx_word' id='word_1_117' title='bbox 2538 1881 2737 1947; x_wconf 85' lang='lat' dir='ltr'><strong>audeo</strong></span> 
     </span>
     <span class='ocr_line' id='line_1_15' title="bbox 445 1985 2739 2070; baseline 0.001 -20"><span class='ocrx_word' id='word_1_118' title='bbox 445 1988 510 2050; x_wconf 90' lang='lat' dir='ltr'><strong>et</strong></span> <span class='ocrx_word' id='word_1_119' title='bbox 557 2005 704 2049; x_wconf 89' lang='lat' dir='ltr'><strong>sane</strong></span> <span class='ocrx_word' id='word_1_120' title='bbox 754 2004 934 2069; x_wconf 88' lang='lat' dir='ltr'><strong>spero</strong></span> <span class='ocrx_word' id='word_1_121' title='bbox 982 1985 1048 2048; x_wconf 91' lang='lat' dir='ltr'><strong>id</strong></span> <span class='ocrx_word' id='word_1_122' title='bbox 1093 1989 1158 2051; x_wconf 89' lang='lat' dir='ltr'><strong>te</strong></span> <span class='ocrx_word' id='word_1_123' title='bbox 1205 1987 1546 2066; x_wconf 85' lang='lat' dir='ltr'><strong>facturum,</strong></span> <span class='ocrx_word' id='word_1_124' title='bbox 1598 1988 1764 2070; x_wconf 91' lang='lat' dir='ltr'><strong>quod</strong></span> <span class='ocrx_word' id='word_1_125' title='bbox 1803 1987 2104 2053; x_wconf 87' lang='lat' dir='ltr'><strong>membris</strong></span> <span class='ocrx_word' id='word_1_126' title='bbox 2146 1988 2449 2052; x_wconf 89' lang='lat' dir='ltr'><strong>ecclesiae</strong></span> <span class='ocrx_word' id='word_1_127' title='bbox 2488 1988 2739 2053; x_wconf 82' lang='lat' dir='ltr'><strong>salubre</strong></span> 
     </span>
     <span class='ocr_line' id='line_1_16' title="bbox 443 2092 2825 2176; baseline -0.002 -20"><span class='ocrx_word' id='word_1_128' title='bbox 443 2092 853 2176; x_wconf 84' lang='lat' dir='ltr'><strong>perspexeris.</strong></span> <span class='ocrx_word' id='word_1_129' title='bbox 903 2111 1104 2159; x_wconf 87' lang='lat' dir='ltr'><strong>amen.</strong></span> <span class='ocrx_word' id='word_1_130' title='bbox 2776 2111 2825 2152; x_wconf 68' lang='grc' dir='ltr'><strong>ιε</strong></span> 
     </span>
    </p>
   </div>
   <div class='ocr_carea' id='block_1_3' title="bbox 701 2287 2477 2483">
    <p class='ocr_par' dir='ltr' id='par_1_4' title="bbox 701 2287 2477 2483">
     <span class='ocr_line' id='line_1_17' title="bbox 1501 2287 1666 2352; baseline 0.012 -2"><span class='ocrx_word' id='word_1_131' title='bbox 1501 2287 1666 2352; x_wconf 88' lang='lat' dir='ltr'><strong>LXI.</strong></span> 
     </span>
     <span class='ocr_line' id='line_1_18' title="bbox 701 2423 2477 2483; baseline 0.003 -5"><span class='ocrx_word' id='word_1_132' title='bbox 701 2423 1218 2480; x_wconf 81' lang='lat' dir='ltr'>DILECTISSIMO</span> <span class='ocrx_word' id='word_1_133' title='bbox 1257 2425 1522 2480; x_wconf 83' lang='lat' dir='ltr'>FRATRI</span> <span class='ocrx_word' id='word_1_134' title='bbox 1562 2424 1960 2481; x_wconf 86' lang='lat' dir='ltr'>THEODORO</span> <span class='ocrx_word' id='word_1_135' title='bbox 1998 2425 2477 2483; x_wconf 83' lang='lat' dir='ltr'><strong>AUGUSTINUS.</strong></span> 
     </span>
    </p>
   </div>
   <div class='ocr_carea' id='block_1_4' title="bbox 441 2550 2823 2848">
    <p class='ocr_par' dir='ltr' id='par_1_5' title="bbox 441 2550 2823 2848">
     <span class='ocr_line' id='line_1_19' title="bbox 533 2550 2737 2637; baseline 0.001 -22"><span class='ocrx_word' id='word_1_136' title='bbox 533 2550 688 2616; x_wconf 87' lang='lat' dir='ltr'><strong>Cum</strong></span> <span class='ocrx_word' id='word_1_137' title='bbox 737 2551 1167 2616; x_wconf 90' lang='lat' dir='ltr'><strong>beniuolentia</strong></span> <span class='ocrx_word' id='word_1_138' title='bbox 1213 2555 1326 2617; x_wconf 85' lang='lat' dir='ltr'><strong>tua</strong></span> <span class='ocrx_word' id='word_1_139' title='bbox 1371 2571 1623 2618; x_wconf 90' lang='lat' dir='ltr'><strong>mecum</strong></span> <span class='ocrx_word' id='word_1_140' title='bbox 1669 2553 2053 2635; x_wconf 87' lang='lat' dir='ltr'><strong>loqueretur,</strong></span> <span class='ocrx_word' id='word_1_141' title='bbox 2103 2573 2227 2637; x_wconf 91' lang='lat' dir='ltr'><strong>quo</strong></span> <span class='ocrx_word' id='word_1_142' title='bbox 2276 2554 2463 2620; x_wconf 91' lang='lat' dir='ltr'><strong>modo</strong></span> <span class='ocrx_word' id='word_1_143' title='bbox 2521 2573 2737 2620; x_wconf 88' lang='lat' dir='ltr'><strong>susce-</strong></span> 
     </span>
     <span class='ocr_line' id='line_1_20' title="bbox 442 2658 2731 2742; baseline 0.002 -21"><span class='ocrx_word' id='word_1_144' title='bbox 442 2658 722 2740; x_wconf 86' lang='lat' dir='ltr'><strong>perimus</strong></span> <span class='ocrx_word' id='word_1_145' title='bbox 771 2658 1031 2724; x_wconf 88' lang='lat' dir='ltr'><strong>clericos</strong></span> <span class='ocrx_word' id='word_1_146' title='bbox 1079 2679 1152 2724; x_wconf 82' lang='lat' dir='ltr'><strong>ex</strong></span> <span class='ocrx_word' id='word_1_147' title='bbox 1195 2664 1373 2742; x_wconf 85' lang='lat' dir='ltr'><strong>parte</strong></span> <span class='ocrx_word' id='word_1_148' title='bbox 1417 2659 1673 2738; x_wconf 86' lang='lat' dir='ltr'><strong>Donati,</strong></span> <span class='ocrx_word' id='word_1_149' title='bbox 1731 2661 1787 2724; x_wconf 91' lang='lat' dir='ltr'><strong>si</strong></span> <span class='ocrx_word' id='word_1_150' title='bbox 1841 2661 2163 2726; x_wconf 88' lang='lat' dir='ltr'><strong>noluerint</strong></span> <span class='ocrx_word' id='word_1_151' title='bbox 2218 2680 2357 2727; x_wconf 88' lang='lat' dir='ltr'><strong>esse</strong></span> <span class='ocrx_word' id='word_1_152' title='bbox 2415 2662 2731 2740; x_wconf 87' lang='lat' dir='ltr'><strong>catholici,</strong></span> 
     </span>
     <span class='ocr_line' id='line_1_21' title="bbox 441 2764 2823 2848; baseline 0 -20"><span class='ocrx_word' id='word_1_153' title='bbox 441 2765 684 2846; x_wconf 84' lang='lat' dir='ltr'><strong>placuit</strong></span> <span class='ocrx_word' id='word_1_154' title='bbox 737 2764 894 2830; x_wconf 92' lang='lat' dir='ltr'><strong>mihi</strong></span> <span class='ocrx_word' id='word_1_155' title='bbox 948 2765 1130 2842; x_wconf 85' lang='lat' dir='ltr'><strong>illud,</strong></span> <span class='ocrx_word' id='word_1_156' title='bbox 1189 2765 1357 2848; x_wconf 90' lang='lat' dir='ltr'><strong>quod</strong></span> <span class='ocrx_word' id='word_1_157' title='bbox 1414 2766 1531 2830; x_wconf 90' lang='lat' dir='ltr'><strong>tibi</strong></span> <span class='ocrx_word' id='word_1_158' title='bbox 1587 2766 1903 2848; x_wconf 88' lang='lat' dir='ltr'><strong>respondi,</strong></span> <span class='ocrx_word' id='word_1_159' title='bbox 1951 2767 2143 2832; x_wconf 87' lang='lat' dir='ltr'><strong>etiam</strong></span> <span class='ocrx_word' id='word_1_160' title='bbox 2188 2769 2307 2833; x_wconf 89' lang='lat' dir='ltr'><strong>hac</strong></span> <span class='ocrx_word' id='word_1_161' title='bbox 2352 2768 2432 2834; x_wconf 88' lang='lat' dir='ltr'><strong>ad</strong></span> <span class='ocrx_word' id='word_1_162' title='bbox 2474 2772 2539 2834; x_wconf 90' lang='lat' dir='ltr'><strong>te</strong></span> <span class='ocrx_word' id='word_1_163' title='bbox 2587 2768 2733 2832; x_wconf 87' lang='lat' dir='ltr'><strong>data</strong></span> <span class='ocrx_word' id='word_1_164' title='bbox 2768 2791 2823 2830; x_wconf 74' lang='lat' dir='ltr'><strong>so</strong></span> 
     </span>
    </p>
   </div>
   <div class='ocr_carea' id='block_1_5' title="bbox 437 3043 2735 3552">
    <p class='ocr_par' dir='ltr' id='par_1_6' title="bbox 437 3043 2735 3552">
     <span class='ocr_line' id='line_1_22' title="bbox 513 3043 2731 3115; baseline 0.002 -19"><span class='ocrx_word' id='word_1_165' title='bbox 513 3044 546 3096; x_wconf 85' lang='lat'>2</span> <span class='ocrx_word' id='word_1_166' title='bbox 586 3059 670 3106; x_wconf 84' lang='lat' dir='ltr'><strong>au,</strong></span> <span class='ocrx_word' id='word_1_167' title='bbox 707 3046 838 3096; x_wconf 79' lang='lat' dir='ltr'><strong>m.2</strong></span> <span class='ocrx_word' id='word_1_168' title='bbox 874 3047 968 3096; x_wconf 85' lang='lat' dir='ltr'><strong>aut</strong></span> <span class='ocrx_word' id='word_1_169' title='bbox 1004 3044 1060 3097; x_wconf 93' lang='lat' dir='ltr'><em>P</em></span> <span class='ocrx_word' id='word_1_170' title='bbox 1180 3045 1212 3098; x_wconf 85' lang='lat'><strong>3</strong></span> <span class='ocrx_word' id='word_1_171' title='bbox 1252 3043 1398 3114; x_wconf 87' lang='lat' dir='ltr'><strong>quod</strong></span> <span class='ocrx_word' id='word_1_172' title='bbox 1435 3061 1536 3098; x_wconf 82' lang='lat' dir='ltr'><strong>om.</strong></span> <span class='ocrx_word' id='word_1_173' title='bbox 1579 3045 1649 3098; x_wconf 85' lang='lat' dir='ltr'><strong>lr</strong></span> <span class='ocrx_word' id='word_1_174' title='bbox 1767 3046 1803 3099; x_wconf 88' lang='lat'>4</span> <span class='ocrx_word' id='word_1_175' title='bbox 1843 3061 1965 3099; x_wconf 90' lang='lat' dir='ltr'><strong>cum</strong></span> <span class='ocrx_word' id='word_1_176' title='bbox 2000 3045 2370 3115; x_wconf 80' lang='lat' dir='ltr'><strong>regionalibus</strong></span> <span class='ocrx_word' id='word_1_177' title='bbox 2406 3047 2463 3100; x_wconf 89' lang='lat' dir='ltr'><strong><em>P</em></strong></span> <span class='ocrx_word' id='word_1_178' title='bbox 2578 3047 2611 3101; x_wconf 89' lang='grc'><strong>5</strong></span> <span class='ocrx_word' id='word_1_179' title='bbox 2648 3064 2731 3101; x_wconf 84' lang='lat' dir='ltr'><strong>re-</strong></span> 
     </span>
     <span class='ocr_line' id='line_1_23' title="bbox 441 3131 2733 3204; baseline 0.003 -21"><span class='ocrx_word' id='word_1_180' title='bbox 441 3131 668 3184; x_wconf 81' lang='lat' dir='ltr'><strong>cessisse</strong></span> <span class='ocrx_word' id='word_1_181' title='bbox 703 3131 880 3185; x_wconf 87' lang='lat' dir='ltr'><em>PP¹S</em></span> <span class='ocrx_word' id='word_1_182' title='bbox 913 3133 1002 3202; x_wconf 89' lang='lat' dir='ltr'><strong>(m.</strong></span> <span class='ocrx_word' id='word_1_183' title='bbox 1025 3135 1064 3185; x_wconf 82' lang='lat'><strong><em>2</em></strong></span> <span class='ocrx_word' id='word_1_184' title='bbox 1101 3133 1184 3186; x_wconf 81' lang='lat' dir='ltr'><strong>ita</strong></span> <span class='ocrx_word' id='word_1_185' title='bbox 1219 3133 1530 3200; x_wconf 84' lang='lat' dir='ltr'><strong>recessisse)</strong></span> <span class='ocrx_word' id='word_1_186' title='bbox 1573 3131 1856 3187; x_wconf 80' lang='lat' dir='ltr'><strong>HP²a1r</strong></span> <span class='ocrx_word' id='word_1_187' title='bbox 1990 3137 2023 3188; x_wconf 87' lang='lat'>6</span> <span class='ocrx_word' id='word_1_188' title='bbox 2064 3134 2417 3189; x_wconf 78' lang='lat' dir='ltr'><strong>deseruerunt</strong></span> <span class='ocrx_word' id='word_1_189' title='bbox 2455 3140 2569 3204; x_wconf 80' lang='lat' dir='ltr'><strong>(pr.</strong></span> <span class='ocrx_word' id='word_1_190' title='bbox 2604 3151 2634 3188; x_wconf 89' lang='lat' dir='ltr'><strong>r</strong></span> <span class='ocrx_word' id='word_1_191' title='bbox 2667 3136 2733 3189; x_wconf 76' lang='lat' dir='ltr'><strong>in</strong></span> 
     </span>
     <span class='ocr_line' id='line_1_24' title="bbox 437 3219 2733 3290; baseline 0.003 -18"><span class='ocrx_word' id='word_1_192' title='bbox 437 3235 555 3272; x_wconf 80' lang='lat' dir='ltr'><strong>ras.</strong></span> <span class='ocrx_word' id='word_1_193' title='bbox 593 3237 662 3275; x_wconf 84' lang='lat' dir='ltr'><strong>m.</strong></span> <span class='ocrx_word' id='word_1_194' title='bbox 684 3219 743 3290; x_wconf 82' lang='lat'><strong>2)</strong></span> <span class='ocrx_word' id='word_1_195' title='bbox 780 3220 836 3273; x_wconf 93' lang='lat' dir='ltr'><em>P</em></span> <span class='ocrx_word' id='word_1_196' title='bbox 941 3221 971 3273; x_wconf 85' lang='lat'><strong>7</strong></span> <span class='ocrx_word' id='word_1_197' title='bbox 1011 3221 1394 3284; x_wconf 76' lang='lat' dir='ltr'><strong>retinentibuS‚</strong></span> <span class='ocrx_word' id='word_1_198' title='bbox 1433 3239 1502 3275; x_wconf 86' lang='lat' dir='ltr'><strong>m.</strong></span> <span class='ocrx_word' id='word_1_199' title='bbox 1525 3225 1564 3276; x_wconf 80' lang='lat'><strong><em>2</em></strong></span> <span class='ocrx_word' id='word_1_200' title='bbox 1601 3223 1967 3277; x_wconf 83' lang='lat' dir='ltr'><strong>renitentibus</strong></span> <span class='ocrx_word' id='word_1_201' title='bbox 1997 3223 2043 3278; x_wconf 83' lang='lat' dir='ltr'><strong><em>S</em></strong></span> <span class='ocrx_word' id='word_1_202' title='bbox 2136 3225 2170 3278; x_wconf 87' lang='lat'>8</span> <span class='ocrx_word' id='word_1_203' title='bbox 2209 3225 2575 3288; x_wconf 83' lang='lat' dir='ltr'><strong>statuerimus,</strong></span> <span class='ocrx_word' id='word_1_204' title='bbox 2600 3242 2670 3277; x_wconf 84' lang='lat' dir='ltr'><strong>m.</strong></span> <span class='ocrx_word' id='word_1_205' title='bbox 2692 3227 2733 3278; x_wconf 82' lang='lat'><strong><em>2</em></strong></span> 
     </span>
     <span class='ocr_line' id='line_1_25' title="bbox 439 3308 2727 3379; baseline 0.003 -19"><span class='ocrx_word' id='word_1_206' title='bbox 439 3311 801 3362; x_wconf 82' lang='lat' dir='ltr'><strong>statueremus</strong></span> <span class='ocrx_word' id='word_1_207' title='bbox 840 3308 887 3363; x_wconf 80' lang='lat' dir='ltr'><strong><em>S</em></strong></span> <span class='ocrx_word' id='word_1_208' title='bbox 991 3310 1024 3362; x_wconf 89' lang='grc'><strong>9</strong></span> <span class='ocrx_word' id='word_1_209' title='bbox 1063 3311 1318 3379; x_wconf 81' lang='lat' dir='ltr'><strong>superbia</strong></span> <span class='ocrx_word' id='word_1_210' title='bbox 1353 3311 1484 3364; x_wconf 82' lang='lat' dir='ltr'><strong>PP²</strong></span> <span class='ocrx_word' id='word_1_211' title='bbox 1598 3311 1663 3366; x_wconf 88' lang='grc'><strong>10</strong></span> <span class='ocrx_word' id='word_1_212' title='bbox 1700 3316 1817 3376; x_wconf 88' lang='lat' dir='ltr'><strong>unt,</strong></span> <span class='ocrx_word' id='word_1_213' title='bbox 1854 3315 1985 3366; x_wconf 80' lang='lat' dir='ltr'><strong>m.2</strong></span> <span class='ocrx_word' id='word_1_214' title='bbox 2022 3313 2143 3366; x_wconf 89' lang='lat' dir='ltr'><strong>uult</strong></span> <span class='ocrx_word' id='word_1_215' title='bbox 2170 3313 2245 3366; x_wconf 85' lang='lat' dir='ltr'><strong>P²</strong></span> <span class='ocrx_word' id='word_1_216' title='bbox 2386 3315 2444 3366; x_wconf 91' lang='lat' dir='ltr'><strong>in</strong></span> <span class='ocrx_word' id='word_1_217' title='bbox 2474 3329 2575 3368; x_wconf 88' lang='lat' dir='ltr'><strong>om.</strong></span> <span class='ocrx_word' id='word_1_218' title='bbox 2606 3314 2727 3368; x_wconf 79' lang='lat' dir='ltr'><strong>edd.</strong></span> 
     </span>
     <span class='ocr_line' id='line_1_26' title="bbox 443 3397 2735 3472; baseline 0.004 -23"><span class='ocrx_word' id='word_1_219' title='bbox 443 3397 508 3449; x_wconf 90' lang='lat'><strong>13</strong></span> <span class='ocrx_word' id='word_1_220' title='bbox 546 3400 673 3450; x_wconf 81' lang='lat' dir='ltr'><strong>tuae</strong></span> <span class='ocrx_word' id='word_1_221' title='bbox 710 3412 811 3450; x_wconf 85' lang='lat' dir='ltr'><strong>om.</strong></span> <span class='ocrx_word' id='word_1_222' title='bbox 850 3397 969 3452; x_wconf 80' lang='lat' dir='ltr'><strong>edd.</strong></span> <span class='ocrx_word' id='word_1_223' title='bbox 1133 3399 1485 3470; x_wconf 78' lang='lat' dir='ltr'><strong>caritateque,</strong></span> <span class='ocrx_word' id='word_1_224' title='bbox 1523 3417 1592 3454; x_wconf 86' lang='lat' dir='ltr'><strong>m.</strong></span> <span class='ocrx_word' id='word_1_225' title='bbox 1614 3404 1653 3454; x_wconf 82' lang='lat'><strong><em>2</em></strong></span> <span class='ocrx_word' id='word_1_226' title='bbox 1692 3401 2014 3470; x_wconf 84' lang='lat' dir='ltr'><strong>caritatique</strong></span> <span class='ocrx_word' id='word_1_227' title='bbox 2048 3401 2125 3454; x_wconf 84' lang='lat' dir='ltr'><strong>P¹</strong></span> <span class='ocrx_word' id='word_1_228' title='bbox 2166 3403 2487 3472; x_wconf 83' lang='lat' dir='ltr'><strong>caritatique</strong></span> <span class='ocrx_word' id='word_1_229' title='bbox 2524 3407 2650 3457; x_wconf 86' lang='lat' dir='ltr'><strong>tuae</strong></span> <span class='ocrx_word' id='word_1_230' title='bbox 2686 3403 2735 3458; x_wconf 78' lang='lat' dir='ltr'><em>S</em></span> 
     </span>
     <span class='ocr_line' id='line_1_27' title="bbox 437 3483 1552 3552; baseline 0.004 -14"><span class='ocrx_word' id='word_1_231' title='bbox 437 3483 558 3538; x_wconf 82' lang='lat' dir='ltr'><strong>edd.</strong></span> <span class='ocrx_word' id='word_1_232' title='bbox 589 3491 815 3552; x_wconf 77' lang='lat' dir='ltr'><strong>praeter</strong></span> <span class='ocrx_word' id='word_1_233' title='bbox 844 3503 881 3539; x_wconf 87' lang='lat' dir='ltr'><strong>a</strong></span> <span class='ocrx_word' id='word_1_234' title='bbox 993 3487 1058 3541; x_wconf 89' lang='lat'><strong>15</strong></span> <span class='ocrx_word' id='word_1_235' title='bbox 1097 3504 1252 3540; x_wconf 82' lang='lat' dir='ltr'><strong>amen</strong></span> <span class='ocrx_word' id='word_1_236' title='bbox 1291 3505 1392 3542; x_wconf 82' lang='lat' dir='ltr'><strong>om.</strong></span> <span class='ocrx_word' id='word_1_237' title='bbox 1431 3489 1552 3543; x_wconf 82' lang='lat' dir='ltr'><strong>cdd.</strong></span> 
     </span>
    </p>
   </div>
   <div class='ocr_carea' id='block_1_6' title="bbox 863 3637 2278 4052">
    <p class='ocr_par' dir='ltr' id='par_1_7' title="bbox 870 3637 1945 3696">
     <span class='ocr_line' id='line_1_28' title="bbox 870 3637 1945 3696; baseline 0.004 -6"><span class='ocrx_word' id='word_1_238' title='bbox 870 3637 921 3690; x_wconf 82' lang='lat' dir='ltr'><strong><em>T</em></strong></span> <span class='ocrx_word' id='word_1_239' title='bbox 972 3661 1042 3683; x_wconf 92' lang='lat'><strong><em>=</em></strong></span> <span class='ocrx_word' id='word_1_240' title='bbox 1081 3639 1197 3695; x_wconf 82' lang='lat' dir='ltr'><strong>cod.</strong></span> <span class='ocrx_word' id='word_1_241' title='bbox 1244 3639 1526 3694; x_wconf 72' lang='lat' dir='ltr'><strong>Trecensis</strong></span> <span class='ocrx_word' id='word_1_242' title='bbox 1567 3643 1648 3692; x_wconf 78' lang='lat'><strong>40</strong></span> <span class='ocrx_word' id='word_1_243' title='bbox 1680 3657 1722 3694; x_wconf 80' lang='grc' dir='ltr'><strong>ε.</strong></span> <span class='ocrx_word' id='word_1_244' title='bbox 1761 3641 1945 3696; x_wconf 81' lang='lat' dir='ltr'><strong><em>XIII.</em></strong></span> 
     </span>
    </p>

    <p class='ocr_par' dir='ltr' id='par_1_8' title="bbox 863 3725 2278 3876">
     <span class='ocr_line' id='line_1_29' title="bbox 863 3725 2278 3786; baseline 0.004 -7"><span class='ocrx_word' id='word_1_245' title='bbox 863 3725 930 3779; x_wconf 89' lang='lat' dir='ltr'><em>H</em></span> <span class='ocrx_word' id='word_1_246' title='bbox 973 3752 1039 3772; x_wconf 90' lang='lat'><strong><em>=</em></strong></span> <span class='ocrx_word' id='word_1_247' title='bbox 1079 3728 1196 3782; x_wconf 83' lang='lat' dir='ltr'><strong>cod.</strong></span> <span class='ocrx_word' id='word_1_248' title='bbox 1235 3729 1386 3782; x_wconf 67' lang='lat' dir='ltr'><strong>,Mu-s.</strong></span> <span class='ocrx_word' id='word_1_249' title='bbox 1423 3730 1572 3782; x_wconf 77' lang='lat' dir='ltr'><strong>Brit.</strong></span> <span class='ocrx_word' id='word_1_250' title='bbox 1614 3729 1782 3785; x_wconf 80' lang='lat' dir='ltr'><strong>Harl.</strong></span> <span class='ocrx_word' id='word_1_251' title='bbox 1824 3733 1979 3784; x_wconf 82' lang='lat'><strong>3107</strong></span> <span class='ocrx_word' id='word_1_252' title='bbox 2011 3747 2054 3786; x_wconf 79' lang='grc' dir='ltr'><strong>ε.</strong></span> <span class='ocrx_word' id='word_1_253' title='bbox 2094 3731 2278 3786; x_wconf 87' lang='lat' dir='ltr'><strong>XIII.</strong></span> 
     </span>
     <span class='ocr_line' id='line_1_30' title="bbox 864 3814 2118 3876; baseline 0.004 -7"><span class='ocrx_word' id='word_1_254' title='bbox 864 3814 919 3869; x_wconf 81' lang='lat' dir='ltr'><strong><em>R</em></strong></span> <span class='ocrx_word' id='word_1_255' title='bbox 970 3839 1036 3862; x_wconf 86' lang='lat'><strong><em>=</em></strong></span> <span class='ocrx_word' id='word_1_256' title='bbox 1076 3817 1192 3871; x_wconf 80' lang='lat' dir='ltr'><strong>cod.</strong></span> <span class='ocrx_word' id='word_1_257' title='bbox 1243 3817 1555 3870; x_wconf 78' lang='lat' dir='ltr'><strong>Vaticanus</strong></span> <span class='ocrx_word' id='word_1_258' title='bbox 1598 3821 1713 3870; x_wconf 72' lang='lat'><strong>494</strong></span> <span class='ocrx_word' id='word_1_259' title='bbox 1749 3835 1791 3872; x_wconf 83' lang='lat'><strong>8.</strong></span> <span class='ocrx_word' id='word_1_260' title='bbox 1830 3819 2005 3873; x_wconf 86' lang='lat' dir='ltr'><strong><em>XIII</em></strong></span> <span class='ocrx_word' id='word_1_261' title='bbox 2037 3837 2118 3876; x_wconf 82' lang='lat' dir='ltr'><strong>ex.</strong></span> 
     </span>
    </p>

    <p class='ocr_par' dir='ltr' id='par_1_9' title="bbox 873 3902 1963 3962">
     <span class='ocr_line' id='line_1_31' title="bbox 873 3902 1963 3962; baseline 0.008 -10"><span class='ocrx_word' id='word_1_262' title='bbox 873 3902 924 3952; x_wconf 91' lang='lat' dir='ltr'><em>V</em></span> <span class='ocrx_word' id='word_1_263' title='bbox 971 3928 1040 3950; x_wconf 92' lang='lat'>=</span> <span class='ocrx_word' id='word_1_264' title='bbox 1078 3907 1194 3959; x_wconf 81' lang='lat' dir='ltr'><strong>cod.</strong></span> <span class='ocrx_word' id='word_1_265' title='bbox 1245 3906 1555 3960; x_wconf 72' lang='lat' dir='ltr'><strong>Vaticanus</strong></span> <span class='ocrx_word' id='word_1_266' title='bbox 1598 3909 1719 3960; x_wconf 82' lang='lat'><strong>495</strong></span> <span class='ocrx_word' id='word_1_267' title='bbox 1751 3923 1794 3961; x_wconf 81' lang='grc' dir='ltr'><strong>ε.</strong></span> <span class='ocrx_word' id='word_1_268' title='bbox 1833 3907 1963 3962; x_wconf 91' lang='lat' dir='ltr'><strong>XV.</strong></span> 
     </span>
    </p>

    <p class='ocr_par' dir='ltr' id='par_1_10' title="bbox 869 3991 1957 4052">
     <span class='ocr_line' id='line_1_32' title="bbox 869 3991 1957 4052; baseline 0.006 -6"><span class='ocrx_word' id='word_1_269' title='bbox 869 3991 924 4046; x_wconf 89' lang='lat' dir='ltr'><em>U</em></span> <span class='ocrx_word' id='word_1_270' title='bbox 968 4017 1036 4040; x_wconf 85' lang='lat'><strong><em>=</em></strong></span> <span class='ocrx_word' id='word_1_271' title='bbox 1075 3995 1192 4050; x_wconf 79' lang='lat' dir='ltr'><strong>cod.</strong></span> <span class='ocrx_word' id='word_1_272' title='bbox 1242 3995 1550 4049; x_wconf 72' lang='lat' dir='ltr'><strong>Vaticanus</strong></span> <span class='ocrx_word' id='word_1_273' title='bbox 1589 3999 1711 4049; x_wconf 78' lang='lat'><strong>499</strong></span> <span class='ocrx_word' id='word_1_274' title='bbox 1744 4013 1787 4051; x_wconf 66' lang='grc' dir='ltr'><strong>ε,</strong></span> <span class='ocrx_word' id='word_1_275' title='bbox 1824 3997 1957 4052; x_wconf 88' lang='lat' dir='ltr'><strong>XV.</strong></span> 
     </span>
    </p>
   </div>
   <div class='ocr_carea' id='block_1_7' title="bbox 433 4141 2721 4392">
    <p class='ocr_par' dir='ltr' id='par_1_11' title="bbox 433 4141 2721 4392">
     <span class='ocr_line' id='line_1_33' title="bbox 511 4141 2721 4220; baseline 0.005 -26"><span class='ocrx_word' id='word_1_276' title='bbox 511 4141 573 4194; x_wconf 89' lang='lat'><strong>17</strong></span> <span class='ocrx_word' id='word_1_277' title='bbox 610 4142 983 4198; x_wconf 86' lang='lat' dir='ltr'><strong>Dilectissimo</strong></span> <span class='ocrx_word' id='word_1_278' title='bbox 1023 4147 1079 4197; x_wconf 86' lang='lat' dir='ltr'><strong>et</strong></span> <span class='ocrx_word' id='word_1_279' title='bbox 1113 4145 1430 4200; x_wconf 85' lang='lat' dir='ltr'><strong>honorando</strong></span> <span class='ocrx_word' id='word_1_280' title='bbox 1467 4147 1625 4200; x_wconf 84' lang='lat' dir='ltr'><strong>fratri</strong></span> <span class='ocrx_word' id='word_1_281' title='bbox 1662 4147 1941 4202; x_wconf 87' lang='lat' dir='ltr'><strong>Theodoro</strong></span> <span class='ocrx_word' id='word_1_282' title='bbox 1979 4149 2317 4218; x_wconf 86' lang='lat' dir='ltr'><strong>Augustinus</strong></span> <span class='ocrx_word' id='word_1_283' title='bbox 2354 4149 2721 4220; x_wconf 83' lang='lat' dir='ltr'><strong>episcopusin</strong></span> 
     </span>
     <span class='ocr_line' id='line_1_34' title="bbox 435 4229 2719 4310; baseline 0.004 -26"><span class='ocrx_word' id='word_1_284' title='bbox 435 4229 652 4284; x_wconf 81' lang='lat' dir='ltr'><strong>domino</strong></span> <span class='ocrx_word' id='word_1_285' title='bbox 693 4231 922 4285; x_wconf 85' lang='lat' dir='ltr'><strong>salutem</strong></span> <span class='ocrx_word' id='word_1_286' title='bbox 953 4249 1006 4285; x_wconf 83' lang='lat' dir='ltr'><strong>m</strong></span> <span class='ocrx_word' id='word_1_287' title='bbox 1109 4233 1172 4286; x_wconf 90' lang='grc'><strong>18</strong></span> <span class='ocrx_word' id='word_1_288' title='bbox 1213 4234 1606 4303; x_wconf 87' lang='lat' dir='ltr'><strong>susciperemus</strong></span> <span class='ocrx_word' id='word_1_289' title='bbox 1636 4252 1689 4288; x_wconf 90' lang='lat' dir='ltr'><strong>m</strong></span> <span class='ocrx_word' id='word_1_290' title='bbox 1799 4239 1863 4290; x_wconf 88' lang='lat'><strong>19</strong></span> <span class='ocrx_word' id='word_1_291' title='bbox 1902 4238 2077 4306; x_wconf 85' lang='lat' dir='ltr'><strong>parte]</strong></span> <span class='ocrx_word' id='word_1_292' title='bbox 2118 4243 2211 4308; x_wconf 84' lang='lat' dir='ltr'><strong>pte</strong></span> <span class='ocrx_word' id='word_1_293' title='bbox 2250 4237 2359 4292; x_wconf 82' lang='lat' dir='ltr'><strong>VU</strong></span> <span class='ocrx_word' id='word_1_294' title='bbox 2454 4241 2523 4294; x_wconf 69' lang='grc' dir='ltr'><strong>ΞΟ</strong></span> <span class='ocrx_word' id='word_1_295' title='bbox 2558 4239 2719 4310; x_wconf 85' lang='lat' dir='ltr'><strong>illud]</strong></span> 
     </span>
     <span class='ocr_line' id='line_1_35' title="bbox 433 4319 1957 4392; baseline 0.005 -21"><span class='ocrx_word' id='word_1_296' title='bbox 433 4319 518 4372; x_wconf 93' lang='lat' dir='ltr'><strong>illi</strong></span> <span class='ocrx_word' id='word_1_297' title='bbox 561 4319 615 4372; x_wconf 84' lang='lat' dir='ltr'><strong><em>T</em></strong></span> <span class='ocrx_word' id='word_1_298' title='bbox 751 4320 852 4374; x_wconf 89' lang='lat' dir='ltr'><strong>hec</strong></span> <span class='ocrx_word' id='word_1_299' title='bbox 899 4320 949 4374; x_wconf 89' lang='lat' dir='ltr'><strong>V</strong></span> <span class='ocrx_word' id='word_1_300' title='bbox 982 4320 1115 4376; x_wconf 85' lang='lat' dir='ltr'><strong>haec</strong></span> <span class='ocrx_word' id='word_1_301' title='bbox 1159 4321 1214 4378; x_wconf 92' lang='lat' dir='ltr'><em>U</em></span> <span class='ocrx_word' id='word_1_302' title='bbox 1354 4320 1504 4392; x_wconf 84' lang='lat' dir='ltr'><strong>data]</strong></span> <span class='ocrx_word' id='word_1_303' title='bbox 1547 4323 1676 4377; x_wconf 81' lang='lat' dir='ltr'><strong>data</strong></span> <span class='ocrx_word' id='word_1_304' title='bbox 1714 4329 1799 4377; x_wconf 82' lang='lat' dir='ltr'><strong>est</strong></span> <span class='ocrx_word' id='word_1_305' title='bbox 1848 4325 1957 4379; x_wconf 84' lang='lat' dir='ltr'><strong>VU</strong></span> 
     </span>
    </p>
   </div>
  </div>
 </body>
</html>
