3184 4959
541 423 628 486 84
1254 413 1308 468 S.
1364 412 1641 467 Aureli
1695 411 2133 482 Augustini

538 614 838 678 nouimus
892 611 1174 695 nihilque
1228 609 1574 692 petendum
1632 613 1749 686 est,
1805 607 1929 672 nisi
1984 609 2058 672 ut
2112 610 2175 672 te
2233 625 2342 690 pro
2398 607 2513 672 illo
2570 607 2833 670 adiuuet

541 720 854 786 dominus,
894 695 1109 781 amen.

1591 901 1787 966 XLII.

540 1044 850 1100 DOMINIS
879 1025 1422 1098 'LAUDABILIBUS
1449 1041 1533 1095 IN
1561 1039 1871 1096 CHRISTO
1904 1039 2400 1111 SANCTISSIMIS
2430 1043 2835 1100 FRATRIBUS

602 1132 923 1189 PAULINO
954 1133 1043 1186 ET
1074 1129 1481 1186 THERASIAE
1509 1127 1971 1184 AUGUSTINUS
1998 1129 2079 1184 IN
2106 1129 2399 1185 DOMINO
2430 1131 2781 1191 SALUTEM.
2898 1163 2925 1201 5

632 1259 804 1325 Num
852 1257 1044 1324 etiam
1093 1257 1213 1322 hoc
1263 1255 1498 1339 sperari
1546 1258 1659 1319 aut
1696 1257 2010 1337 expectari
2046 1259 2287 1339 posset,
2325 1261 2399 1322 ut
2434 1278 2547 1341 per
2582 1258 2837 1325 fratrem

547 1367 856 1433 Seuerum
901 1365 1207 1448 rescripta
1249 1363 1684 1446 flagitaremus
1731 1368 1861 1426 tam
1911 1362 2021 1426 diu
2067 1367 2197 1427 tam
2244 1364 2609 1431 ardentibus
2656 1367 2838 1432 nobis

547 1494 584 1538 a
637 1476 858 1538 uestra
913 1471 1174 1536 caritate
1230 1490 1352 1534 non
1408 1469 1696 1533 reddita?
1753 1469 1908 1551 quid
1972 1472 2089 1546 est,
2157 1471 2266 1553 qui
2336 1471 2493 1536 duas
2561 1477 2839 1538 aestates

547 1579 928 1660 easdemque
983 1578 1044 1641 in
1101 1576 1316 1640 Africa
1362 1575 1538 1640 sitire
1587 1579 1931 1660 cogamur?
1982 1575 2135 1657 quid
2182 1579 2458 1661 amplius
2506 1579 2752 1644 dicam?
2804 1599 2839 1645 o

547 1686 658 1768 qui
719 1704 822 1749 res
887 1688 1134 1748 uestras
1202 1683 1434 1747 cotidie
1503 1681 1773 1761 donatiS‚
1840 1682 2127 1747 debitum
2190 1683 2455 1751 reddite.
2522 1706 2597 1750 an
2654 1688 2838 1764 forte,
2881 1715 2933 1754 ιο

549 1791 712 1876 quod
782 1791 1090 1856 aduersus
1157 1789 1624 1855 daemonicolas
1688 1793 1753 1853 te
1818 1791 2091 1855 scribere
2154 1791 2477 1856 audieram
2532 1797 2719 1876 atque
2774 1793 2841 1857 id

549 1918 709 1981 opus
764 1899 1176 1962 uehementer
1229 1896 1580 1960 desiderare
1636 1915 1738 1960 me
1794 1896 2212 1976 ostenderam,
2266 1899 2490 1964 uolens
2545 1900 2843 1982 perficere

549 2023 622 2070 ac
677 2004 931 2069 mittere
985 2007 1160 2068 tanto
1219 2007 1502 2086 tempore
1549 2002 1629 2066 ad
1675 2021 1788 2068 nos
1838 2003 2148 2086 epistulas
2196 2004 2551 2070 distulisti?
2596 2007 2841 2071 utinam

551 2113 780 2176 saltem
827 2113 960 2174 tam
1008 2110 1220 2193 opima
1264 2128 1484 2174 mensa
1527 2109 1655 2172 iam
1704 2128 2011 2173 annosum
2060 2111 2139 2174 ab
2188 2111 2337 2176 stilo
2384 2115 2495 2178 tuo
2534 2113 2843 2177 ieiunium

549 2237 762 2282 meum
837 2217 1092 2282 tandem
1170 2217 1476 2299 accipias!
1546 2235 1707 2297 quae
1783 2216 1839 2280 si
1909 2216 2191 2281 nondum
2254 2223 2473 2302 parata
2536 2223 2656 2296 est,
2722 2239 2841 2284 non
2884 2248 2937 2288 15

556 2323 918 2388 desinemus
976 2323 1296 2406 conqueri,
1355 2323 1409 2387 si
1466 2342 1604 2398 noS‚
1661 2322 1813 2387 dum
1867 2322 2029 2388 illud
2082 2324 2355 2406 perficis,
2412 2343 2530 2389 non
2588 2325 2845 2390 interim

553 2429 783 2494 reficis,
869 2505 874 2508 ¹

645 2535 930 2602 Salutate
994 2535 1240 2613 fratreS,
1307 2535 1576 2598 maxime
1640 2535 1995 2601 Romanum
2062 2540 2127 2601 et
2178 2536 2453 2620 Agilem.
2510 2537 2678 2616 hinc,
2736 2537 2849 2620 qui

555 2642 886 2709 nobiscum
942 2645 1110 2720 sunt,
1166 2661 1285 2706 uos
1342 2641 1627 2706 salutant
1680 2645 1743 2707 ct
1794 2649 2019 2726 parum
2076 2642 2407 2708 nobiscum
2470 2644 2846 2719 irascuntur,

555 2749 611 2812 si
656 2768 879 2832 parum
927 2747 1219 2832 diligunt.
2888 2780 2943 2820 20

632 2993 657 3044 1
700 2994 786 3044 est
821 3007 942 3055 om„
981 3007 1049 3044 m.
1073 2994 1112 3044 2
1149 2990 1280 3045 add.
1319 2989 1394 3043 Ρ1

1094 3115 1150 3167 P
1204 3139 1272 3160 Ξ
1311 3115 1428 3168 cod.
1466 3114 1771 3169 Parisinus
1806 3119 1979 3170 11641
2014 3133 2057 3170 8.
2105 3117 2203 3170 VI.

1091 3204 1152 3256 E
1197 3227 1266 3250 =
1305 3201 1423 3259 cod.
1468 3201 1969 3258 Cheltenhamemzls
2006 3208 2156 3259 2173
2190 3221 2233 3258 s.
2272 3207 2346 3259 X.

736 3324 896 3378 Haec
931 3325 1171 3392 epistula
1206 3341 1273 3378 ex
1309 3325 1425 3382 cod.
1464 3325 1519 3379 P
1542 3327 1789 3394 primum
1826 3327 1979 3380 edita
2014 3332 2093 3382 est
2130 3345 2167 3382 a
2202 3329 2511 3383 Mam-inis.

631 3495 664 3548 6
702 3509 917 3562 sperare
955 3498 1054 3548 aut
1090 3499 1400 3564 exspectare
1438 3494 1551 3549 PE
1583 3495 1789 3565 sperari
1826 3498 1921 3549 aut
1959 3498 2257 3566 exspectari
2293 3514 2347 3550 m
2536 3499 2571 3553 8
2610 3485 2754 3551 tir-11:21.
2794 3497 2859 3552 E

633 3581 747 3650 qui]
791 3581 936 3650 quod
955 3599 1006 3635 m·
1151 3587 1378 3648 aetateS‚
1417 3599 1553 3638 eor-r.
1598 3588 1834 3638 aestates
1872 3585 1927 3638 P
2036 3586 2101 3640 12
2142 3585 2445 3640 desiderare
2484 3587 2594 3657 me]
2635 3585 2851 3640 deside·

559 3686 704 3723 rame
741 3670 802 3722 E
909 3672 974 3724 14
1013 3671 1235 3725 salotem
1275 3673 1418 3740 (ficit
1454 3678 1509 3740 u)
1549 3673 1605 3726 P
1748 3674 1953 3744 optima
1990 3674 2104 3727 PE
2137 3675 2391 3744 opimam
2525 3676 2590 3728 15
2627 3673 2851 3729 tandem

557 3773 664 3815 om.
683 3775 736 3812 m
880 3760 1113 3830 excipias
1131 3778 1186 3814 m
