3184 4959
272 1612 322 1651 10

183 1906 268 1968 34

271 2142 322 2183 15

268 2678 321 2719 20

1093 435 1627 503 epistularum
1684 434 1927 491 CXVIII.
2528 444 2654 509 697

363 650 552 713 quam
597 629 1002 714 polluendam
1051 629 1324 713 proferre
1361 632 1743 707 maluerunt,
1784 631 2103 697 cumiam
2146 633 2381 699 Christi
2430 655 2653 701 nomen

361 736 624 801 terrenis
663 737 878 821 regnis
917 737 1376 803 admirantibus
1423 739 1941 821 perturbatisque
1980 740 2420 819 crebresceret,
2461 762 2658 808 emer-

361 864 506 929 gere
553 847 890 927 coeperant
943 844 1022 909 ad
1074 844 1516 926 proferendum
1563 848 1751 928 atque
1799 846 2226 927 aperiendum,
2275 848 2427 931 quid
2473 850 2657 915 Plato

361 952 687 1016 sensisset.
734 955 888 1016 tunc
932 951 1169 1016 Plotini
1218 951 1438 1015 schola
1481 952 1720 1017 Romae
1774 952 1991 1016 floruit
2044 952 2389 1035 habuitque
2448 955 2659 1020 condi-

361 1059 644 1140 scipulos
697 1058 938 1122 multos
987 1057 1394 1123 acutissimos
1443 1059 1508 1122 et
1547 1057 2027 1123 sollertissimos
2068 1059 2260 1125 uiros,
2310 1061 2421 1125 sed
2460 1061 2658 1144 aliqui

361 1182 576 1227 eorum
640 1162 1033 1246 magicarum
1101 1162 1330 1226 artium
1403 1162 1772 1228 curiositate
1830 1164 2158 1245 deprauati
2224 1169 2392 1244 sunt,
2461 1167 2659 1249 aliqui

339 1269 684 1365 ‘dominum
747 1270 964 1333 Iesum
1029 1268 1354 1334 Christum
1417 1268 1624 1351 ipsius
1689 1270 1979 1334 ueritatis
2046 1273 2237 1353 atque
2311 1273 2656 1355 sapientiae

355 1376 921 1452 incommutabilis,
971 1394 1158 1458 quam
1207 1375 1594 1440 conabantur
1650 1376 1993 1459 adtingere,
2044 1382 2497 1461 cognoscentes
2553 1400 2659 1464 ge-

359 1488 525 1547 stare
589 1500 922 1565 personam
985 1482 1049 1547 in
1117 1483 1256 1547 eius
1319 1483 1619 1547 militiam
1684 1483 2088 1548 transierunt.
2164 1485 2381 1567 itaque
2448 1489 2655 1551 totum

360 1589 609 1654 culmen
683 1588 1080 1654 auctoritatis
1155 1590 1492 1672 lumenque
1559 1590 1825 1655 rationis
1886 1580 1959 1653 ⁴in
2022 1590 2135 1655 illo
2201 1610 2327 1657 uno
2395 1592 2657 1657 salutari

359 1696 606 1759 nomine
663 1700 850 1778 atque
913 1696 978 1760 i'n
1043 1715 1166 1760 una
1222 1696 1357 1760 eius
1415 1696 1690 1761 ecclesia
1743 1697 2075 1761 recreando
2136 1700 2200 1761 et
2254 1697 2654 1764 reformando

359 1802 632 1867 humano
682 1803 894 1886 generi
943 1803 1363 1867 constitutum
1411 1805 1528 1867 est.

447 1909 624 1973 Haec
677 1928 782 1973 me
829 1909 949 1973 tibi
996 1908 1356 1973 diutissime
1403 1908 1466 1972 in
1517 1908 1635 1973 hac
1686 1909 1963 1991 epistula
2006 1910 2315 1985 locutum,
2364 1910 2485 1976 etsi
2533 1911 2658 1976 alia

358 2016 520 2080 forte
583 2020 655 2080 tu
719 2016 964 2094 malleS‚
1033 2016 1284 2081 omnino
1349 2035 1472 2080 non
1538 2016 1837 2096 paenitet.
1906 2004 2203 2099 probabis
2270 2018 2439 2083 enim
2502 2019 2655 2083 haec

358 2122 584 2207 magis,
643 2126 874 2206 quanto
931 2124 1136 2207 magis
1193 2122 1256 2186 in
1311 2122 1580 2187 ueritate
1636 2122 1955 2203 proficies3
2023 2127 2086 2187 et
2141 2127 2294 2188 tunc
2358 2125 2654 2207 probabis

360 2230 697 2294 consilium
743 2250 978 2307 meum,
1029 2230 1197 2312 quod
1234 2246 1397 2293 nunc
1434 2229 1701 2293 utilitati
1749 2229 2105 2294 studiorum
2143 2233 2399 2295 tuorum
2445 2232 2655 2295 minus

359 2336 734 2401 obsecutum
798 2340 1006 2419 putas.
1075 2355 1460 2419 quamquam
1516 2335 1707 2399 etiam
1764 2336 1894 2399 illis
1950 2336 2111 2419 ipsis
2170 2337 2653 2419 quaestionibus

355 2442 486 2506 tuis
534 2461 656 2506 non
713 2442 924 2506 solum
973 2441 1354 2525 quibusdam
1411 2441 1475 2505 in
1529 2442 1647 2505 hac
1698 2442 1974 2523 epistula
2031 2441 2141 2507 sed
2190 2442 2380 2505 etiam
2430 2443 2652 2507 ceteris

355 2567 551 2630 paene
600 2549 892 2613 omnibus
941 2549 1002 2612 in
1048 2548 1208 2630 ipsis
1256 2548 1661 2626 membranis,
1720 2548 1782 2611 in
1832 2548 2063 2631 quibus
2112 2568 2215 2613 eas
2265 2549 2521 2627 misisti,
2580 2554 2655 2614 ut

355 2656 558 2737 potui,
606 2655 884 2719 breuiter
921 2654 1272 2720 adnotando
1311 2654 1759 2739 responderim.
1809 2656 1871 2719 in
1911 2655 2147 2737 quibus
2186 2676 2287 2721 me
2327 2656 2383 2720 si
2429 2676 2653 2740 parum

357 2761 566 2846 egisse
622 2764 734 2826 aut
787 2762 980 2840 aliud,
1041 2781 1228 2843 quam
1285 2762 1567 2837 uolebaS‚
1628 2762 1839 2845 egisse
1897 2762 2240 2840 arbitram,
2308 2782 2428 2827 non
2482 2766 2653 2827 recte

358 2870 626 2952 cogitas,
693 2868 783 2932 mi
840 2868 1162 2946 Dioscore‚
1230 2888 1265 2932 a
1331 2888 1455 2951 quo
1523 2887 1689 2933 nunc
1754 2868 1877 2933 ista
1939 2869 2303 2951 quaesieris,
2371 2867 2653 2935 Oratoris

357 2984 568 3039 autem
615 2975 1048 3058 librorumque
1096 2976 1172 3040 de
1211 2974 1474 3040 Oratore
1523 2994 1739 3040 omnes
1789 2976 2205 3058 praetermisi.
2256 2976 2468 3041 nescio
2511 2976 2653 3059 quis

359 3082 522 3146 enim
571 3086 844 3166 nugator
889 3084 1048 3147 mihi
1086 3080 1236 3147 'esse
1291 3082 1475 3147 uisus
1523 3102 1689 3160 sum,
1746 3084 1801 3147 si
1850 3102 1955 3147 eas
2004 3083 2397 3165 exponendas
2444 3102 2653 3167 perse-

427 3274 460 3326 3
501 3273 568 3327 ad
607 3274 956 3343 aperiendum
993 3278 1157 3345 atque
1194 3274 1574 3344 proferendum
1622 3274 1678 3329 R
1850 3274 2167 3345 pferendum
2216 3276 2267 3326 A
2416 3272 2561 3344 quod
2597 3273 2654 3328 R

355 3364 388 3415 4
417 3362 627 3431 platoni
657 3364 768 3416 ΑΡ
799 3364 952 3431 (m.2
987 3364 1246 3433 platonis)
1287 3364 1526 3434 platonis
1565 3362 1829 3417 MRP¹V
1942 3363 2153 3431 habuit,
2190 3382 2256 3416 m.
2280 3368 2309 3415 1
2344 3381 2385 3417 s.
2426 3381 2479 3415 u.
2521 3362 2651 3417 add.

357 3467 460 3521 que
495 3451 559 3502 Ρι
633 3454 664 3506 5
700 3452 900 3506 multos
937 3470 1040 3506 om.
1069 3454 1123 3507 R
1231 3452 1575 3513 acutissimis,
1617 3469 1685 3508 m.
1709 3455 1748 3504 2
1786 3452 2126 3506 acutissimos
2163 3452 2235 3504 M
2305 3454 2337 3506 6
2378 3470 2560 3505 earum
2600 3452 2656 3505 P

428 3541 628 3595 areium
673 3542 728 3594 V
864 3542 1167 3595 curiositati
1203 3541 1326 3596 MR
1365 3546 1454 3605 (m.
1477 3545 1517 3595 2
1554 3542 1889 3603 curiositate)
2043 3540 2493 3611 deprauabantur.
2532 3559 2599 3595 m..
2626 3545 2654 3593 1

353 3646 530 3697 supra
576 3630 603 3683 Ι
653 3630 942 3700 depratiati
996 3632 1096 3694 (sic
1117 3634 1154 3697 l)
1209 3635 1337 3685 sunt
1385 3631 1440 3685 R
1642 3632 1671 3684 7
1726 3630 1813 3684 dm
1866 3630 1991 3684 MA
2181 3631 2213 3684 9
2266 3630 2533 3683 malitiam
2582 3630 2657 3683 M

357 3719 424 3772 10
450 3735 556 3772 uno
586 3720 822 3773 salutare
850 3720 922 3771 M
943 3720 1102 3773 unius
1131 3720 1384 3773 salutaris
1414 3720 1466 3771 A
1544 3719 1607 3773 11
1640 3719 1715 3789 et]
1748 3722 1911 3789 atque
1941 3718 2061 3773 cdd.
2180 3718 2483 3782 formand0‚
2511 3735 2650 3772 corr.

354 3811 475 3861 m.1
509 3807 848 3861 reformando
887 3810 942 3861 P
1053 3808 1116 3861 12
1155 3808 1375 3861 humani
1415 3808 1478 3859 M
1626 3809 1863 3861 constitu
1900 3808 1955 3860 A
1994 3810 2320 3871 constutum,
2358 3824 2497 3863 corr.
2534 3824 2603 3862 m.
2626 3811 2655 3860 1

357 3898 709 3949 constitutum
749 3896 824 3950 Ρι
1008 3898 1072 3952 13
1112 3914 1196 3951 me
1235 3913 1355 3959 om„
1393 3900 1514 3949 m.1
1548 3913 1590 3949 8.
1628 3914 1684 3950 w.
1728 3896 1858 3950 add.
1895 3896 1972 3949 Pl
2187 3897 2242 3949 in
2282 3896 2381 3951 hac
2420 3895 2653 3965 epistola

357 3984 660 4038 diutissime
695 3985 752 4039 R
863 3986 928 4039 14
966 3985 1196 4039 fortasse
1235 3984 1374 4038 P²V
1473 3988 1537 4039 15
1577 3987 1839 4053 quantum
1863 3984 2043 4039 ΜΔΕ
2154 3985 2221 4039 18
2257 3985 2359 4038 hac
2396 4001 2497 4039 om.
2528 3984 2653 4037 MA

358 4075 424 4127 19
463 4074 790 4129 membranis
829 4076 1025 4144 quibus
1075 4074 1124 4125 V
1201 4075 1271 4128 20
1309 4076 1354 4127 si
1393 4092 1478 4127 me
1514 4076 1550 4141 f
1563 4074 1631 4127 12·
1648 4092 1701 4128 m
1782 4074 1845 4127 21
1891 4073 2065 4143 egisse
2096 4080 2226 4141 post
2260 4090 2449 4144 parum
2478 4090 2655 4128 om.m

355 4166 424 4218 22
464 4165 674 4233 cogitas
711 4182 812 4218 om.
862 4165 911 4217 V
1019 4165 1290 4219 orationes
1327 4164 1380 4217 A
1421 4169 1617 4228 orator,
1656 4180 1724 4217 m.
1747 4168 1787 4216 2
1826 4170 2095 4217 oratorum
2131 4162 2189 4217 R
2288 4163 2357 4215 23
2394 4162 2653 4217 librorum

357 4270 494 4323 quae
529 4254 710 4309 ΜΔΕ
745 4253 914 4307 libros
954 4258 1009 4308 et
1047 4270 1184 4322 quae
1222 4256 1350 4307 sunt
1388 4254 1524 4321 aef
1661 4253 1867 4321 omnes]
1910 4268 2095 4306 omnes
2132 4252 2477 4321 quaestiones
2517 4252 2655 4305 lrm

425 4342 759 4411 preterminsi
799 4342 944 4409 (fuit
980 4342 1028 4414 s)
1063 4342 1120 4397 R
