3184 4959
303 2141 348 2178 15

292 2672 346 2713 80

299 3204 352 3245 25

1117 429 1647 501 epistularum
1704 429 1944 485 CXVIII.
2550 436 2679 500 685

379 628 471 692 ita
523 629 618 705 ut,
686 625 742 691 si
788 644 914 709 qua
975 645 1141 691 nunc
1197 627 1422 692 erroris
1479 630 1656 693 secta
1712 631 1929 693 contra
1982 628 2339 711 ueritatem,
2405 628 2527 693 hoc
2584 631 2685 694 est

383 738 600 801 contra
681 734 1012 799 ecclesiam
1091 732 1328 798 Christi
1411 734 1755 810 emerserit,
1840 733 1965 799 nisi
2047 734 2303 800 nomine
2388 738 2685 817 cooperta

383 840 743 906 Christiano
799 840 879 903 ad
941 840 1354 925 pugnandum
1417 841 1707 924 prosilire
1772 860 1894 905 non
1960 842 2209 907 audeat.
2276 861 2349 907 ex
2405 860 2527 926 quo
2592 842 2685 907 in-

381 948 709 1032 tellegitur
760 947 938 1029 ipsos
997 967 1250 1031 quoque
1295 949 1665 1015 Platonicae
1721 950 1931 1033 gentis
1988 949 2403 1033 philosophos
2458 950 2681 1033 paucis

380 1056 666 1130 mutatiS,
717 1073 878 1136 quae
926 1054 1283 1121 Christiana
1335 1056 1629 1139 inprobat
1686 1056 2043 1140 disciplina,
2100 1057 2526 1122 inuictissimo
2572 1057 2684 1121 uni

379 1162 515 1246 regi
573 1162 823 1227 Christo
887 1163 1026 1244 pias
1085 1162 1364 1227 ceruices
1422 1166 1707 1246 oportere
1764 1163 2141 1228 submittere
2199 1166 2263 1229 et
2314 1163 2685 1247 intellegere

383 1268 648 1332 uerbum
687 1267 789 1332 dei
834 1267 1087 1332 homine
1131 1267 1449 1346 indutum,
1499 1268 1607 1352 qui
1654 1269 1849 1335 iussit
1895 1271 1961 1333 et
1997 1269 2305 1334 creditum
2344 1273 2463 1347 est,
2512 1270 2681 1353 quod

381 1375 478 1439 illi
523 1374 627 1438 uel
673 1374 948 1457 proferre
997 1375 1385 1442 metuebant.

469 1482 639 1545 Huic
693 1485 779 1559 te,
845 1481 934 1545 mi
987 1481 1313 1559 Dioscore,
1379 1484 1455 1547 ut
1507 1484 1645 1547 tota
1708 1482 1945 1565 pietate
2013 1482 2251 1547 subdas
2316 1482 2510 1547 uelim
2567 1502 2682 1548 nec

296 1616 298 1619 >
383 1587 572 1653 aliam
635 1588 756 1652 tibi
831 1587 909 1651 ad
975 1588 1422 1672 capessendam
1489 1592 1554 1653 et
1620 1588 2025 1654 obtinendam
2101 1590 2436 1654 ueritatem
2512 1590 2683 1654 uiam

383 1695 655 1773 munias,
703 1714 892 1779 quam
940 1714 1099 1778 quae
1145 1696 1392 1759 munita
1441 1699 1542 1761 est
1587 1696 1665 1761 ab
1712 1696 1847 1775 illo,
1896 1696 2007 1781 qui
2055 1714 2393 1781 gressuum
2439 1699 2683 1761 nostro-

382 1821 525 1866 rum
579 1804 906 1884 tamquam
963 1802 1118 1866 deus
1182 1802 1350 1866 uidit
1402 1802 1857 1871 infirmitatem.
1926 1822 1999 1867 ea
2056 1806 2157 1867 est
2210 1807 2424 1868 autem
2478 1804 2685 1886 prima

383 1908 733 1987 humilitaS,
813 1909 1089 1974 secunda
1162 1908 1514 1989 humilitas,
1588 1912 1780 1975 tertia
1842 1909 2175 1975 humilitas
2240 1914 2323 1985 et,
2392 1910 2683 1993 quotiens

383 2015 824 2099 interrogares,
879 2016 1000 2080 hoc
1054 2015 1348 2091 dicerem,
1415 2036 1534 2081 non
1594 2037 1718 2100 quo
1783 2015 1907 2083 alia
1959 2036 2082 2081 non
2141 2017 2271 2082 sint
2324 2020 2681 2100 praecepta,

389 2140 544 2204 quae
601 2122 909 2199 dicantur,
977 2122 1088 2189 sed
1151 2123 1276 2188 nisi
1343 2123 1673 2188 humilitas
1731 2124 1963 2204 omnia,
2021 2142 2456 2207 quaecumque
2520 2123 2679 2188 bene

385 2228 677 2308 facimus,
743 2232 810 2295 et
869 2230 1290 2313 praecesserit
1345 2234 1409 2295 et
1467 2231 1769 2296 comitata
1834 2238 1897 2295 et
1960 2234 2301 2295 consecuta
2363 2229 2557 2294 fuerit
2620 2233 2687 2294 et

383 2336 731 2417 proposita,
781 2355 970 2420 quam
1023 2337 1404 2417 intueamur,
1454 2342 1520 2403 et
1573 2337 1885 2421 adposita,
1935 2338 2039 2402 cui
2096 2337 2570 2413 adhaereamuS,
2620 2341 2686 2402 et

383 2442 680 2525 inposita,
750 2463 874 2527 qua
935 2444 1373 2527 reprimamur,
1440 2445 1568 2510 iam
1633 2445 1815 2511 nobis
1873 2445 1949 2509 de
2006 2445 2218 2527 aliquo
2284 2443 2449 2508 bono
2512 2444 2683 2509 facto

387 2550 812 2632 gaudentibus
867 2553 1078 2615 totum
1125 2554 1454 2634 extorquet
1501 2552 1577 2615 de
1624 2570 1814 2617 manu
1874 2551 2191 2633 superbia.
2246 2550 2406 2615 uitia
2451 2551 2684 2633 quippe

385 2659 592 2720 cetera
627 2657 689 2720 in
728 2657 1030 2738 peccatiS,
1079 2657 1377 2740 superbia
1422 2678 1570 2723 uero
1613 2658 1801 2722 etiam
1848 2658 1913 2722 in
1961 2659 2130 2722 recte
2177 2657 2367 2723 factis
2400 2656 2689 2721 timenda

386 2768 504 2842 est,
553 2782 631 2828 ne
675 2764 807 2841 illa,
849 2784 1008 2846 quae
1053 2763 1462 2829 laudabiliter
1506 2766 1677 2831 faeta
1724 2766 1893 2843 sunt,
1942 2764 2146 2847 ipsius
2194 2763 2403 2828 laudis
2445 2763 2689 2846 cupidi-

384 2873 516 2934 tate
583 2870 974 2937 amittantur.
1047 2870 1284 2955 itaque,
1351 2872 1522 2937 sicut
1583 2872 1799 2937 rhetor
1859 2872 1971 2936 ille
2034 2871 2473 2936 nobilissimus
2539 2888 2687 2934 cum

383 2977 812 3061 interrogatus
869 2980 1060 3055 esset,
1117 2978 1270 3061 quid
1331 2979 1390 3042 ei
1444 2979 1723 3060 primum
1788 2978 2115 3042 uideretur
2166 2978 2230 3041 in
2289 2976 2687 3059 eloquentiae

385 3085 738 3167 praeceptis
788 3084 1111 3149 obseruari
1160 3088 1466 3168 oportere,
1525 3084 2109 3167 pronuntiationem
2156 3083 2389 3148 dicitur
2434 3102 2687 3166 respon-

391 3189 582 3271 disse,
621 3210 766 3255 cum
797 3196 1218 3275 quaereretur,
1259 3191 1411 3274 quid
1450 3192 1749 3271 secundo,
1791 3190 2050 3255 eandem
2088 3189 2686 3273 pronuntiationem,

391 3298 544 3381 quid
598 3298 806 3375 ter-tic,
861 3298 1021 3361 nihil
1077 3297 1250 3363 aliud
1299 3318 1489 3382 quam
1545 3297 2126 3381 pronuntiationem
2173 3296 2428 3375 dixisse,
2486 3296 2542 3359 si
2595 3294 2689 3359 in-

461 3542 494 3594 2
532 3540 638 3595 nisi
672 3542 730 3595 in
767 3540 984 3595 nomine
1024 3540 1314 3595 christiano
1355 3546 1613 3612 cooperta
1647 3540 1703 3597 R
1848 3543 1880 3596 3
1918 3539 2306 3611 pungnandum
2353 3538 2408 3594 V
2560 3554 2687 3608 pro-

391 3629 566 3691 silere,
602 3633 734 3683 m.2
769 3630 1017 3699 prosilire
1053 3629 1129 3683 M
1270 3630 1474 3693 audiat,
1514 3646 1653 3684 corr.
1694 3629 1894 3683 audeat
1931 3630 1984 3683 V
2083 3631 2119 3683 4
2157 3629 2305 3699 ipsos
2343 3645 2514 3698 quoq3
2552 3614 2687 3681 Alit.

388 3718 671 3788 Platonice
710 3720 890 3787 gentis
925 3718 1301 3789 philosophos.
1340 3719 1645 3789 platonicos
1682 3718 2034 3789 philosophos
2071 3719 2259 3788 paucis
2295 3716 2353 3771 R
2462 3718 2495 3771 5
2534 3732 2691 3787 quemm

394 3812 526 3874 (ras.
564 3811 709 3863 1—2
746 3808 805 3874 1.)
843 3807 900 3861 Ρ
1005 3808 1038 3862 6
1075 3808 1416 3863 summittere
1455 3812 1704 3877 oportere
1739 3807 1796 3863 R
1904 3807 1939 3861 8
1975 3807 2065 3861 uel
2102 3822 2203 3861 om.
2243 3805 2382 3861 P¹V
2498 3806 2565 3860 10
2602 3821 2691 3859 ea-

391 3897 712 3968 pessaudam
747 3897 803 3951 P
945 3898 1013 3951 12
1051 3897 1208 3961 uidit,
1247 3914 1384 3952 cor-r.
1425 3901 1516 3963 (m.
1537 3903 1568 3952 1
1587 3896 1637 3965 ?)
1676 3896 1831 3951 uidet
1865 3896 1941 3949 ,Ρι
1977 3895 2132 3950 uidet
2165 3895 2282 3949 PV
2422 3896 2493 3955 16,
2525 3894 2692 3949 facia-

390 4002 508 4042 mus
544 3989 600 4043 A
771 3986 1046 4051 comitate,
1083 4002 1220 4041 corr.
1260 3988 1348 4057 (m.
1369 3990 1400 4039 1
1419 3986 1472 4054 ἓ)
1509 3986 1769 4041 comitata
1806 3985 1882 4039 Ρι
1932 3985 2265 4051 eomittatur,
2302 4001 2370 4037 m.
2395 3986 2435 4038 2
2468 3984 2693 4039 comite-

391 4080 482 4129 tur
514 4076 573 4130 P
607 4076 899 4131 comitatur
936 4094 974 4129 a
1013 4076 1301 4130 comitetur
1339 4081 1456 4131 cett.
1497 4074 1618 4129 edd.
1767 4075 1833 4128 17
1872 4074 2119 4128 ineamur
2154 4074 2209 4128 A
2356 4072 2423 4127 18
2461 4087 2600 4142 quae
2638 4074 2693 4125 A

465 4165 623 4219 uobis
660 4164 786 4219 MA
929 4163 1001 4219 20
1036 4164 1092 4217 in
1130 4165 1292 4218 rectis
1333 4166 1457 4223 (om.
1495 4164 1697 4231 factis),
1734 4180 1803 4217 m.
1825 4167 1857 4217 1
1890 4178 2065 4231 supra
2100 4163 2128 4216 Ι
2162 4162 2217 4215 in
2256 4164 2404 4217 recte
2440 4160 2601 4215 factis
2637 4159 2694 4214 R

396 4255 450 4308 in
488 4254 650 4309 rectis
687 4254 852 4325 (corr.
888 4257 1011 4307 m.1
1045 4255 1214 4321 reete)
1253 4253 1416 4307 factis
1455 4252 1509 4305 V
1602 4252 1673 4306 24
1711 4253 1997 4305 obseruare
2035 4250 2231 4305 debere
2267 4250 2324 4306 R
2431 4251 2501 4305 25
2529 4266 2693 4319 quae-

395 4346 544 4398 retur
581 4344 636 4398 A
743 4344 813 4397 26
853 4342 1080 4397 dixisset
1114 4342 1171 4395 P
1311 4342 1379 4411 si]
1419 4342 1500 4395 ita
1537 4341 1585 4395 si
1604 4357 1659 4394 m
