3184 4959
1049 451 1580 520 epistularum
1638 451 1832 507 CVIII.
1892 453 2027 509 CIX.
2554 459 2679 522 635

382 646 656 709 multum
707 649 771 709 te
817 646 991 729 leg03
1057 646 1284 709 mirum
1335 646 1542 710 dicam
1589 647 1701 710 sed
1750 665 1973 711 uerum
2020 648 2233 730 plane:
2293 667 2479 731 quam
2528 649 2685 713 mihi

383 754 609 817 absens
667 753 832 817 solet
877 771 1016 846 ess-e
1075 754 1448 835 praesentia,
1506 757 1639 818 tam
1696 773 1993 836 praesens
2040 754 2209 818 facta
2256 758 2355 820 est
2400 756 2684 821 absentia

382 859 499 923 tui.
557 859 768 924 nullae
825 879 894 924 se
952 859 1135 924 nobis
1192 861 1603 942 interponunt
1656 860 2059 925 turbulentae
2116 863 2395 927 actiones
2442 865 2683 946 tempo—

380 966 610 1030 ralium
646 984 878 1030 rerum.
929 986 1070 1052 ag0‚
1110 970 1419 1049 quantum
1464 985 1750 1051 possum,
1791 967 1913 1031 etsi
1950 987 2070 1032 non
2107 971 2357 1032 tantum
2396 987 2681 1051 possum,

320 1094 344 1132 ⁵
385 1075 688 1156 quantum
735 1074 908 1138 uolo.
959 1073 1111 1155 quid
1151 1092 1298 1158 ergo
1341 1073 1567 1150 dicam,
1617 1077 1923 1155 quantum
1972 1075 2169 1138 uolo?
2216 1075 2386 1140 nosti
2424 1076 2683 1159 optime,

381 1200 569 1262 quam
617 1199 847 1245 auarus
896 1179 1018 1244 sim
1065 1180 1180 1256 tui,
1237 1198 1350 1244 nec
1397 1182 1611 1244 tamen
1656 1200 2000 1257 murmuro,
2059 1181 2209 1263 quia
2262 1201 2385 1247 non
2432 1185 2683 1247 tantum

380 1305 519 1370 ago,
567 1290 873 1368 quantum
921 1287 1092 1364 uolo,
1142 1287 1439 1369 quoniam
1485 1306 1707 1352 rursus
1755 1307 1877 1352 non
1925 1288 2137 1352 minus
2184 1307 2323 1373 ago,
2372 1291 2683 1371 quantum

377 1413 662 1477 possum.
712 1393 828 1458 deo
878 1412 1025 1476 ergo
1073 1394 1332 1476 gratiaS,
1380 1394 1577 1458 frater
1623 1392 2014 1471 dulcissime,
2062 1394 2222 1458 bene
2268 1395 2427 1458 mihi
2469 1399 2683 1460 tecum

383 1503 501 1578 est,
542 1499 785 1583 gaudeo
823 1504 1039 1564 tecum
1078 1500 1277 1564 artius
1312 1500 1689 1564 coniunctus
1729 1504 1811 1576 et,
1849 1504 1925 1565 ut
1958 1501 2051 1564 ita
2089 1500 2314 1577 dicam,
2352 1501 2681 1580 unissime,

291 1627 346 1666 ιο
382 1608 690 1688 quantum
735 1609 968 1688 potest,
1026 1606 1368 1671 adhaerens
1417 1607 1536 1670 tibi
1589 1606 2067 1671 redundantiam
2114 1608 2379 1672 uberum
2425 1611 2684 1672 tuorum

382 1711 736 1792 suscipiens
811 1711 982 1777 uires
1050 1730 1366 1795 comparo,
1443 1713 1497 1777 si
1569 1714 1816 1794 possim
1892 1712 2159 1778 idoneus
2226 1713 2392 1777 effici
2466 1714 2545 1777 ad
2609 1733 2683 1778 ea

382 1817 800 1882 concutienda
863 1822 928 1883 et
983 1818 1399 1901 exprimenda,
1455 1822 1547 1896 ut,
1600 1819 1906 1901 quicquid
1952 1819 2260 1884 secretius
2308 1823 2371 1884 et
2413 1819 2681 1885 interius

383 1923 671 1989 clausum
737 1925 1128 2002 custodiunt,
1193 1927 1457 1990 remotis
1529 1924 1833 2008 pellibuS,
1908 1944 2067 2007 quas
2142 1925 2347 1989 adhuc
2418 1926 2685 1991 lactanti

381 2029 696 2114 sugendas
726 2031 1036 2110 inserunt,
1074 2031 1214 2115 ipsa
1249 2032 1409 2096 mihi
1446 2031 1717 2108 uiscera,
1759 2032 1814 2096 si
1849 2032 2156 2114 possibile
2185 2035 2303 2110 est,
2344 2032 2684 2117 dignentur

292 2159 345 2199 ιε
381 2137 715 2202 effundere.
761 2138 1033 2217 uiscera,
1079 2139 1359 2220 inquam,
1405 2139 1564 2204 mihi
1610 2143 1687 2203 ut
1731 2139 2143 2204 refundantur
2180 2139 2387 2221 cupio,
2434 2140 2685 2204 uiscera

377 2247 510 2321 tua,
557 2245 804 2309 uiscera
847 2245 1112 2328 pinguia
1156 2245 1378 2330 sagina
1423 2245 1682 2311 caelesti
1730 2249 1795 2310 et
1840 2245 2095 2310 condita
2140 2246 2311 2311 omni
2350 2246 2681 2311 dulcedine

379 2351 672 2434 spiritali,
721 2352 968 2416 uiscera
1005 2355 1135 2429 tua,
1183 2353 1434 2416 uiscera
1468 2371 1647 2434 pura,
1684 2353 1933 2417 uiscera
1968 2352 2305 2435 simplicia,
2353 2352 2477 2416 nisi
2514 2351 2683 2435 quod

380 2458 618 2541 duplici
674 2462 825 2522 sunt
887 2459 1147 2522 uinculo
1202 2458 1501 2522 redimita
1561 2458 1847 2542 geminae
1894 2458 2199 2535 caritatis,
2257 2458 2505 2523 uiscera
2548 2463 2681 2538 tua,

377 2565 626 2629 uiscera
661 2565 916 2646 perfusa
952 2564 1194 2629 lumine
1222 2564 1516 2629 ueritatis
1547 2567 1613 2629 et
1638 2565 2023 2648 refulgentia
2059 2565 2417 2629 ueritatem.
2456 2565 2681 2629 horum

291 2693 345 2733 20
380 2691 480 2735 me
529 2671 870 2735 manationi
910 2672 1015 2734 uel
1061 2671 1464 2736 resultationi
1511 2671 1779 2747 subicio,
1828 2691 1952 2753 quo
2000 2690 2117 2736 nox
2153 2690 2298 2735 mea
2332 2671 2395 2734 in
2443 2671 2681 2735 lumine

380 2781 489 2842 tuo
548 2777 820 2850 deficiat,
889 2781 961 2840 ut
1022 2777 1086 2841 in
1154 2777 1278 2842 diei
1345 2778 1633 2842 claritate
1697 2779 1893 2843 simul
1948 2777 2269 2843 ambulare
2333 2776 2679 2860 possimus,

379 2904 415 2948 o
479 2904 628 2948 uere
695 2883 1040 2948 artificiosa
1103 2885 1240 2968 apis
1307 2884 1409 2949 dei
1466 2887 1836 2950 construens
1902 2886 2084 2950 fanos
2143 2885 2341 2949 diuini
2408 2885 2679 2949 nectaris

453 3111 477 3163 1
519 3110 664 3179 lego,
702 3126 771 3163 m.
796 3113 835 3162 2
872 3108 1044 3178 diligo
1081 3109 1157 3163 M
1295 3112 1328 3165 3
1367 3113 1480 3179 tua,
1519 3127 1655 3166 corr.
1694 3129 1763 3164 m.
1786 3115 1815 3164 1
1850 3111 1934 3164 tui
1970 3111 2045 3164 M
2184 3108 2363 3164 nullae
2402 3110 2483 3179 se]
2524 3109 2678 3163 nulla

379 3200 466 3269 (ω
505 3215 574 3251 m.
603 3199 852 3266 fortasse
878 3202 935 3266 2)
975 3215 1092 3252 esse
1120 3198 1196 3252 M
1227 3199 1378 3254 nulla
1415 3215 1530 3253 esse
1559 3201 1615 3254 A
1762 3201 2003 3254 actiones
2042 3199 2142 3262 bis,
2182 3199 2419 3252 alterum
2456 3215 2597 3254 erae.
2626 3199 2683 3250 P

453 3290 758 3356 temporum
804 3286 972 3340 alium
1007 3288 1062 3340 A
1277 3291 1312 3343 4
1353 3288 1479 3357 etsi]
1517 3287 1615 3341 sed
1650 3289 1725 3342 M
1932 3305 2145 3358 pesum,
2181 3305 2249 3340 m.
2274 3291 2314 3340 2
2350 3305 2572 3357 possum
2608 3287 2683 3340 M

379 3377 412 3430 5
452 3377 604 3444 ergo]
639 3391 696 3428 er
721 3375 776 3427 A
806 3392 907 3444 ego
933 3375 1051 3428 PK
1076 3375 1194 3430 edd.
1305 3378 1340 3430 6
1379 3393 1497 3430 sum
1524 3377 1579 3430 A
1680 3377 1713 3430 8
1753 3375 2060 3443 ducissime,
2098 3393 2166 3430 m.
2190 3379 2229 3430 2
2266 3374 2579 3428 dulcissime
2606 3375 2681 3428 M

379 3465 412 3518 9
451 3467 508 3517 et
545 3480 646 3518 om.
683 3464 740 3518 R
884 3465 1216 3527 munissime,
1255 3481 1324 3519 m.
1348 3469 1388 3519 2
1423 3466 1681 3520 unissime
1719 3465 1783 3519 K
1894 3467 1953 3519 11
1999 3469 2307 3534 comparato
2345 3464 2401 3519 R
2515 3465 2580 3518 12
2622 3469 2677 3518 et

377 3552 606 3607 interius
643 3569 768 3621 om.,
803 3571 872 3606 m.
896 3557 935 3606 2
973 3553 1103 3607 add.
1142 3554 1217 3607 M
1354 3555 1599 3608 internus
1636 3557 1691 3609 A
1803 3555 1869 3609 13
1908 3554 2129 3622 clasem,
2166 3571 2233 3608 m.
2257 3558 2296 3606 2
2332 3553 2569 3608 clausum
2607 3553 2677 3606 M

449 3643 679 3694 lactenti
714 3643 771 3697 R
807 3642 928 3698 edd.
956 3647 1184 3710 praeter
1223 3660 1260 3696 a
1425 3644 1492 3697 14
1528 3643 1775 3712 sugenda
1811 3644 2086 3697 eluserunt
2122 3649 2211 3708 (m.
2235 3647 2275 3696 2
2308 3643 2573 3708 inserunt)
2613 3641 2679 3696 K

379 3730 626 3799 sugenda
661 3731 908 3784 inserunt
943 3731 1068 3784 MA
1261 3732 1384 3802 ipsi,
1421 3749 1492 3786 m.
1515 3736 1554 3786 2
1588 3733 1709 3803 ipsa
1744 3733 1821 3786 M
1987 3733 2211 3800 uiscere,
2250 3749 2388 3787 corr.
2426 3749 2495 3787 m.
2518 3737 2549 3784 1
2589 3733 2672 3785 ui-

378 3835 528 3872 scera
563 3819 636 3872 M
777 3818 1050 3889 dignetur,
1088 3836 1225 3874 corr.
1261 3837 1329 3874 m.
1353 3826 1382 3874 1
1424 3820 1723 3890 dignentur
1754 3821 1831 3874 M
1983 3824 2047 3876 15
2084 3820 2325 3891 inquam]
2363 3821 2571 3890 iniqua
2604 3819 2681 3872 M

383 3907 447 3961 16
485 3906 736 3961 caelesti·
761 3908 836 3961 M
869 3909 1092 3962 caelesti
1127 3925 1194 3963 ex
1231 3909 1466 3963 caeleste
1503 3909 1569 3963 K
1677 3911 1741 3962 17
1780 3911 1991 3964 uiscera
2026 3913 2125 3963 tna
2160 3925 2262 3963 om.
2300 3910 2355 3962 A
2438 3909 2675 3962 *uiscera

378 3996 668 4066 simplicia]
709 3997 920 4051 uiscera
955 4014 1092 4067 pura
1118 4003 1276 4067 (pura
1301 3999 1405 4054 del.
1433 4015 1502 4052 m.
1525 4005 1578 4064 1)
1608 4003 1613 4068 j
1639 3999 1907 4068 simplicia
1935 4000 2004 4052 M
2079 3999 2145 4052 18
2176 3999 2394 4052 redimit
2423 3997 2671 4066 agemine

378 4101 516 4138 corr.
554 4102 622 4139 m.
646 4089 686 4138 2
721 4085 795 4139 M
973 4087 1040 4138 19
1081 4086 1318 4156 persulsa
1352 4086 1407 4139 P
1638 4087 1950 4155 ueritatem]
1996 4089 2254 4141 ueritate·
2294 4089 2368 4153 (m
2418 4092 2583 4153 eras.)
2621 4088 2676 4141 P

377 4175 611 4227 ueritate
648 4173 705 4227 R
885 4175 955 4228 20
991 4175 1318 4238 manatione,
1357 4191 1494 4229 corr.
1533 4177 1835 4229 manationi
1872 4175 1938 4229 K
2108 4176 2173 4230 21
2216 4183 2353 4230 ‘msa
2405 4176 2673 4230 Vaticani

377 4268 641 4331 quattuor
675 4265 732 4317 in
773 4264 862 4318 dei
901 4262 1166 4318 claritate'
1205 4281 1257 4318 m
1410 4265 1480 4318 22
1520 4265 1811 4320 artificiose
1846 4265 1903 4318 R
2066 4282 2195 4335 apes
2233 4265 2369 4331 AR;
2408 4267 2478 4333 cf.
2516 4265 2673 4319 Neue

379 4353 476 4405 lat.
515 4351 795 4407 Formenl.
835 4352 878 4405 I
901 4369 960 4420 p.
999 4354 1111 4406 183
2710 4343 2717 4350 ’
