3184 4959
276 1076 298 1115 5

215 1476 252 1539 3

255 1610 302 1648 10

259 2145 302 2183 15

257 2680 304 2719 20

259 3215 304 3253 25

1092 432 1626 501 epistularum
1684 434 1893 487 XXXV.
2541 436 2626 499 29

329 629 390 693 in
471 628 869 692 detestabilis
943 628 1329 692 uinolentiae
1402 627 1925 693 bacchationibus
2003 630 2314 713 superbus
2391 631 2631 694 exultat

333 736 618 821 gaudens
663 734 1044 799 latissimam
1095 735 1216 799 sibi
1265 737 1542 817 apertam
1592 754 1734 799 esse
1770 736 2092 801 licentiam
2132 736 2335 799 malae
2374 754 2631 800 conuer-

334 842 622 919 sationiS,
707 842 872 905 unde
948 842 1012 904 in
1088 842 1402 907 catholica
1471 842 1947 923 prohibebatur.
2032 846 2096 907 et
2166 843 2285 907 hoc
2358 844 2631 907 fortasse

330 948 752 1013 Proculianus
811 948 1077 1032 ignorat.
1147 966 1295 1031 ergo
1351 967 1461 1030 per
1515 952 1693 1011 tuam
1750 948 2131 1031 grauitatem
2180 953 2371 1030 atque
2420 950 2631 1013 mode-

333 1056 524 1119 stiam
573 1055 781 1119 eidem
828 1054 890 1118 in
939 1053 1232 1119 notitiam
1279 1054 1651 1137 perferatur.
1707 1054 1925 1119 iubeat
1980 1074 2147 1131 eum,
2206 1056 2315 1137 qui
2374 1075 2495 1119 non
2554 1055 2630 1120 ob

335 1163 507 1227 aliud
592 1162 765 1227 illam
853 1162 1354 1227 communionem
1433 1162 1691 1246 delegit,
1766 1162 1888 1227 nisi
1962 1162 2111 1244 quia
2182 1164 2243 1226 in
2321 1163 2635 1226 catholiea

336 1270 704 1334 clericatum
753 1270 1050 1335 amiserat
1094 1272 1350 1352 propter
1393 1269 1929 1334 inoboedientiam
1978 1272 2043 1333 et
2086 1269 2367 1351 perditos
2402 1288 2632 1347 moreS,

337 1396 370 1440 a
418 1396 537 1441 sua
585 1376 1026 1440 communione
1075 1376 1406 1440 remoueri.

421 1482 675 1547 Etenim
735 1500 872 1565 ego,
931 1482 985 1545 si
1053 1482 1304 1546 domino
1371 1482 1603 1564 placet.
1670 1482 1865 1545 istum
1938 1482 2197 1546 modum
2267 1501 2474 1560 seruo,
2542 1486 2635 1559 ut,

338 1590 846 1672 quisquisapud
895 1608 1001 1654 eos
1048 1594 1306 1671 propter
1351 1588 1749 1670 disciplinam
1802 1589 2183 1672 degradatus
2244 1590 2319 1653 ad
2378 1590 2637 1654 catholi-

336 1714 472 1759 cam
521 1696 791 1759 transire
838 1697 1136 1772 uoluerit,
1184 1696 1246 1759 in
1303 1695 1743 1760 humiliatione
1799 1696 2218 1778 paenitentiae
2272 1696 2634 1779 recipiatur,

335 1822 460 1884 quo
511 1805 578 1866 et
623 1802 748 1884 ipsi
796 1822 940 1867 eum
989 1802 1252 1868 forsitan
1304 1805 1623 1885 cogerent,
1675 1804 1729 1866 si
1778 1802 1946 1885 apud
1996 1821 2102 1867 eos
2150 1822 2401 1867 manere
2456 1804 2639 1867 uolu-

336 1910 520 1975 isset.
589 1909 666 1973 ab
726 1910 818 1975 eis
874 1929 1026 1975 uero
1087 1908 1434 1986 considera,
1493 1928 1729 1991 quaeso
1796 1912 1881 1987 te,
1951 1928 2137 1991 quam
2206 1910 2639 1974 execrabiliter

337 2016 467 2091 fiat,
515 2019 612 2093 ut,
654 2036 813 2099 quos
851 2016 1016 2080 male
1055 2017 1351 2079 uiuentes
1390 2015 1827 2080 ecclesiastica
1865 2016 2203 2098 disciplina
2238 2016 2636 2098 corripimuS,

335 2122 796 2206 persuadeatur
861 2123 974 2200 eis,
1031 2125 1104 2186 ut
1159 2122 1236 2186 ad
1291 2122 1617 2186 lauacrum
1675 2123 1947 2187 alterum
2000 2124 2263 2188 ueniant
2308 2126 2517 2204 atque,
2569 2126 2641 2186 ut

333 2226 396 2292 id
445 2230 730 2313 accipere
777 2232 1155 2305 mereantur,
1202 2246 1484 2313 paganos
1533 2247 1601 2292 se
1652 2248 1791 2293 esse
1836 2228 2276 2310 respondeant,
2317 2248 2477 2312 quae
2514 2248 2639 2295 uox

337 2355 410 2400 ne
475 2336 848 2420 procederet
911 2335 986 2399 de
1054 2354 1158 2399 ore
1211 2334 1588 2411 Christiano,
1656 2339 1873 2399 tantus
1951 2337 2211 2419 sanguis
2288 2341 2635 2418 martyrum

335 2442 522 2507 fusus
573 2446 692 2521 est,
741 2442 962 2507 deinde
1012 2443 1196 2524 quasi
1243 2442 1531 2506 renouati
1579 2444 1643 2505 et
1690 2442 1873 2524 quasi
1922 2444 2298 2507 sanctificati
2356 2444 2635 2525 discipli-

337 2570 472 2628 nae,
542 2570 732 2632 quam
799 2550 958 2615 ferre
1024 2570 1148 2613 non
1214 2553 1578 2631 potuerunt,
1638 2550 1979 2615 deteriores
2038 2550 2191 2613 facti
2249 2550 2366 2614 sub
2424 2550 2636 2633 specie

337 2670 540 2721 nouae
609 2658 850 2740 gratiae
917 2656 1250 2741 sacrilegio
1309 2656 1454 2720 noui
1511 2657 1740 2721 furoris
1797 2657 2127 2721 insultent.
2196 2658 2305 2719 aut
2361 2656 2415 2719 si
2470 2654 2635 2744 male

338 2763 498 2829 facio
545 2782 662 2845 per
715 2767 892 2827 tuam
947 2762 1443 2828 beniuolentiam
1502 2764 1629 2827 ista
1684 2763 2049 2847 corrigenda
2104 2780 2345 2843 curare,
2404 2762 2479 2825 de
2536 2782 2636 2825 me

337 2870 552 2934 nullus
603 2872 922 2952 queratur,
973 2870 1028 2934 si
1073 2870 1228 2935 haec
1287 2870 1383 2934 illi
1435 2871 1695 2955 perferri
1752 2872 1814 2935 in
1872 2870 2162 2935 notitiam
2220 2890 2331 2954 per
2385 2870 2635 2935 codices

337 2977 630 3058 publicos
711 2976 939 3056 fecer0,
1019 2978 1129 3060 qui
1201 2978 1358 3042 mihi
1431 2978 1669 3062 negari,
1733 2982 1809 3042 ut
1872 2978 2160 3054 arbitror,
2225 2978 2288 3041 in
2352 2978 2638 3042 Romana

339 3082 602 3147 ciuitate
668 3104 790 3151 non
845 3088 1135 3166 possunt.
1203 3104 1346 3148 nam
1405 3104 1551 3149 cum
1612 3084 1765 3149 deus
1822 3085 2113 3169 imperet,
2169 3088 2245 3149 ut
2297 3085 2637 3168 loquamur
2703 3146 2707 3151 .

341 3194 402 3253 et
445 3189 886 3273 praedicemus
925 3192 1190 3257 uerbum
1233 3198 1298 3255 et
1333 3192 1745 3269 docentes,
1788 3211 1987 3275 quae
2034 3212 2182 3257 non
2234 3194 2633 3274 oporteat,

336 3296 703 3361 refellamus
775 3300 840 3361 et
913 3295 1226 3362 instemus
1305 3303 1753 3382 opportune
1830 3302 2072 3380 atque
2146 3299 2633 3380 importune,

514 3506 583 3557 24
621 3504 678 3557 11
715 3504 854 3558 Tim.
891 3507 942 3568 4,
981 3506 1038 3567 2;
1081 3504 1187 3558 Tit.
1231 3506 1276 3570 1,
1321 3508 1378 3559 ll

409 3629 432 3681 1
477 3628 797 3682 detestabili
833 3628 888 3683 R
988 3630 1022 3683 2
1061 3646 1178 3683 esse
1217 3633 1459 3700 apertam
1499 3631 1776 3684 licentiam
1815 3630 1889 3683 M
1923 3631 2426 3700 apertissimamque
2464 3630 2632 3685 licen-

337 3718 466 3771 tiam
507 3734 624 3772 esse
661 3718 716 3772 R
817 3720 850 3773 3
888 3718 1232 3789 proculianus
1270 3719 1498 3773 fortasse
1537 3720 1592 3775 R
1698 3722 1735 3774 4
1771 3720 2159 3773 Proculeianus
2197 3736 2251 3772 m
2384 3722 2418 3773 6
2456 3719 2630 3788 illam]

340 3806 404 3859 ad
439 3807 590 3860 illam
632 3805 725 3873 (ad
763 3822 881 3876 exp.
920 3824 989 3860 m.
1013 3808 1069 3875 2)
1107 3808 1163 3860 Ρ
1269 3810 1298 3861 7
1339 3808 1650 3862 ammiserat
1676 3808 1750 3861 M
1844 3810 1876 3862 9
1914 3809 2185 3862 mod-aum
2226 3809 2297 3873 (ic
2336 3824 2475 3861 eras.
2498 3806 2549 3873 ?)
2587 3808 2635 3859 P

345 3896 405 3948 12
444 3896 712 3949 uoluisset
747 3912 962 3949 manere
999 3896 1053 3949 A
1168 3897 1234 3950 14
1271 3900 1334 3949 ut
1369 3914 1471 3951 om.
1512 3896 1748 3951 MFAR
1894 3897 2139 3951 doctrina
2174 3898 2230 3952 R
2341 3899 2405 3950 15
2446 3898 2632 3966 atque]

343 4000 442 4054 que
479 3984 612 4038 ΜΕ
643 3984 737 4053 qui
775 3984 885 4039 AR
1029 3988 1093 4037 ut
1126 3986 1206 4054 id]
1243 3985 1300 4038 id
1338 3990 1400 4039 ut
1435 3986 1510 4039 Μ
1541 3990 1605 4039 ut
1641 3986 1779 4040 illud
1815 3987 1871 4041 R
1986 3988 2049 4040 17
2089 3986 2178 4055 de]
2218 4002 2279 4038 ex
2306 3984 2362 4039 R
2471 3988 2631 4039 tantu

341 4076 630 4143 martyrum
669 4074 892 4141 sanguis
928 4072 1000 4128 M
1123 4074 1188 4127 18
1228 4076 1406 4144 quasi]
1444 4092 1550 4145 qua
1585 4074 1647 4129 F
1679 4092 1821 4145 aqua
1855 4076 1911 4129 A
2035 4076 2104 4128 22
2144 4078 2436 4144 quaeratur
2470 4074 2636 4129 FAP

341 4164 447 4228 (pr.
485 4178 520 4215 a
555 4165 722 4229 erm.)
759 4161 816 4216 R
1004 4162 1108 4233 illi]
1147 4162 1232 4217 illi
1270 4162 1338 4216 ad
1375 4163 1467 4231 (ad
1507 4182 1625 4233 exp.
1664 4182 1733 4218 m.
1754 4166 1803 4234 1)
1841 4165 1915 4218 M
2090 4165 2159 4218 23
2195 4164 2383 4232 negari
2422 4180 2523 4217 om.
2562 4162 2638 4217 M

409 4250 634 4303 ciuitate
672 4266 892 4305 romana
929 4252 986 4307 R
1111 4254 1180 4306 25
1219 4256 1436 4321 oportet
1471 4254 1592 4307 edd.
1625 4259 1851 4321 praeter
1890 4270 1927 4306 a
1964 4270 2063 4309 sec.
2115 4253 2269 4323 Vulq.
2366 4253 2433 4306 26
2466 4256 2631 4321 atque

341 4338 640 4409 importune
680 4354 781 4393 om.
821 4342 872 4393 A
