3184 4959
486 469 616 534 446
1253 467 1307 520 S.
1362 467 1636 520 Aureli
1692 467 2126 537 Augustini

482 663 674 728 modo
738 663 970 727 mutari
1034 662 1097 726 in
1164 663 1395 726 melius
1454 663 1826 746 cogitarent,
1884 662 2006 726 nisi
2063 663 2182 727 hoc
2229 666 2463 728 terrore
2511 663 2786 745 perculsi

484 768 829 834 sollicitam
892 771 1169 834 mentem
1236 769 1312 833 ad
1381 769 1942 834 considerationem
2008 770 2299 834 ueritatis
2375 769 2785 847 intenderent,

484 895 563 941 ne
610 877 791 954 forte,
844 878 897 942 si
946 897 1065 942 non
1114 897 1225 960 pro
1264 877 1515 942 iustitia
1552 878 1666 942 sed
1702 897 1814 960 pro
1851 878 2271 960 peruersitate
2312 881 2378 941 et
2421 896 2786 960 praesump-

485 983 655 1048 tione
729 984 1060 1048 hominum
1134 984 1304 1067 ipsas
1378 986 1762 1068 temporales
1839 985 2168 1050 molestias
2253 984 2650 1049 infructuosa
2725 985 2788 1047 et

486 1109 650 1154 uana
695 1091 1029 1154 tolerantia
1076 1094 1459 1174 paterentur,
1510 1089 1679 1174 apud
1727 1091 1917 1156 deum
1963 1093 2190 1174 postea
2247 1110 2370 1155 non
2425 1090 2783 1154 inuenirent

488 1197 611 1261 nisi
660 1195 907 1262 debitas
953 1216 1187 1280 poenas
1235 1197 1597 1280 impiorum,
1647 1198 1756 1280 qui
1805 1198 1942 1263 eius
1991 1201 2118 1262 tam
2165 1198 2372 1262 lenem
2413 1195 2789 1260 admonitio—

485 1323 629 1368 nem
681 1308 745 1368 et
790 1307 1047 1386 paterna
1092 1303 1343 1388 flagella
1392 1305 1908 1386 contempserint,
1958 1323 2028 1369 ac
2078 1305 2170 1368 sic
2215 1305 2344 1368 ista
2403 1303 2786 1387 cogitatione

488 1409 725 1476 dociles
798 1411 951 1475 facti
1025 1429 1145 1474 non
1222 1411 1285 1474 in
1352 1409 1689 1476 calumniis
1755 1414 1819 1474 et
1880 1411 2116 1475 fabulis
2186 1411 2478 1474 humanis
2547 1409 2662 1474 sed
2721 1409 2784 1473 in

487 1517 722 1582 diuinis
788 1517 965 1582 libris
1035 1518 1407 1600 promissam
1475 1536 1587 1598 per
1643 1537 1862 1582 omnes
1921 1521 2140 1602 gentes
2185 1517 2544 1582 inuenirent
2590 1517 2786 1580 eccle-

488 1625 667 1700 siam,
717 1643 903 1707 quam
955 1625 1090 1688 suis
1140 1623 1341 1688 oculis
1391 1624 1568 1688 reddi
1617 1624 2071 1706 conspicerent,
2117 1623 2180 1686 in
2231 1623 2460 1705 quibus
2510 1627 2574 1687 et
2611 1622 2784 1688 Chri-

490 1734 661 1794 stum
733 1731 1245 1814 praenuntiatum
1322 1733 1511 1794 etiam
1588 1750 1710 1795 non
1785 1730 1998 1795 uisum
2079 1749 2270 1813 super
2349 1730 2560 1794 caelos
2645 1747 2786 1793 esse

487 1838 748 1902 minime
798 1837 1177 1902 dubitarent.
1227 1856 1377 1900 num
1430 1837 1726 1919 quidnam
1779 1855 1896 1920 ego
1943 1837 2213 1901 istorum
2263 1836 2459 1902 saluti
2503 1835 2787 1900 inuidere

489 1945 817 2020 debebam,
867 1947 939 2006 ut
987 1944 1266 2028 collegas
1316 1963 1491 2008 meos
1538 1945 1615 2008 ab
1665 1943 1856 2008 huius
1915 1943 2085 2008 modi
2140 1946 2398 2025 paterna
2453 1942 2784 2025 diligentia

486 2069 869 2129 reuocarern,
928 2071 1039 2133 per
1094 2071 1281 2133 quam
1340 2051 1581 2115 factum
1639 2055 1759 2130 est,
1816 2054 1892 2115 ut
1935 2052 2174 2115 multos
2222 2049 2556 2114 uideamus
2604 2067 2784 2113 accu-

489 2175 625 2220 sare
700 2175 881 2220 suam
963 2157 1293 2240 pristinam
1380 2159 1794 2222 caecitatem?
1879 2158 1990 2240 qui
2073 2176 2216 2221 cum
2301 2175 2494 2240 super
2573 2156 2782 2220 caelos
2853 2181 2877 2216 ε.

488 2263 831 2328 exaltatum
898 2263 1221 2329 Christum
1288 2264 1479 2328 etiam
1544 2283 1666 2328 non
1731 2265 2022 2329 uidentes
2089 2263 2444 2342 credebant,
2521 2263 2782 2346 gloriam

488 2375 699 2434 tamen
766 2370 903 2434 eius
972 2389 1161 2452 super
1225 2389 1475 2435 omnem
1538 2373 1769 2434 ten-am
1841 2372 2031 2434 etiam
2095 2370 2386 2434 uidentes
2449 2369 2781 2452 negabant,

488 2497 634 2542 cum
698 2479 1008 2560 propheta
1071 2481 1415 2560 utrumque
1484 2497 1610 2542 una
1674 2478 1990 2542 sententia
2042 2481 2220 2542 tanta
2274 2475 2782 2540 manifestatione

488 2585 853 2668 complexus
904 2585 993 2649 sit-
1036 2584 1282 2648 dicens:
1342 2584 1722 2649 Exaltare
1779 2602 2023 2668 super
2083 2582 2374 2661 caeloS,
2434 2582 2649 2660 deus,
2709 2585 2784 2646 et

490 2711 731 2773 super
778 2709 1078 2756 omnem
1128 2693 1425 2756 terram
1474 2691 1740 2775 gloria
1789 2694 1944 2756 tua.

574 2799 745 2864 Istos
822 2817 969 2882 ergo
1047 2801 1290 2863 atroces
1370 2797 1687 2882 quondam
1761 2797 2051 2863 inimicos
2119 2802 2369 2862 nostros
2434 2817 2658 2878 pacem
2721 2801 2782 2860 et

488 2905 765 2987 quietem
814 2909 1088 2970 nostram
1140 2906 1335 2969 uariis
1392 2904 1838 2970 uiolentiarurn
1899 2908 1964 2969 et
2015 2905 2388 2969 insidiarum
2447 2904 2782 2988 generibus

488 3012 769 3094 grauiter
821 3011 1193 3076 infestantes
1252 3013 1307 3076 si
1364 3013 1455 3076 sic
1512 3015 2058 3076 contemneremus
2116 3015 2181 3074 et
2225 3011 2662 3087 toleraremuS,
2710 3015 2782 3074 ut

488 3117 649 3181 nihil
712 3119 985 3194 omnin0,
1054 3119 1224 3200 quod
1291 3119 1369 3182 ad
1434 3137 1539 3183 eos
1598 3116 1920 3182 terrendos
1979 3137 2052 3182 ac
2109 3117 2512 3201 corrigendos
2569 3119 2781 3182 ualere

486 3227 727 3306 posset,
778 3225 1241 3308 excogitaretur
1288 3227 1353 3288 et
1398 3227 1771 3308 argueretur
1817 3243 1852 3288 a
1899 3224 2101 3301 nobiS,
2161 3243 2308 3288 uere
2363 3226 2602 3288 malum
2669 3243 2778 3306 pro
2850 3249 2874 3282 -‚

486 3331 652 3396 malo
707 3331 1133 3396 redderemus
1202 3331 1257 3395 si
1313 3333 1477 3396 enim
1538 3332 1876 3414 quisquam
1923 3331 2254 3394 inimicum
2301 3350 2491 3394 suum
2538 3330 2780 3412 pericu-

672 3593 735 3644 19
772 3591 861 3645 Ps.
908 3593 1023 3655 107,
1063 3595 1095 3644 (3

558 3750 591 3802 3
630 3751 676 3803 si
714 3767 816 3806 om.
854 3751 1085 3804 MAGP
1122 3755 1139 3819 (
1145 3751 1275 3806 add.
1314 3769 1381 3808 m.
1406 3757 1463 3806 ,9)
1574 3754 1851 3815 uersitate‚
1891 3769 2026 3808 corr.
2069 3751 2280 3821 (m.1?)
2318 3752 2677 3821 peruersitate
2713 3751 2782 3802 M

488 3839 523 3892 6
560 3839 664 3892 nisi
706 3839 783 3904 (ni
820 3857 887 3892 ex
922 3855 1033 3892 ras.
1075 3845 1123 3892 et
1161 3856 1296 3892 corr.
1337 3858 1404 3893 m.
1428 3845 1493 3897 2,-
1518 3842 1712 3908 fuitne
1747 3841 1882 3900 be?)
1920 3841 1994 3894 M
2113 3843 2142 3894 7
2181 3841 2302 3910 ipsa
2337 3841 2394 3895 R
2517 3842 2548 3894 9
2587 3844 2778 3908 gentes

488 3944 610 3990 om„
649 3927 711 3979 in
745 3945 917 3996 mara.
956 3943 1025 3980 m.
1054 3933 1092 3982 2
1131 3929 1249 3982 add
1300 3929 1353 3981 L
1439 3931 1503 3982 13
1543 3929 1768 3982 debeam
1807 3932 1858 3982 A
1945 3932 2010 3983 15
2052 3947 2172 3984 cum
2210 3947 2311 3983 om.
2351 3929 2402 3982 L
2476 3930 2539 3983 21
2571 3929 2608 3982 i*
2639 3932 2779 3980 :stos

490 4017 623 4080 (rae.
662 4019 805 4068 1-2
842 4015 899 4082 l.)
943 4017 1013 4068 M
1167 4021 1381 4070 nostros
1421 4035 1543 4084 ont,
1579 4037 1648 4073 m.
1671 4023 1709 4070 2
1748 4019 1874 4072 add.
1915 4019 1967 4072 L
2112 4019 2180 4072 23
2219 4018 2481 4088 grauiter]
2522 4017 2778 4088 grauibus

488 4102 731 4170 grauiter
766 4103 845 4157 ed.
886 4105 1065 4174 Migpz.
1214 4111 1712 4176 contempneremus
1751 4113 1808 4162 et
1844 4109 2135 4161 toleremus
2176 4107 2367 4172 (m.1?
2403 4124 2540 4162 corr.
2578 4107 2777 4161 tolera-

490 4197 686 4255 remus)
728 4193 799 4245 M
833 4195 1280 4247 contemnet-imus
1320 4199 1375 4247 et
1412 4196 1704 4248 toleramus
1743 4198 1794 4248 A
1905 4197 1974 4249 ⁸24
2011 4197 2228 4249 omnino
2269 4197 2351 4249 bis
2395 4199 2440 4248 (J
2581 4212 2640 4248 ac
2677 4211 2776 4247 om.

490 4279 669 4334 MAR
814 4282 1229 4347 corrigendosue
1264 4283 1321 4338 R
1502 4285 1569 4337 ‘25
1609 4288 1927 4352 argueretur
1959 4285 2034 4338 M
2067 4287 2200 4356 (ras,
2241 4290 2512 4353 ageretur)
2550 4285 2603 4339 R
2641 4289 2780 4350 (m.1

487 4383 665 4437 supra
699 4369 726 4422 ἒ*
763 4371 1038 4440 ageretur)
1078 4375 1331 4441 ageretur
1366 4373 1417 4425 L
1458 4372 1524 4426 el
1544 4390 1641 4426 rm
1683 4375 1982 4442 agitaretur
2009 4374 2053 4441 f
2180 4393 2365 4429 uerum
2393 4375 2468 4428 M
2492 4378 2548 4428 et
2574 4391 2700 4428 uere
2729 4373 2782 4426 P

2830 1648 2879 1685 10

2822 2715 2878 2752 20
