3184 4959
450 401 579 464 374
1156 401 1210 456 S.
1264 401 1540 455 Aureli
1601 401 2037 470 Augustini

452 614 681 678 magna
736 596 1021 678 quaestio
1081 601 1198 673 est,
1259 595 1423 661 sitne
1481 596 1819 678 aliquando
1867 597 2119 662 mentiri
2169 598 2289 662 uiri
2336 599 2504 678 boni,
2551 599 2748 664 immo

452 702 571 767 uiri
622 701 987 781 Christiani,
1039 704 1335 786 qualibus
1385 702 1628 768 dictum
1676 706 1801 768 est:
1853 702 1968 769 Sit
2015 703 2085 768 in
2137 724 2260 770 ore
2307 709 2566 772 uestro
2615 709 2750 772 ‘est

454 813 612 888 est‘,
662 815 816 875 ‘non
877 819 1039 874 non’
1097 813 1161 874 et
1217 809 1324 892 qui
1382 828 1527 875 cum
1584 809 1706 874 fide
1763 809 2059 876 audiunt:
2126 811 2404 878 Perdes
2473 833 2747 879 omneS.

348 923 431 984 22
454 917 581 998 qui
627 918 1045 1001 loquuntur
1090 917 1584 992 mendacium3
1637 915 1768 994 sed,
1819 921 1892 982 ut
1939 917 2083 994 dixi,
2133 922 2197 983 et
2244 919 2366 984 alia
2413 923 2479 984 et
2523 939 2750 1004 magna

457 1024 743 1107 quaestio
802 1027 901 1088 est
946 1061 1032 1072 —
1083 1024 1298 1107 eligat,
1348 1023 1517 1106 quod
1571 1013 1870 1100 uoluerit,
1921 1024 2027 1106 qui
2087 1025 2204 1089 hoc
2254 1025 2592 1104 existimat,
2641 1027 2751 1090 ubi

455 1129 815 1210 mentiatur,
885 1130 1033 1194 dum
1101 1132 1309 1194 tamen
1370 1127 1445 1192 ab
1505 1128 1929 1196 scribentibus
1979 1131 2346 1198 auctoribus
2395 1136 2750 1198 sanctarum

457 1235 911 1322 scripturarum
978 1238 1041 1300 et
1102 1235 1370 1300 maxime
1428 1236 1869 1301 canonicarum
1921 1237 2295 1304 inconcusse
2353 1238 2644 1304 credatur
2689 1244 2753 1304 et

460 1344 832 1410 defendatur
870 1345 1093 1408 abesse
1134 1341 1385 1407 omnino
1422 1343 1845 1420 mendacium,
1885 1365 1962 1409 ne
1998 1345 2463 1428 dispensatores
2495 1345 2752 1422 Christi,

460 1453 537 1516 de
584 1453 817 1534 quibus
866 1450 1109 1515 dictum
1157 1453 1283 1514 est:
1340 1448 1479 1514 Hic
1538 1450 1680 1514 iam
1746 1451 2138 1533 quaeritur
2201 1452 2398 1517 inter
2463 1453 2753 1536 dispen-

464 1562 778 1636 satores,
846 1561 929 1623 ut
992 1557 1257 1622 fidelis
1326 1557 1489 1638 quis
1553 1558 2013 1636 inueniatur,
2081 1563 2406 1643 tamquam
2453 1579 2752 1644 magnum
2793 1580 2848 1617 ιο

462 1666 701 1750 aliquid
767 1665 889 1730 sibi
951 1665 1223 1729 fideliter
1285 1662 1585 1729 didicisse
1631 1664 1968 1730 uideantur
2011 1685 2123 1748 pro
2176 1666 2459 1730 ueritatis
2508 1667 2754 1748 dispen-

465 1773 706 1838 satione
780 1771 1052 1849 mentiri,
1130 1790 1275 1834 cum
1337 1770 1481 1853 ipsa
1547 1771 1700 1835 fides
1765 1771 1830 1836 in
1895 1773 2119 1838 Latino
2187 1792 2474 1838 sermone
2538 1773 2614 1838 ab
2681 1793 2752 1838 eo

466 1880 713 1944 dicatur
766 1877 1100 1961 appellata,
1159 1877 1307 1960 quia
1359 1877 1451 1952 fit,
1510 1878 1678 1960 quod
1727 1877 1976 1942 dicitur.
2036 1879 2144 1944 ubi
2193 1884 2404 1946 autem
2449 1879 2541 1956 fit,
2590 1879 2758 1962 quod

468 1986 718 2063 dicitur,
766 1985 1112 2050 mentiendi
1158 1985 1378 2066 utique
1427 2004 1547 2050 non
1598 1988 1698 2050 est
1742 1986 1943 2052 locus
2007 1987 2212 2052 fidelis
2260 1987 2457 2072 igitur
2509 1987 2757 2070 dispen-

468 2100 640 2159 sator
702 2093 1028 2177 apostolus
1086 2091 1323 2156 Paulus
1392 2094 1612 2174 procul
1681 2092 1868 2157 dubio
1935 2094 2116 2158 nobis
2183 2094 2436 2159 exhibet
2489 2095 2552 2158 in
2611 2095 2758 2158 scri·
2791 2113 2844 2151 tr>

466 2199 671 2265 hendo
718 2199 929 2277 fidem,
978 2198 1127 2280 quia
1170 2198 1463 2263 ueritatis
1512 2198 1911 2281 dispensator
1959 2204 2110 2278 erat,
2157 2220 2276 2266 non
2316 2200 2636 2266 falsitatis
2687 2219 2758 2266 ac

466 2327 579 2391 per
642 2307 763 2371 hoc
828 2325 1052 2370 uerum
1118 2303 1375 2388 scripsit
1429 2303 1672 2368 uidisse
1730 2324 1796 2370 se
1841 2307 2102 2373 Petrum
2162 2325 2281 2372 non
2338 2311 2508 2372 recte
2553 2307 2757 2392 ingre·

469 2414 748 2480 dientem
816 2413 894 2478 ad
958 2410 1294 2476 ueritatem
1361 2411 1675 2496 euangelii
1741 2412 1922 2494 eique
1987 2412 2049 2476 in
2123 2413 2350 2478 faciem
2423 2413 2758 2490 restitisse,

471 2521 639 2604 quod
688 2522 908 2606 gentes
956 2520 1211 2604 cogeret
1246 2517 1580 2583 iudaizare.
1628 2519 1766 2600 ipse
1803 2538 1953 2583 uero
1991 2519 2240 2597 Petrus,
2282 2520 2450 2602 quod
2489 2539 2525 2584 a
2559 2519 2760 2584 Paulo

471 2628 663 2693 fiebat
718 2627 963 2692 utiliter
1014 2627 1307 2690 libertate
1366 2626 1669 2704 caritatis,
1727 2629 1980 2690 sanctae
2038 2645 2109 2690 ac
2163 2627 2472 2710 benignae
2526 2628 2761 2709 pietate
2799 2649 2854 2688 20

652 2892 684 2944 2
723 2889 919 2943 Matth.
960 2892 1009 2954 5,
1052 2889 1145 2954 37;
1185 2889 1293 2942 Iac.
1336 2891 1383 2952 5,
1429 2889 1491 2943 12
1612 2890 1643 2942 3
1683 2890 1770 2942 Ps.
1811 2893 1861 2952 5,
1903 2890 1934 2942 7
2058 2891 2088 2943 9
2127 2889 2154 2942 Ι
2195 2887 2312 2944 Cer.
2355 2891 2406 2952 4,
2446 2889 2480 2942 2
2593 2891 2658 2943 12
2697 2889 2761 2943 cf.

475 2979 585 3034 Cic.
627 2977 693 3032 de
734 2979 821 3032 off.
858 2979 885 3032 I
926 2979 975 3040 7,
1015 2979 1083 3032 23
1196 2979 1261 3030 17
1302 2975 1421 3030 Gal.
1463 2979 1510 3041 2,
1556 2978 1648 3040 14;
1691 2979 1752 3031 11

552 3165 574 3217 1
617 3163 845 3218 mentire
879 3161 925 3232 Q
1032 3160 1163 3216 boni
1197 3161 1300 3215 uiri
1329 3163 1388 3218 E
1494 3163 1527 3214 2
1559 3163 1672 3215 ueri
1699 3160 1756 3216 R
1864 3165 1950 3215 est
1979 3168 2108 3216 ante
2135 3163 2209 3216 sit
2237 3163 2300 3216 in
2327 3163 2438 3230 fine
2455 3180 2588 3234 pay.
2611 3180 2712 3218 om.
2735 3165 2774 3218 I

476 3255 507 3306 3
546 3270 651 3306 non
692 3269 799 3306 non
837 3255 899 3304 ut
934 3267 1043 3304 non
1081 3251 1179 3304 sub
1219 3249 1419 3305 iudicio
1459 3249 1728 3304 decidatis
1767 3255 1823 3306 et
1861 3251 1952 3320 qui
1991 3251 2110 3306 edd.
2149 3267 2250 3306 sec.
2291 3269 2368 3320 ep.
2414 3254 2526 3306 Iac.
2677 3253 2766 3322 qui

478 3341 617 3410 cum]
658 3341 963 3410 quicunque
1000 3337 1055 3394 R
1233 3340 1268 3392 4
1304 3339 1400 3392 sed
1438 3339 1570 3393 haec
1611 3344 1672 3393 ut
1709 3339 1818 3393 dixi
1857 3339 2222 3411 HQIElrm
2412 3343 2468 3395 et
2495 3347 2626 3410 post
2661 3341 2768 3396 alia

478 3447 579 3485 om.
622 3430 781 3484 PER
890 3431 922 3482 5
963 3428 1187 3482 extimat
1223 3427 1290 3482 H
1386 3429 1419 3482 6
1457 3428 1561 3482 hab
1603 3427 1964 3482 scribentibus
2003 3429 2069 3482 H
2106 3445 2136 3482 a
2171 3429 2536 3484 scribentibus
2565 3429 2620 3485 R
2645 3429 2764 3486 edd.

480 3517 913 3574 adscribentibus
934 3521 979 3587 ρ
1010 3517 1435 3571 asscribentibus
1453 3516 1585 3571 ME
1653 3517 1684 3570 8
1716 3518 1933 3571 omnino
1965 3517 2152 3572 abesse
2174 3518 2206 3570 1
2230 3519 2351 3572 edd.
2461 3519 2688 3574 habesse
2707 3517 2774 3572 H

550 3607 829 3662 mendacio
872 3606 931 3658 H
1037 3607 1069 3660 9
1109 3605 1313 3660 dictum
1354 3622 1455 3660 om.
1493 3606 1670 3659 PMA
1797 3607 1852 3659 in
1889 3607 1956 3660 Η
2081 3603 2435 3676 dispentores,
2475 3623 2613 3662 corr.
2654 3612 2770 3661 m.1

483 3695 883 3766 dispensatores
920 3697 975 3750 P
1119 3695 1185 3749 10
1222 3694 1411 3748 fideles
1450 3694 1483 3748 1
1631 3697 1690 3749 11
1732 3713 1828 3765 per
1865 3695 2114 3750 ueritatis
2166 3696 2624 3766 dispensationem
2668 3695 2774 3766 ΘΕ

486 3785 550 3838 12
588 3785 1122 3838 mentiri—sermone
1160 3801 1262 3838 om.
1290 3784 1341 3838 A
1488 3785 1555 3837 ab
1597 3783 1695 3846 bis,
1738 3784 1970 3838 alterum
1999 3801 2140 3839 eras.
2175 3785 2223 3855 Q
2325 3785 2389 3840 13
2419 3791 2551 3854 post
2585 3785 2768 3856 appel·

481 3873 597 3928 lata
630 3873 875 3942 spatium
912 3877 972 3926 11
1007 3875 1121 3940 fere
1159 3873 1193 3927 Ζ.
1237 3873 1285 3943 Q
1321 3872 1587 3942 appellari
1625 3873 1688 3926 H
1841 3873 1984 3943 quod
2026 3874 2079 3927 di
2115 3873 2314 3927 dicitur
2351 3875 2460 3945 ΟΕ
2607 3874 2766 3928 ubi—

484 3963 683 4018 dicitur
721 3979 821 4016 om.
866 3961 973 4032 QE
1095 3962 1160 4015 14
1191 3966 1323 4030 post
1360 3959 1664 4014 mentiendi
1703 3977 1816 4014 ras,
1863 3965 2010 4014 7-8
2048 3962 2083 4015 l.
2123 3962 2158 4014 1
2271 3963 2459 4032 itaque
2496 3963 2555 4016 E
2665 3979 2770 4016 non

484 4079 532 4102 *t
562 4053 713 4106 locus
754 4052 837 4118 (in
872 4067 985 4105 rae.
1014 4051 1133 4118 suit
1172 4050 1248 4120 lo)
1285 4050 1340 4103 P
1517 4049 1864 4120 dispensatur
1901 4051 1964 4104 H
2129 4053 2192 4105 15
2231 4051 2465 4114 exhibet,
2501 4053 2564 4106 in
2599 4067 2771 4120 naary.

485 4140 739 4195 ostendet
773 4141 815 4193 I
970 4137 1219 4192 exhibere
1258 4137 1474 4192 uidetur
1510 4139 1565 4192 in
1612 4138 1719 4208 QE
1897 4139 1962 4194 16
2002 4138 2206 4193 ueritas
2242 4140 2299 4193 P
2451 4141 2534 4210 ac]
2575 4140 2676 4194 hac
2711 4138 2776 4194 H

490 4231 551 4282 17
592 4229 825 4300 scripsit]
876 4227 1013 4282 dixit
1049 4229 1109 4282 Ε
1320 4243 1376 4280 se
1422 4243 1524 4281 om.
1564 4227 1668 4282 HI
1841 4228 1909 4282 20
1955 4232 2144 4282 sancta
2191 4245 2253 4282 ac
2291 4228 2524 4298 benigna
2563 4230 2615 4284 R
2652 4228 2772 4285 edd.

482 4323 703 4388 praeter
723 4335 773 4370 m
915 4318 1019 4372 hac
1058 4317 1122 4370 H
