3184 4959
513 422 598 483 40
1215 419 1270 473 S.
1325 418 1601 471 Aureli
1656 418 2092 486 Augustini

512 613 732 699 lingua
777 616 1156 695 usurpatum
1205 615 1323 691 est,
1371 613 1496 676 nisi
1544 631 1691 677 eum
1738 612 1945 697 epulis
1991 612 2381 695 indulgetur,
2428 615 2504 676 ut
2540 632 2577 677 a
2612 613 2799 677 ratio-

513 721 612 785 nis
659 722 914 785 tramite
961 720 1292 785 deuietur‘?
1342 720 1506 783 unde
1551 720 1850 784 animalia
1890 720 2133 784 ratione
2180 721 2458 784 carentia
2503 720 2802 784 dicuntur

513 828 715 912 aloga,
765 828 996 910 quibus
1043 828 1287 891 similes
1337 830 1486 891 sunt
1531 827 1739 892 uentri
1794 826 2013 892 dediti.
2077 830 2335 911 propter
2390 827 2559 909 quod
2600 827 2801 891 inmo-

514 934 800 999 deratum
849 934 1239 1011 conuiuium,
1289 952 1412 1017 quo
1459 952 1663 1010 mens,
1708 934 1771 997 in
1812 954 1936 1017 qua
1969 934 2131 999 ratio
2172 933 2553 1011 dominatur,
2589 933 2801 1017 ingur-

513 1042 820 1124 gitatione
869 1039 1165 1106 uescendi
1211 1060 1283 1105 ae
1338 1040 1594 1104 bibendi
1652 1041 1925 1123 quodam
1980 1040 2168 1106 modo
2227 1041 2535 1117 obruitur,
2594 1040 2804 1124 alogia
2862 1060 2889 1101 ⁵

515 1152 933 1232 nuncupatur.
1007 1148 1264 1231 insuper
1337 1148 1528 1212 etiam
1602 1151 1860 1232 propter
1930 1150 2143 1213 cibum
2218 1167 2291 1213 ac
2372 1150 2597 1231 potum
2679 1167 2800 1212 non

516 1256 744 1321 mentis
783 1256 897 1321 sed
934 1256 1174 1320 uentris
1221 1255 1430 1339 alogia
1477 1254 1605 1319 diei
1652 1255 1951 1320 dominici
1998 1255 2154 1320 dicit
2200 1274 2342 1319 esse
2391 1254 2799 1318 cantandum:

517 1362 868 1443 Saturasti,
957 1362 1246 1437 domine,
1333 1362 1605 1425 animam
1696 1361 1943 1425 inanem
2036 1365 2101 1427 et
2189 1362 2429 1445 potasti
2530 1361 2803 1424 animam

517 1470 858 1536 sitientem.
926 1487 961 1533 o
1026 1467 1236 1532 uirum
1315 1467 1698 1550 spiritalem!
1780 1488 1815 1533 o
1886 1488 2191 1552 magnum
2259 1468 2695 1532 ieiunatorem!
2766 1488 2801 1531 o

518 1576 858 1639 carnalium
907 1575 1421 1657 reprehensorem
1469 1578 1534 1638 et
1578 1593 1700 1638 non
1749 1574 2299 1660 uentrieultorem!
2351 1593 2496 1639 ecee
2542 1574 2651 1656 qui
2688 1592 2801 1637 nos
2840 1595 2890 1634 ιο

518 1683 830 1760 admonet,
898 1700 974 1745 ne
1034 1680 1177 1763 lege
1241 1681 1483 1745 uentris
1554 1682 1765 1765 legem
1840 1681 2076 1745 domini
2150 1700 2651 1764 corrumpamuS,
2730 1700 2802 1743 ne

518 1808 744 1870 panem
794 1788 952 1853 caeli
1001 1787 1354 1852 uendamus
1403 1807 1549 1853 esea
1593 1792 1861 1864 terrena,
1917 1792 1982 1852 et
2036 1788 2353 1872 adiungit:
2418 1785 2605 1865 ‘Quia
2658 1806 2803 1851 esca

515 1895 718 1959 Adam
767 1894 1058 1977 paradiso
1105 1895 1314 1977 periit,
1373 1914 1518 1959 esea
1569 1896 1742 1959 Esau
1795 1895 2107 1978 primatus
2164 1895 2421 1959 amisit’.
2490 1912 2637 1959 ecee
2694 1894 2801 1976 qui

519 2002 700 2066 dicit:
768 2003 904 2066 ‘Est
957 2002 1124 2066 enim
1181 2001 1446 2067 Satanae
1501 2001 1741 2066 usitata
1797 2002 2111 2066 calumnia
2157 2001 2491 2084 temptatio
2538 2001 2799 2075 uentriS,

518 2108 622 2173 cui
679 2108 1002 2174 modicum
1066 2108 1312 2187 suadet,
1379 2112 1453 2173 ut
1517 2108 1763 2173 auferat
1822 2113 2053 2175 totum.
2130 2114 2196 2173 et
2257 2109 2526 2185 horum’,
2571 2108 2800 2191 inquit,
2838 2128 2889 2167 ιε

515 2216 967 2299 ‘interpretatio
1014 2220 1494 2298 praeceptorum
1539 2217 1923 2281 uentrieolas
1970 2216 2181 2280 minus
2228 2216 2562 2280 incuruat'.

431 2318 509 2381 12
603 2322 826 2388 Nonne
872 2322 973 2387 his
1019 2322 1234 2387 uerbis
1281 2322 1415 2387 suis
1463 2322 1530 2387 id
1575 2342 1761 2406 agere
1807 2323 2082 2400 uidetur,
2120 2326 2195 2387 ut
2232 2323 2427 2387 etiam
2465 2322 2567 2386 die
2604 2320 2801 2387 domi-

515 2427 656 2492 nico
702 2428 1058 2494 ieiunetur?
1107 2428 1386 2513 alioquin
1433 2430 1713 2494 sanctior
1758 2430 1875 2494 erit
1920 2429 2169 2495 sabbati
2216 2429 2373 2507 dies,
2423 2448 2547 2513 quo
2604 2427 2801 2493 domi-

519 2554 636 2599 nus
685 2535 746 2598 in
796 2540 1205 2601 monumento
1255 2537 1589 2617 requieuit,
1640 2556 1827 2619 quam
1878 2536 2256 2615 dominicuS,
2296 2557 2419 2619 quo
2458 2555 2496 2600 a
2531 2535 2799 2601 mortuis

516 2642 874 2707 resurrexit.
923 2643 1206 2707 sanctius
1254 2646 1351 2707 est
1399 2643 1564 2707 enim
1610 2645 1891 2726 profecto
1940 2645 2299 2723 sabbatum,
2348 2645 2403 2708 si
2448 2643 2798 2708 secundum
2838 2642 2892 2701 ὲο

516 2749 712 2813 uerba
757 2749 949 2813 huius
997 2750 1061 2813 in
1108 2750 1371 2815 sabbato
1416 2770 1530 2833 per
1573 2750 1881 2815 ieiunium
1938 2754 2267 2833 peceatum
2326 2770 2507 2815 omne
2562 2752 2804 2815 nitatur

519 2860 601 2931 et,
659 2856 828 2937 quod
885 2856 1026 2920 aliis
1083 2856 1306 2921 diebus
1366 2860 1759 2921 contractum
1816 2862 1935 2935 est,
1992 2857 2301 2934 aboletur,
2357 2858 2419 2921 in
2486 2857 2801 2923 dominico

519 2964 732 3024 autem
781 2980 890 3043 per
937 2980 1145 3025 escam
1195 2962 1434 3025 uentris
1482 2962 1817 3042 temptatio
1866 2981 1987 3027 non
2036 2967 2300 3027 cauetur
2345 2967 2411 3028 et
2455 2963 2803 3029 diabolicae

519 3067 870 3131 calumniae
918 3067 1098 3132 locus
1148 3068 1334 3133 datur
1379 3072 1443 3132 et
1497 3068 1787 3150 paradiso
1843 3070 2085 3152 peritur
2140 3075 2206 3134 et
2258 3071 2567 3153 primatus
2624 3070 2802 3134 amit-

698 3272 728 3323 7
765 3272 856 3326 Ps.
897 3273 1014 3336 106,
1053 3274 1112 3337 93
1151 3272 1298 3326 Hier.
1338 3273 1423 3339 31,
1462 3274 1531 3327 25

589 3428 621 3481 3
659 3428 814 3482 aloea
847 3428 924 3482 1²²
1032 3429 1208 3484 dedici
1245 3429 1324 3483 Ρ2
1417 3432 1454 3485 4
1493 3430 1785 3485 conuiuum
1820 3430 1899 3484 1³²
2004 3432 2059 3485 in
2100 3434 2226 3502 qua]
2266 3433 2323 3485 in
2362 3450 2467 3502 quo
2504 3434 2561 3489 P
2657 3438 2688 3491 5
2718 3437 2803 3495 assi.

517 3534 653 3572 corr.
696 3533 760 3571 ae
785 3516 865 3571 Ρ2
1005 3519 1228 3573 uiuendi
1254 3518 1331 3572 Ρι
1475 3522 1508 3574 6
1545 3522 1753 3589 putum,
1792 3536 1928 3574 corr.
1966 3524 2153 3590 potum
2182 3521 2249 3575 H
2381 3522 2411 3575 7
2450 3526 2647 3584 uentri,
2676 3542 2741 3579 m.
2766 3530 2806 3579 2

515 3607 722 3659 uentris
747 3605 823 3659 Ρι
930 3606 1112 3676 alogia
1148 3623 1250 3661 om.
1286 3607 1472 3675 spatio
1513 3612 1663 3661 5-6
1702 3609 1735 3663 l.
1774 3609 1963 3663 relicto
1991 3610 2065 3662 P¹
2172 3610 2299 3681 diei]
2339 3610 2483 3665 diedi
2522 3612 2599 3666 Ρ2
2708 3614 2803 3668 do-

517 3696 713 3750 minico
751 3694 826 3749 P¹
997 3699 1274 3749 cantatum
1313 3696 1388 3750 Ρι
1533 3698 1564 3751 9
1606 3714 1637 3750 0
1676 3698 1967 3751 carnalium
2002 3700 2441 3769 reprehensorem
2481 3720 2509 3754 ο
2548 3720 2804 3773 magnum

517 3786 868 3838 ieiunatorem
907 3782 1194 3838 P¹P²P³T
1224 3784 1346 3839 edd.
1441 3786 1506 3840 10
1545 3786 1751 3839 uentris
1790 3786 2047 3841 cultorem
2077 3788 2157 3842 1³³
2256 3790 2317 3843 11
2359 3807 2457 3845 nec
2484 3790 2561 3845 1²²
2670 3792 2724 3845 dl
2764 3794 2812 3846 T

520 3874 586 3927 12
619 3890 722 3942 pro
760 3876 818 3927 et
850 3891 964 3929 rae.
1011 3874 1061 3927 T
1201 3875 1294 3944 qui
1331 3874 1408 3928 Ρ2
1535 3875 1601 3929 13
1642 3874 1797 3929 adam
1837 3875 1903 3929 de
1940 3877 2190 3945 paradiso
2238 3878 2289 3931 Τ
2426 3881 2715 3949 primatum
2754 3899 2807 3933 m

588 3964 702 4032 qui]
744 3962 875 4033 quid
911 3962 990 4017 1²³
1171 3965 1234 4018 15
1275 3963 1365 4033 qui
1393 3964 1542 4032 flm
1728 3965 1793 4019 16
1832 3966 2166 4027 uentrieolai.
2205 3984 2341 4023 corr.
2380 3969 2706 4022 uentricolas
2744 3968 2809 4021 H

585 4050 892 4105 minus--id
929 4068 1030 4106 om.
1069 4052 1124 4105 P
1303 4054 1366 4107 17
1407 4053 1516 4107 suis
1553 4069 1657 4107 om.
1696 4052 1771 4105 1²¹
1963 4051 2042 4121 id]
2079 4054 2127 4107 it
2164 4054 2238 4107 Ρ2
2420 4057 2483 4110 18
2522 4058 2693 4110 sacior
2730 4057 2807 4109 Ρ·3

516 4139 585 4195 20
623 4141 765 4194 enim
801 4157 904 4195 om.
942 4140 1016 4194 Ρι
1124 4142 1187 4194 21
1230 4142 1284 4195 iu
1324 4157 1425 4196 om.
1465 4140 1584 4195 ΗΡ
1724 4140 1942 4195 uidatur
1977 4140 2055 4195 Ρ2
2190 4144 2258 4197 22
2298 4144 2485 4198 diebus
2524 4145 2645 4199 aliia
2684 4146 2803 4199 edd.

516 4228 585 4283 23
625 4230 822 4297 escam]
864 4245 956 4281 esu
993 4227 1068 4281 Ρι
1247 4246 1356 4283 non
1395 4232 1639 4298 cauetur]
1681 4232 1905 4283 uacatur
1948 4229 2001 4283 T
2174 4232 2243 4285 24
2282 4238 2339 4286 et
2376 4249 2407 4285 a
2442 4232 2693 4302 paradiso
2732 4234 2801 4287 ΡΙ

588 4317 912 4371 ammittitur
937 4317 993 4370 P
