<?xml version="1.0" encoding="UTF-8"?>
<!DOCTYPE html PUBLIC "-//W3C//DTD XHTML 1.0 Transitional//EN"
    "http://www.w3.org/TR/xhtml1/DTD/xhtml1-transitional.dtd">
<html xmlns="http://www.w3.org/1999/xhtml" xml:lang="en" lang="en">
 <head>
  <title>
</title>
<meta http-equiv="Content-Type" content="text/html;charset=utf-8" />
  <meta name='ocr-system' content='tesseract 3.04.00' />
  <meta name='ocr-capabilities' content='ocr_page ocr_carea ocr_par ocr_line ocrx_word'/>
</head>
<body>
  <div class='ocr_page' id='page_1' title='image "./corpusscriptoru26wiengoog_0471.png"; bbox 0 0 3184 4959; ppageno 0'>
   <div class='ocr_carea' id='block_1_1' title="bbox 1149 444 2695 514">
    <p class='ocr_par' dir='ltr' id='par_1_1' title="bbox 1149 444 2695 514">
     <span class='ocr_line' id='line_1_1' title="bbox 1149 444 2695 514; baseline 0.005 -16"><span class='ocrx_word' id='word_1_1' title='bbox 1149 445 1681 514; x_wconf 75' lang='lat' dir='ltr'><strong>epistularum</strong></span> <span class='ocrx_word' id='word_1_2' title='bbox 1737 444 1931 499; x_wconf 80' lang='lat' dir='ltr'><strong>XCIII.</strong></span> <span class='ocrx_word' id='word_1_3' title='bbox 2565 451 2695 512; x_wconf 82' lang='lat'><strong>455</strong></span> 
     </span>
    </p>
   </div>
   <div class='ocr_carea' id='block_1_2' title="bbox 232 636 2704 3062">
    <p class='ocr_par' dir='ltr' id='par_1_2' title="bbox 399 636 2700 1042">
     <span class='ocr_line' id='line_1_2' title="bbox 400 636 2696 718; baseline -0 -13"><span class='ocrx_word' id='word_1_4' title='bbox 400 639 937 712; x_wconf 86' lang='lat' dir='ltr'><strong>constituere,</strong></span> <span class='ocrx_word' id='word_1_5' title='bbox 990 639 1053 700; x_wconf 85' lang='lat' dir='ltr'><strong>et</strong></span> <span class='ocrx_word' id='word_1_6' title='bbox 1099 637 1305 718; x_wconf 88' lang='lat' dir='ltr'><strong>quod</strong></span> <span class='ocrx_word' id='word_1_7' title='bbox 1354 637 1618 702; x_wconf 88' lang='lat' dir='ltr'><strong>zelum</strong></span> <span class='ocrx_word' id='word_1_8' title='bbox 1665 636 1795 702; x_wconf 90' lang='lat' dir='ltr'><strong>dei</strong></span> <span class='ocrx_word' id='word_1_9' title='bbox 1842 637 2146 702; x_wconf 85' lang='lat' dir='ltr'><strong>habent</strong></span> <span class='ocrx_word' id='word_1_10' title='bbox 2194 638 2329 704; x_wconf 83' lang='lat' dir='ltr'><strong>sed</strong></span> <span class='ocrx_word' id='word_1_11' title='bbox 2381 659 2529 704; x_wconf 91' lang='lat' dir='ltr'><strong>non</strong></span> <span class='ocrx_word' id='word_1_12' title='bbox 2589 660 2696 704; x_wconf 87' lang='lat' dir='ltr'><strong>se-</strong></span> 
     </span>
     <span class='ocr_line' id='line_1_3' title="bbox 400 743 2700 828; baseline -0 -17"><span class='ocrx_word' id='word_1_13' title='bbox 400 745 738 812; x_wconf 90' lang='lat' dir='ltr'><strong>cundum</strong></span> <span class='ocrx_word' id='word_1_14' title='bbox 789 744 1245 820; x_wconf 86' lang='lat' dir='ltr'><strong>scientiam,</strong></span> <span class='ocrx_word' id='word_1_15' title='bbox 1294 761 1477 826; x_wconf 88' lang='lat' dir='ltr'><strong>pares</strong></span> <span class='ocrx_word' id='word_1_16' title='bbox 1536 743 1696 808; x_wconf 89' lang='lat' dir='ltr'><strong>estis</strong></span> <span class='ocrx_word' id='word_1_17' title='bbox 1745 745 1997 810; x_wconf 88' lang='lat' dir='ltr'><strong>omnino</strong></span> <span class='ocrx_word' id='word_1_18' title='bbox 2049 745 2324 828; x_wconf 84' lang='lat' dir='ltr'><strong>exceptis</strong></span> <span class='ocrx_word' id='word_1_19' title='bbox 2371 745 2700 810; x_wconf 81' lang='lat' dir='ltr'><strong>dumtaxat</strong></span> 
     </span>
     <span class='ocr_line' id='line_1_4' title="bbox 399 851 2700 935; baseline -0.001 -17"><span class='ocrx_word' id='word_1_20' title='bbox 399 853 552 926; x_wconf 81' lang='lat' dir='ltr'><strong>illis,</strong></span> <span class='ocrx_word' id='word_1_21' title='bbox 611 853 997 935; x_wconf 81' lang='lat' dir='ltr'><strong>quicumque</strong></span> <span class='ocrx_word' id='word_1_22' title='bbox 1062 851 1125 915; x_wconf 91' lang='lat' dir='ltr'><strong>in</strong></span> <span class='ocrx_word' id='word_1_23' title='bbox 1192 851 1379 916; x_wconf 90' lang='lat' dir='ltr'><strong>uobis</strong></span> <span class='ocrx_word' id='word_1_24' title='bbox 1446 854 1600 916; x_wconf 89' lang='lat' dir='ltr'><strong>sunt</strong></span> <span class='ocrx_word' id='word_1_25' title='bbox 1657 851 1951 927; x_wconf 87' lang='lat' dir='ltr'><strong>scientes,</strong></span> <span class='ocrx_word' id='word_1_26' title='bbox 2001 851 2152 934; x_wconf 90' lang='lat' dir='ltr'><strong>quid</strong></span> <span class='ocrx_word' id='word_1_27' title='bbox 2211 870 2432 916; x_wconf 87' lang='lat' dir='ltr'><strong>uerum</strong></span> <span class='ocrx_word' id='word_1_28' title='bbox 2481 852 2588 922; x_wconf 78' lang='lat' dir='ltr'><strong>sit,</strong></span> <span class='ocrx_word' id='word_1_29' title='bbox 2637 857 2700 916; x_wconf 83' lang='lat' dir='ltr'><strong>et</strong></span> 
     </span>
     <span class='ocr_line' id='line_1_5' title="bbox 400 958 2696 1042; baseline 0 -18"><span class='ocrx_word' id='word_1_30' title='bbox 400 981 510 1042; x_wconf 89' lang='lat' dir='ltr'><strong>pro</strong></span> <span class='ocrx_word' id='word_1_31' title='bbox 560 959 961 1024; x_wconf 79' lang='lat' dir='ltr'><strong>animositate</strong></span> <span class='ocrx_word' id='word_1_32' title='bbox 1010 976 1162 1024; x_wconf 88' lang='lat' dir='ltr'><strong>suae</strong></span> <span class='ocrx_word' id='word_1_33' title='bbox 1208 958 1650 1040; x_wconf 82' lang='lat' dir='ltr'><strong>peruersitatis</strong></span> <span class='ocrx_word' id='word_1_34' title='bbox 1701 961 1916 1022; x_wconf 83' lang='lat' dir='ltr'><strong>contra</strong></span> <span class='ocrx_word' id='word_1_35' title='bbox 1962 959 2294 1023; x_wconf 87' lang='lat' dir='ltr'><strong>ueritatem</strong></span> <span class='ocrx_word' id='word_1_36' title='bbox 2345 959 2536 1023; x_wconf 87' lang='lat' dir='ltr'><strong>etiam</strong></span> <span class='ocrx_word' id='word_1_37' title='bbox 2576 959 2696 1026; x_wconf 89' lang='lat' dir='ltr'><strong>sibi</strong></span> 
     </span>
    </p>

    <p class='ocr_par' dir='ltr' id='par_1_3' title="bbox 337 1064 2704 1573">
     <span class='ocr_line' id='line_1_6' title="bbox 337 1064 2700 1148; baseline -0.001 -16"><span class='ocrx_word' id='word_1_38' title='bbox 337 1097 361 1132; x_wconf 78' lang='lat'><strong>⁵</strong></span> <span class='ocrx_word' id='word_1_39' title='bbox 400 1066 801 1133; x_wconf 82' lang='lat' dir='ltr'><strong>notissimam</strong></span> <span class='ocrx_word' id='word_1_40' title='bbox 859 1064 1257 1130; x_wconf 79' lang='lat' dir='ltr'><strong>dimicantes,</strong></span> <span class='ocrx_word' id='word_1_41' title='bbox 1338 1065 1563 1129; x_wconf 88' lang='lat' dir='ltr'><strong>horum</strong></span> <span class='ocrx_word' id='word_1_42' title='bbox 1623 1065 1858 1148; x_wconf 82' lang='lat' dir='ltr'><strong>quippe</strong></span> <span class='ocrx_word' id='word_1_43' title='bbox 1914 1064 2210 1148; x_wconf 81' lang='lat' dir='ltr'><strong>impietas</strong></span> <span class='ocrx_word' id='word_1_44' title='bbox 2267 1066 2456 1130; x_wconf 88' lang='lat' dir='ltr'><strong>etiam</strong></span> <span class='ocrx_word' id='word_1_45' title='bbox 2507 1065 2700 1131; x_wconf 86' lang='lat' dir='ltr'><strong>idola-</strong></span> 
     </span>
     <span class='ocr_line' id='line_1_7' title="bbox 400 1169 2704 1254; baseline -0.001 -18"><span class='ocrx_word' id='word_1_46' title='bbox 400 1173 583 1237; x_wconf 85' lang='lat' dir='ltr'><strong>triam</strong></span> <span class='ocrx_word' id='word_1_47' title='bbox 641 1171 902 1238; x_wconf 81' lang='lat' dir='ltr'><strong>forsitan</strong></span> <span class='ocrx_word' id='word_1_48' title='bbox 962 1173 1239 1252; x_wconf 83' lang='lat' dir='ltr'><strong>superat.</strong></span> <span class='ocrx_word' id='word_1_49' title='bbox 1318 1169 1431 1233; x_wconf 89' lang='lat' dir='ltr'><strong>sed</strong></span> <span class='ocrx_word' id='word_1_50' title='bbox 1493 1169 1645 1251; x_wconf 91' lang='lat' dir='ltr'><strong>quia</strong></span> <span class='ocrx_word' id='word_1_51' title='bbox 1690 1187 1812 1234; x_wconf 87' lang='lat' dir='ltr'><strong>non</strong></span> <span class='ocrx_word' id='word_1_52' title='bbox 1859 1169 2044 1234; x_wconf 85' lang='lat' dir='ltr'><strong>facile</strong></span> <span class='ocrx_word' id='word_1_53' title='bbox 2092 1171 2382 1235; x_wconf 88' lang='lat' dir='ltr'><strong>conuinci</strong></span> <span class='ocrx_word' id='word_1_54' title='bbox 2431 1174 2704 1254; x_wconf 85' lang='lat' dir='ltr'><strong>possunt</strong></span> 
     </span>
     <span class='ocr_line' id='line_1_8' title="bbox 401 1274 2698 1360; baseline 0 -19"><span class='ocrx_word' id='word_1_55' title='bbox 401 1317 486 1324; x_wconf 87' lang='lat'><strong>-—-</strong></span> <span class='ocrx_word' id='word_1_56' title='bbox 534 1278 595 1342; x_wconf 88' lang='lat' dir='ltr'><strong>in</strong></span> <span class='ocrx_word' id='word_1_57' title='bbox 662 1278 870 1342; x_wconf 89' lang='lat' dir='ltr'><strong>animo</strong></span> <span class='ocrx_word' id='word_1_58' title='bbox 936 1294 1205 1357; x_wconf 86' lang='lat' dir='ltr'><strong>namque</strong></span> <span class='ocrx_word' id='word_1_59' title='bbox 1261 1274 1423 1340; x_wconf 88' lang='lat' dir='ltr'><strong>latet</strong></span> <span class='ocrx_word' id='word_1_60' title='bbox 1478 1277 1596 1340; x_wconf 92' lang='lat' dir='ltr'><strong>hoc</strong></span> <span class='ocrx_word' id='word_1_61' title='bbox 1651 1276 1892 1340; x_wconf 87' lang='lat' dir='ltr'><strong>malum</strong></span> <span class='ocrx_word' id='word_1_62' title='bbox 1941 1314 2046 1354; x_wconf 86' lang='lat'><strong>-,</strong></span> <span class='ocrx_word' id='word_1_63' title='bbox 2098 1295 2316 1342; x_wconf 90' lang='lat' dir='ltr'><strong>omnes</strong></span> <span class='ocrx_word' id='word_1_64' title='bbox 2371 1283 2698 1360; x_wconf 83' lang='lat' dir='ltr'><strong>tamquam</strong></span> 
     </span>
     <span class='ocr_line' id='line_1_9' title="bbox 398 1382 2698 1452; baseline -0.002 -2"><span class='ocrx_word' id='word_1_65' title='bbox 398 1403 521 1452; x_wconf 90' lang='lat' dir='ltr'><strong>non</strong></span> <span class='ocrx_word' id='word_1_66' title='bbox 569 1404 605 1448; x_wconf 87' lang='lat' dir='ltr'><strong>a</strong></span> <span class='ocrx_word' id='word_1_67' title='bbox 648 1383 833 1448; x_wconf 88' lang='lat' dir='ltr'><strong>nobis</strong></span> <span class='ocrx_word' id='word_1_68' title='bbox 870 1383 1061 1447; x_wconf 88' lang='lat' dir='ltr'><strong>nimis</strong></span> <span class='ocrx_word' id='word_1_69' title='bbox 1102 1383 1294 1447; x_wconf 87' lang='lat' dir='ltr'><strong>alieni</strong></span> <span class='ocrx_word' id='word_1_70' title='bbox 1328 1382 1565 1448; x_wconf 87' lang='lat' dir='ltr'><strong>leniore</strong></span> <span class='ocrx_word' id='word_1_71' title='bbox 1606 1383 1952 1448; x_wconf 86' lang='lat' dir='ltr'><strong>seueritate</strong></span> <span class='ocrx_word' id='word_1_72' title='bbox 1991 1383 2430 1448; x_wconf 88' lang='lat' dir='ltr'><strong>cohercemini.</strong></span> <span class='ocrx_word' id='word_1_73' title='bbox 2478 1387 2544 1447; x_wconf 88' lang='lat' dir='ltr'><strong>et</strong></span> <span class='ocrx_word' id='word_1_74' title='bbox 2578 1383 2698 1448; x_wconf 91' lang='lat' dir='ltr'><strong>hoc</strong></span> 
     </span>
     <span class='ocr_line' id='line_1_10' title="bbox 400 1487 2700 1573; baseline -0.001 -17"><span class='ocrx_word' id='word_1_75' title='bbox 400 1490 657 1573; x_wconf 88' lang='lat' dir='ltr'><strong>quidem</strong></span> <span class='ocrx_word' id='word_1_76' title='bbox 703 1489 807 1554; x_wconf 89' lang='lat' dir='ltr'><strong>uel</strong></span> <span class='ocrx_word' id='word_1_77' title='bbox 858 1488 933 1553; x_wconf 93' lang='lat' dir='ltr'><strong>de</strong></span> <span class='ocrx_word' id='word_1_78' title='bbox 983 1488 1278 1554; x_wconf 87' lang='lat' dir='ltr'><strong>omnibus</strong></span> <span class='ocrx_word' id='word_1_79' title='bbox 1326 1489 1684 1562; x_wconf 83' lang='lat' dir='ltr'><strong>haereticis,</strong></span> <span class='ocrx_word' id='word_1_80' title='bbox 1725 1489 1834 1570; x_wconf 90' lang='lat' dir='ltr'><strong>qui</strong></span> <span class='ocrx_word' id='word_1_81' title='bbox 1873 1487 2250 1554; x_wconf 86' lang='lat' dir='ltr'><strong>Christianis</strong></span> <span class='ocrx_word' id='word_1_82' title='bbox 2289 1491 2700 1555; x_wconf 80' lang='lat' dir='ltr'><strong>sacramentis</strong></span> 
     </span>
    </p>

    <p class='ocr_par' dir='ltr' id='par_1_4' title="bbox 316 1595 2694 1768">
     <span class='ocr_line' id='line_1_11' title="bbox 316 1595 2694 1666; baseline -0.003 0"><span class='ocrx_word' id='word_1_83' title='bbox 316 1631 363 1666; x_wconf 75' lang='grc' dir='ltr'><strong>ιο</strong></span> <span class='ocrx_word' id='word_1_84' title='bbox 403 1597 750 1662; x_wconf 87' lang='lat' dir='ltr'><strong>inbuuntur</strong></span> <span class='ocrx_word' id='word_1_85' title='bbox 812 1599 879 1660; x_wconf 89' lang='lat' dir='ltr'><strong>et</strong></span> <span class='ocrx_word' id='word_1_86' title='bbox 942 1616 977 1660; x_wconf 83' lang='lat' dir='ltr'><strong>a</strong></span> <span class='ocrx_word' id='word_1_87' title='bbox 1044 1595 1279 1660; x_wconf 74' lang='lat' dir='ltr'><strong>Christi</strong></span> <span class='ocrx_word' id='word_1_88' title='bbox 1339 1595 1608 1660; x_wconf 86' lang='lat' dir='ltr'><strong>ueritate</strong></span> <span class='ocrx_word' id='word_1_89' title='bbox 1659 1595 1796 1660; x_wconf 87' lang='lat' dir='ltr'><strong>siue</strong></span> <span class='ocrx_word' id='word_1_90' title='bbox 1843 1596 2088 1661; x_wconf 85' lang='lat' dir='ltr'><strong>unitate</strong></span> <span class='ocrx_word' id='word_1_91' title='bbox 2137 1596 2544 1662; x_wconf 85' lang='lat' dir='ltr'><strong>dissentiunt.</strong></span> <span class='ocrx_word' id='word_1_92' title='bbox 2591 1597 2694 1660; x_wconf 79' lang='lat' dir='ltr'><strong>ue]</strong></span> 
     </span>
     <span class='ocr_line' id='line_1_12' title="bbox 402 1701 1431 1768; baseline 0 -2"><span class='ocrx_word' id='word_1_93' title='bbox 402 1703 757 1768; x_wconf 85' lang='lat' dir='ltr'><strong>Donatistis</strong></span> <span class='ocrx_word' id='word_1_94' title='bbox 808 1702 1101 1766; x_wconf 88' lang='lat' dir='ltr'><strong>omnibus</strong></span> <span class='ocrx_word' id='word_1_95' title='bbox 1152 1701 1431 1766; x_wconf 83' lang='lat' dir='ltr'><strong>dixerim.</strong></span> 
     </span>
    </p>

    <p class='ocr_par' dir='ltr' id='par_1_5' title="bbox 232 1805 2698 2107">
     <span class='ocr_line' id='line_1_13' title="bbox 232 1805 2698 1890; baseline 0.001 -16"><span class='ocrx_word' id='word_1_96' title='bbox 232 1805 297 1864; x_wconf 94' lang='lat' dir='ltr'><strong>ll</strong></span> <span class='ocrx_word' id='word_1_97' title='bbox 492 1808 677 1888; x_wconf 88' lang='lat' dir='ltr'><strong>Quod</strong></span> <span class='ocrx_word' id='word_1_98' title='bbox 722 1813 933 1874; x_wconf 89' lang='lat' dir='ltr'><strong>autem</strong></span> <span class='ocrx_word' id='word_1_99' title='bbox 985 1809 1065 1874; x_wconf 89' lang='lat' dir='ltr'><strong>ad</strong></span> <span class='ocrx_word' id='word_1_100' title='bbox 1108 1827 1227 1874; x_wconf 90' lang='lat' dir='ltr'><strong>uos</strong></span> <span class='ocrx_word' id='word_1_101' title='bbox 1274 1809 1537 1883; x_wconf 85' lang='lat' dir='ltr'><strong>adtinet,</strong></span> <span class='ocrx_word' id='word_1_102' title='bbox 1577 1809 1685 1890; x_wconf 92' lang='lat' dir='ltr'><strong>qui</strong></span> <span class='ocrx_word' id='word_1_103' title='bbox 1734 1827 1854 1874; x_wconf 87' lang='lat' dir='ltr'><strong>non</strong></span> <span class='ocrx_word' id='word_1_104' title='bbox 1904 1809 2110 1875; x_wconf 85' lang='lat' dir='ltr'><strong>solum</strong></span> <span class='ocrx_word' id='word_1_105' title='bbox 2161 1829 2302 1874; x_wconf 88' lang='lat' dir='ltr'><strong>cum</strong></span> <span class='ocrx_word' id='word_1_106' title='bbox 2352 1811 2482 1874; x_wconf 89' lang='lat' dir='ltr'><strong>illis</strong></span> <span class='ocrx_word' id='word_1_107' title='bbox 2532 1829 2698 1876; x_wconf 88' lang='lat' dir='ltr'><strong>com-</strong></span> 
     </span>
     <span class='ocr_line' id='line_1_14' title="bbox 400 1916 2698 2001; baseline 0.001 -21"><span class='ocrx_word' id='word_1_108' title='bbox 400 1917 676 1980; x_wconf 89' lang='lat' dir='ltr'><strong>muniter</strong></span> <span class='ocrx_word' id='word_1_109' title='bbox 722 1917 1095 1982; x_wconf 83' lang='lat' dir='ltr'><strong>Donatistae</strong></span> <span class='ocrx_word' id='word_1_110' title='bbox 1143 1935 1179 1980; x_wconf 85' lang='lat' dir='ltr'><strong>a</strong></span> <span class='ocrx_word' id='word_1_111' title='bbox 1224 1916 1475 1980; x_wconf 87' lang='lat' dir='ltr'><strong>Donato</strong></span> <span class='ocrx_word' id='word_1_112' title='bbox 1524 1935 1746 1980; x_wconf 89' lang='lat' dir='ltr'><strong>uerum</strong></span> <span class='ocrx_word' id='word_1_113' title='bbox 1796 1917 1986 1980; x_wconf 88' lang='lat' dir='ltr'><strong>etiam</strong></span> <span class='ocrx_word' id='word_1_114' title='bbox 2034 1917 2284 1999; x_wconf 86' lang='lat' dir='ltr'><strong>proprie</strong></span> <span class='ocrx_word' id='word_1_115' title='bbox 2330 1917 2698 2001; x_wconf 84' lang='lat' dir='ltr'><strong>Rogatistae</strong></span> 
     </span>
     <span class='ocr_line' id='line_1_15' title="bbox 402 2021 2698 2107; baseline 0.001 -21"><span class='ocrx_word' id='word_1_116' title='bbox 402 2043 439 2086; x_wconf 89' lang='lat' dir='ltr'><strong>a</strong></span> <span class='ocrx_word' id='word_1_117' title='bbox 492 2023 741 2106; x_wconf 84' lang='lat' dir='ltr'><strong>Rogato</strong></span> <span class='ocrx_word' id='word_1_118' title='bbox 808 2023 1234 2106; x_wconf 87' lang='lat' dir='ltr'><strong>appellamini,</strong></span> <span class='ocrx_word' id='word_1_119' title='bbox 1283 2021 1572 2088; x_wconf 89' lang='lat' dir='ltr'><strong>mitiores</strong></span> <span class='ocrx_word' id='word_1_120' title='bbox 1640 2021 1896 2103; x_wconf 89' lang='lat' dir='ltr'><strong>quidem</strong></span> <span class='ocrx_word' id='word_1_121' title='bbox 1964 2042 2104 2088; x_wconf 89' lang='lat' dir='ltr'><strong>esse</strong></span> <span class='ocrx_word' id='word_1_122' title='bbox 2161 2024 2490 2091; x_wconf 80' lang='lat' dir='ltr'><strong>uidemini,</strong></span> <span class='ocrx_word' id='word_1_123' title='bbox 2549 2025 2698 2107; x_wconf 83' lang='lat' dir='ltr'><strong>quia</strong></span> 
     </span>
    </p>

    <p class='ocr_par' dir='ltr' id='par_1_6' title="bbox 312 2128 2700 3062">
     <span class='ocr_line' id='line_1_16' title="bbox 316 2128 2700 2212; baseline -0.001 -14"><span class='ocrx_word' id='word_1_124' title='bbox 316 2159 365 2198; x_wconf 82' lang='lat'><strong>1⁵</strong></span> <span class='ocrx_word' id='word_1_125' title='bbox 404 2129 1002 2196; x_wconf 72' lang='lat' dir='ltr'><strong>circumcellionum</strong></span> <span class='ocrx_word' id='word_1_126' title='bbox 1074 2128 1557 2194; x_wconf 89' lang='lat' dir='ltr'><strong>immanissimis</strong></span> <span class='ocrx_word' id='word_1_127' title='bbox 1633 2128 1935 2212; x_wconf 84' lang='lat' dir='ltr'><strong>gregibus</strong></span> <span class='ocrx_word' id='word_1_128' title='bbox 2009 2147 2132 2194; x_wconf 90' lang='lat' dir='ltr'><strong>non</strong></span> <span class='ocrx_word' id='word_1_129' title='bbox 2206 2130 2500 2203; x_wconf 80' lang='lat' dir='ltr'><strong>saeuitis;</strong></span> <span class='ocrx_word' id='word_1_130' title='bbox 2587 2131 2700 2196; x_wconf 82' lang='lat' dir='ltr'><strong>sed</strong></span> 
     </span>
     <span class='ocr_line' id='line_1_17' title="bbox 403 2234 2696 2316; baseline 0.001 -16"><span class='ocrx_word' id='word_1_131' title='bbox 403 2236 579 2300; x_wconf 86' lang='lat' dir='ltr'><strong>nulla</strong></span> <span class='ocrx_word' id='word_1_132' title='bbox 624 2235 850 2312; x_wconf 87' lang='lat' dir='ltr'><strong>bestia,</strong></span> <span class='ocrx_word' id='word_1_133' title='bbox 892 2234 947 2298; x_wconf 87' lang='lat' dir='ltr'><strong>si</strong></span> <span class='ocrx_word' id='word_1_134' title='bbox 993 2235 1306 2299; x_wconf 89' lang='lat' dir='ltr'><strong>neminem</strong></span> <span class='ocrx_word' id='word_1_135' title='bbox 1352 2234 1667 2312; x_wconf 88' lang='lat' dir='ltr'><strong>uulneret,</strong></span> <span class='ocrx_word' id='word_1_136' title='bbox 1705 2239 2038 2316; x_wconf 89' lang='lat' dir='ltr'><strong>propterea</strong></span> <span class='ocrx_word' id='word_1_137' title='bbox 2073 2241 2409 2302; x_wconf 86' lang='lat' dir='ltr'><strong>mansueta</strong></span> <span class='ocrx_word' id='word_1_138' title='bbox 2446 2237 2696 2314; x_wconf 84' lang='lat' dir='ltr'><strong>dicitur,</strong></span> 
     </span>
     <span class='ocr_line' id='line_1_18' title="bbox 404 2341 2696 2424; baseline 0.001 -18"><span class='ocrx_word' id='word_1_139' title='bbox 404 2342 553 2424; x_wconf 86' lang='lat' dir='ltr'><strong>quia</strong></span> <span class='ocrx_word' id='word_1_140' title='bbox 608 2343 828 2407; x_wconf 88' lang='lat' dir='ltr'><strong>dentes</strong></span> <span class='ocrx_word' id='word_1_141' title='bbox 887 2345 953 2405; x_wconf 90' lang='lat' dir='ltr'><strong>et</strong></span> <span class='ocrx_word' id='word_1_142' title='bbox 1006 2359 1255 2424; x_wconf 88' lang='lat' dir='ltr'><strong>ungues</strong></span> <span class='ocrx_word' id='word_1_143' title='bbox 1310 2360 1434 2406; x_wconf 90' lang='lat' dir='ltr'><strong>non</strong></span> <span class='ocrx_word' id='word_1_144' title='bbox 1490 2341 1702 2406; x_wconf 88' lang='lat' dir='ltr'><strong>habet.</strong></span> <span class='ocrx_word' id='word_1_145' title='bbox 1769 2341 2014 2406; x_wconf 86' lang='lat' dir='ltr'><strong>saeuire</strong></span> <span class='ocrx_word' id='word_1_146' title='bbox 2071 2361 2190 2408; x_wconf 90' lang='lat' dir='ltr'><strong>uos</strong></span> <span class='ocrx_word' id='word_1_147' title='bbox 2237 2343 2406 2408; x_wconf 91' lang='lat' dir='ltr'><strong>nolle</strong></span> <span class='ocrx_word' id='word_1_148' title='bbox 2453 2345 2696 2418; x_wconf 88' lang='lat' dir='ltr'><strong>dicitis;</strong></span> 
     </span>
     <span class='ocr_line' id='line_1_19' title="bbox 406 2447 2698 2534; baseline 0.001 -22"><span class='ocrx_word' id='word_1_149' title='bbox 406 2467 521 2532; x_wconf 87' lang='lat' dir='ltr'><strong>ego</strong></span> <span class='ocrx_word' id='word_1_150' title='bbox 568 2467 689 2514; x_wconf 89' lang='lat' dir='ltr'><strong>nou</strong></span> <span class='ocrx_word' id='word_1_151' title='bbox 738 2467 931 2530; x_wconf 88' lang='lat' dir='ltr'><strong>posse</strong></span> <span class='ocrx_word' id='word_1_152' title='bbox 978 2449 1259 2514; x_wconf 86' lang='lat' dir='ltr'><strong>arbitror.</strong></span> <span class='ocrx_word' id='word_1_153' title='bbox 1308 2447 1401 2513; x_wconf 84' lang='lat' dir='ltr'><strong>ita</strong></span> <span class='ocrx_word' id='word_1_154' title='bbox 1447 2447 1615 2512; x_wconf 89' lang='lat' dir='ltr'><strong>enim</strong></span> <span class='ocrx_word' id='word_1_155' title='bbox 1665 2447 1822 2512; x_wconf 88' lang='lat' dir='ltr'><strong>estis</strong></span> <span class='ocrx_word' id='word_1_156' title='bbox 1867 2467 2128 2513; x_wconf 87' lang='lat' dir='ltr'><strong>numero</strong></span> <span class='ocrx_word' id='word_1_157' title='bbox 2178 2450 2411 2534; x_wconf 85' lang='lat' dir='ltr'><strong>exigui,</strong></span> <span class='ocrx_word' id='word_1_158' title='bbox 2451 2455 2526 2516; x_wconf 88' lang='lat' dir='ltr'><strong>ut</strong></span> <span class='ocrx_word' id='word_1_159' title='bbox 2569 2470 2698 2516; x_wconf 89' lang='lat' dir='ltr'><strong>mo-</strong></span> 
     </span>
     <span class='ocr_line' id='line_1_20' title="bbox 402 2553 2696 2634; baseline 0.001 -14"><span class='ocrx_word' id='word_1_160' title='bbox 402 2575 551 2620; x_wconf 88' lang='lat' dir='ltr'><strong>uere</strong></span> <span class='ocrx_word' id='word_1_161' title='bbox 605 2574 723 2620; x_wconf 90' lang='lat' dir='ltr'><strong>uos</strong></span> <span class='ocrx_word' id='word_1_162' title='bbox 780 2558 999 2620; x_wconf 86' lang='lat' dir='ltr'><strong>contra</strong></span> <span class='ocrx_word' id='word_1_163' title='bbox 1044 2554 1441 2620; x_wconf 86' lang='lat' dir='ltr'><strong>aduersarias</strong></span> <span class='ocrx_word' id='word_1_164' title='bbox 1489 2553 1677 2618; x_wconf 89' lang='lat' dir='ltr'><strong>uobis</strong></span> <span class='ocrx_word' id='word_1_165' title='bbox 1723 2553 2170 2620; x_wconf 87' lang='lat' dir='ltr'><strong>multitudines</strong></span> <span class='ocrx_word' id='word_1_166' title='bbox 2217 2576 2338 2620; x_wconf 86' lang='lat' dir='ltr'><strong>non</strong></span> <span class='ocrx_word' id='word_1_167' title='bbox 2389 2556 2696 2634; x_wconf 84' lang='lat' dir='ltr'><strong>audeatis,</strong></span> 
     </span>
     <span class='ocr_line' id='line_1_21' title="bbox 312 2661 2696 2745; baseline -0 -16"><span class='ocrx_word' id='word_1_168' title='bbox 312 2695 367 2732; x_wconf 64' lang='grc' dir='ltr'><strong>ιο</strong></span> <span class='ocrx_word' id='word_1_169' title='bbox 404 2661 527 2726; x_wconf 89' lang='lat' dir='ltr'><strong>etsi</strong></span> <span class='ocrx_word' id='word_1_170' title='bbox 571 2661 868 2743; x_wconf 84' lang='lat' dir='ltr'><strong>cupiatis.</strong></span> <span class='ocrx_word' id='word_1_171' title='bbox 918 2661 1031 2726; x_wconf 89' lang='lat' dir='ltr'><strong>sed</strong></span> <span class='ocrx_word' id='word_1_172' title='bbox 1074 2678 1385 2743; x_wconf 88' lang='lat' dir='ltr'><strong>ponamus</strong></span> <span class='ocrx_word' id='word_1_173' title='bbox 1431 2679 1550 2725; x_wconf 91' lang='lat' dir='ltr'><strong>uos</strong></span> <span class='ocrx_word' id='word_1_174' title='bbox 1599 2661 1791 2724; x_wconf 77' lang='lat' dir='ltr'><strong>etiam</strong></span> <span class='ocrx_word' id='word_1_175' title='bbox 1836 2661 2026 2740; x_wconf 88' lang='lat' dir='ltr'><strong>nolle,</strong></span> <span class='ocrx_word' id='word_1_176' title='bbox 2067 2661 2236 2745; x_wconf 92' lang='lat' dir='ltr'><strong>quod</strong></span> <span class='ocrx_word' id='word_1_177' title='bbox 2282 2682 2402 2728; x_wconf 90' lang='lat' dir='ltr'><strong>non</strong></span> <span class='ocrx_word' id='word_1_178' title='bbox 2443 2664 2696 2728; x_wconf 85' lang='lat' dir='ltr'><strong>ualetis.</strong></span> 
     </span>
     <span class='ocr_line' id='line_1_22' title="bbox 402 2766 2698 2852; baseline 0 -20"><span class='ocrx_word' id='word_1_179' title='bbox 402 2787 711 2850; x_wconf 85' lang='lat' dir='ltr'><strong>ponamus</strong></span> <span class='ocrx_word' id='word_1_180' title='bbox 768 2787 887 2833; x_wconf 89' lang='lat' dir='ltr'><strong>uos</strong></span> <span class='ocrx_word' id='word_1_181' title='bbox 946 2766 1377 2851; x_wconf 84' lang='lat' dir='ltr'><strong>euangelicam</strong></span> <span class='ocrx_word' id='word_1_182' title='bbox 1440 2766 1842 2844; x_wconf 88' lang='lat' dir='ltr'><strong>sententiam,</strong></span> <span class='ocrx_word' id='word_1_183' title='bbox 1892 2787 2018 2850; x_wconf 87' lang='lat' dir='ltr'><strong>qua</strong></span> <span class='ocrx_word' id='word_1_184' title='bbox 2065 2769 2373 2852; x_wconf 86' lang='lat' dir='ltr'><strong>scriptum</strong></span> <span class='ocrx_word' id='word_1_185' title='bbox 2423 2774 2549 2835; x_wconf 89' lang='lat' dir='ltr'><strong>est:</strong></span> <span class='ocrx_word' id='word_1_186' title='bbox 2619 2769 2698 2834; x_wconf 88' lang='lat' dir='ltr'><strong>Si</strong></span> 
     </span>
     <span class='ocr_line' id='line_1_23' title="bbox 404 2872 2698 2956; baseline 0.001 -18"><span class='ocrx_word' id='word_1_187' title='bbox 404 2875 587 2956; x_wconf 89' lang='lat' dir='ltr'><strong>quis</strong></span> <span class='ocrx_word' id='word_1_188' title='bbox 652 2873 811 2938; x_wconf 84' lang='lat' dir='ltr'><strong>tibi</strong></span> <span class='ocrx_word' id='word_1_189' title='bbox 878 2872 1248 2938; x_wconf 89' lang='lat' dir='ltr'><strong>uoluerit</strong></span> <span class='ocrx_word' id='word_1_190' title='bbox 1312 2872 1674 2936; x_wconf 84' lang='lat' dir='ltr'><strong>tunicam</strong></span> <span class='ocrx_word' id='word_1_191' title='bbox 1738 2873 2042 2938; x_wconf 88' lang='lat' dir='ltr'><strong>tollere</strong></span> <span class='ocrx_word' id='word_1_192' title='bbox 2101 2877 2180 2938; x_wconf 89' lang='lat' dir='ltr'><strong>et</strong></span> <span class='ocrx_word' id='word_1_193' title='bbox 2235 2873 2548 2941; x_wconf 90' lang='lat' dir='ltr'><strong>iudicio</strong></span> <span class='ocrx_word' id='word_1_194' title='bbox 2596 2879 2698 2940; x_wconf 88' lang='lat' dir='ltr'><strong>tc-</strong></span> 
     </span>
     <span class='ocr_line' id='line_1_24' title="bbox 406 2979 2700 3062; baseline 0.001 -16"><span class='ocrx_word' id='word_1_195' title='bbox 406 3001 578 3046; x_wconf 89' lang='lat' dir='ltr'><strong>cum</strong></span> <span class='ocrx_word' id='word_1_196' title='bbox 632 2980 1147 3055; x_wconf 75' lang='lat' dir='ltr'><strong>contendere,</strong></span> <span class='ocrx_word' id='word_1_197' title='bbox 1198 2979 1525 3044; x_wconf 88' lang='lat' dir='ltr'><strong>dimitte</strong></span> <span class='ocrx_word' id='word_1_198' title='bbox 1581 2979 1716 3042; x_wconf 89' lang='lat' dir='ltr'><strong>illi</strong></span> <span class='ocrx_word' id='word_1_199' title='bbox 1777 2985 1856 3044; x_wconf 89' lang='lat' dir='ltr'><strong>et</strong></span> <span class='ocrx_word' id='word_1_200' title='bbox 1899 2981 2265 3062; x_wconf 85' lang='lat' dir='ltr'><strong>pallium,</strong></span> <span class='ocrx_word' id='word_1_201' title='bbox 2315 2983 2408 3048; x_wconf 90' lang='lat' dir='ltr'><strong>sic</strong></span> <span class='ocrx_word' id='word_1_202' title='bbox 2455 2982 2700 3048; x_wconf 87' lang='lat' dir='ltr'><strong>intelle-</strong></span> 
     </span>
    </p>
   </div>
   <div class='ocr_carea' id='block_1_3' title="bbox 578 3227 1085 3288">
    <p class='ocr_par' dir='ltr' id='par_1_7' title="bbox 578 3227 1085 3288">
     <span class='ocr_line' id='line_1_25' title="bbox 578 3227 1085 3288; baseline -0.002 -8"><span class='ocrx_word' id='word_1_203' title='bbox 578 3227 645 3280; x_wconf 82' lang='lat'><strong>21</strong></span> <span class='ocrx_word' id='word_1_204' title='bbox 686 3228 884 3282; x_wconf 82' lang='lat' dir='ltr'><strong>Matth.</strong></span> <span class='ocrx_word' id='word_1_205' title='bbox 925 3229 974 3288; x_wconf 80' lang='lat'><strong>5,</strong></span> <span class='ocrx_word' id='word_1_206' title='bbox 1012 3227 1085 3280; x_wconf 86' lang='lat'><strong>40</strong></span> 
     </span>
    </p>
   </div>
   <div class='ocr_carea' id='block_1_4' title="bbox 332 3365 2756 4414">
    <p class='ocr_par' dir='ltr' id='par_1_8' title="bbox 392 3365 2698 3614">
     <span class='ocr_line' id='line_1_26' title="bbox 476 3365 2698 3440; baseline 0 -19"><span class='ocrx_word' id='word_1_207' title='bbox 476 3369 503 3421; x_wconf 91' lang='lat'>1</span> <span class='ocrx_word' id='word_1_208' title='bbox 544 3367 737 3439; x_wconf 63' lang='lat' dir='ltr'><strong>celum,</strong></span> <span class='ocrx_word' id='word_1_209' title='bbox 774 3369 905 3424; x_wconf 83' lang='lat' dir='ltr'><strong>m.2</strong></span> <span class='ocrx_word' id='word_1_210' title='bbox 940 3367 1113 3438; x_wconf 57' lang='lat' dir='ltr'><strong>zelum</strong></span> <span class='ocrx_word' id='word_1_211' title='bbox 1151 3365 1225 3420; x_wconf 89' lang='lat' dir='ltr'><strong><em>M</em></strong></span> <span class='ocrx_word' id='word_1_212' title='bbox 1365 3369 1403 3440; x_wconf 79' lang='lat'>2</span> <span class='ocrx_word' id='word_1_213' title='bbox 1437 3383 1553 3420; x_wconf 85' lang='lat' dir='ltr'><strong>esse</strong></span> <span class='ocrx_word' id='word_1_214' title='bbox 1591 3367 1646 3420; x_wconf 99' lang='lat' dir='ltr'><strong><em>A</em></strong></span> <span class='ocrx_word' id='word_1_215' title='bbox 1790 3369 1822 3420; x_wconf 86' lang='lat'><strong>3</strong></span> <span class='ocrx_word' id='word_1_216' title='bbox 1862 3367 2054 3431; x_wconf 86' lang='lat' dir='ltr'><strong>sciens,</strong></span> <span class='ocrx_word' id='word_1_217' title='bbox 2093 3383 2230 3423; x_wconf 82' lang='lat' dir='ltr'><strong>corr.</strong></span> <span class='ocrx_word' id='word_1_218' title='bbox 2273 3368 2488 3438; x_wconf 73' lang='lat' dir='ltr'><strong>(m.1?)</strong></span> <span class='ocrx_word' id='word_1_219' title='bbox 2526 3369 2698 3422; x_wconf 86' lang='lat' dir='ltr'><strong>scien-</strong></span> 
     </span>
     <span class='ocr_line' id='line_1_27' title="bbox 400 3455 2684 3526; baseline 0 -16"><span class='ocrx_word' id='word_1_220' title='bbox 400 3464 485 3510; x_wconf 81' lang='lat' dir='ltr'><strong>tes</strong></span> <span class='ocrx_word' id='word_1_221' title='bbox 520 3457 595 3510; x_wconf 81' lang='lat' dir='ltr'><strong><em>M</em></strong></span> <span class='ocrx_word' id='word_1_222' title='bbox 736 3455 880 3526; x_wconf 85' lang='lat' dir='ltr'><strong>qnod</strong></span> <span class='ocrx_word' id='word_1_223' title='bbox 916 3457 1025 3511; x_wconf 64' lang='lat' dir='ltr'><strong>Al,</strong></span> <span class='ocrx_word' id='word_1_224' title='bbox 1205 3457 1241 3508; x_wconf 88' lang='lat'>4</span> <span class='ocrx_word' id='word_1_225' title='bbox 1277 3456 1624 3510; x_wconf 85' lang='lat' dir='ltr'><strong>sibi—etiam</strong></span> <span class='ocrx_word' id='word_1_226' title='bbox 1662 3472 1764 3509; x_wconf 88' lang='lat' dir='ltr'><strong>om.</strong></span> <span class='ocrx_word' id='word_1_227' title='bbox 1809 3455 1857 3509; x_wconf 74' lang='lat' dir='ltr'><strong>(J</strong></span> <span class='ocrx_word' id='word_1_228' title='bbox 2015 3459 2048 3510; x_wconf 90' lang='lat'>5</span> <span class='ocrx_word' id='word_1_229' title='bbox 2085 3455 2452 3511; x_wconf 83' lang='lat' dir='ltr'><strong>idololatriam</strong></span> <span class='ocrx_word' id='word_1_230' title='bbox 2497 3457 2544 3510; x_wconf 82' lang='lat' dir='ltr'><strong><em>C</em></strong></span> <span class='ocrx_word' id='word_1_231' title='bbox 2577 3459 2684 3512; x_wconf 77' lang='lat' dir='ltr'><strong>edd</strong></span> 
     </span>
     <span class='ocr_line' id='line_1_28' title="bbox 392 3543 2696 3614; baseline 0 -16"><span class='ocrx_word' id='word_1_232' title='bbox 392 3550 675 3614; x_wconf 76' lang='lat' dir='ltr'><strong>praetera</strong></span> <span class='ocrx_word' id='word_1_233' title='bbox 854 3545 884 3598; x_wconf 86' lang='lat'>7</span> <span class='ocrx_word' id='word_1_234' title='bbox 932 3560 1157 3610; x_wconf 85' lang='lat' dir='ltr'><strong>marum,</strong></span> <span class='ocrx_word' id='word_1_235' title='bbox 1204 3559 1339 3598; x_wconf 81' lang='lat' dir='ltr'><strong>corr.</strong></span> <span class='ocrx_word' id='word_1_236' title='bbox 1386 3547 1509 3598; x_wconf 85' lang='lat' dir='ltr'><strong>m.1</strong></span> <span class='ocrx_word' id='word_1_237' title='bbox 1554 3543 1753 3598; x_wconf 75' lang='lat' dir='ltr'><strong>malum</strong></span> <span class='ocrx_word' id='word_1_238' title='bbox 1791 3543 1870 3596; x_wconf 82' lang='lat' dir='ltr'><strong><em>M</em></strong></span> <span class='ocrx_word' id='word_1_239' title='bbox 2043 3545 2077 3598; x_wconf 90' lang='grc'>8</span> <span class='ocrx_word' id='word_1_240' title='bbox 2123 3561 2232 3598; x_wconf 86' lang='lat' dir='ltr'><strong>non</strong></span> <span class='ocrx_word' id='word_1_241' title='bbox 2280 3561 2380 3599; x_wconf 82' lang='lat' dir='ltr'><strong>om.</strong></span> <span class='ocrx_word' id='word_1_242' title='bbox 2420 3545 2474 3599; x_wconf 88' lang='lat' dir='ltr'><strong><em>L</em></strong></span> <span class='ocrx_word' id='word_1_243' title='bbox 2509 3547 2696 3614; x_wconf 74' lang='lat' dir='ltr'><strong>flrm</strong></span> 
     </span>
    </p>

    <p class='ocr_par' dir='ltr' id='par_1_9' title="bbox 402 3632 2698 3790">
     <span class='ocr_line' id='line_1_29' title="bbox 472 3632 2697 3688; baseline 0 -1"><span class='ocrx_word' id='word_1_244' title='bbox 472 3633 687 3688; x_wconf 64' lang='lat' dir='ltr'><strong>”nimis</strong></span> <span class='ocrx_word' id='word_1_245' title='bbox 708 3633 761 3687; x_wconf 91' lang='lat' dir='ltr'><strong><em>P</em></strong></span> <span class='ocrx_word' id='word_1_246' title='bbox 780 3633 1018 3686; x_wconf 87' lang='lat' dir='ltr'><strong>minimis</strong></span> <span class='ocrx_word' id='word_1_247' title='bbox 1045 3633 1277 3686; x_wconf 73' lang='lat' dir='ltr'><strong>MAGa</strong></span> <span class='ocrx_word' id='word_1_248' title='bbox 1298 3649 1325 3687; x_wconf 78' lang='lat' dir='ltr'><strong>e</strong></span> <span class='ocrx_word' id='word_1_249' title='bbox 1352 3633 1530 3686; x_wconf 84' lang='lat' dir='ltr'><strong>minus</strong></span> <span class='ocrx_word' id='word_1_250' title='bbox 1560 3639 1678 3686; x_wconf 81' lang='lat' dir='ltr'><strong>cett.</strong></span> <span class='ocrx_word' id='word_1_251' title='bbox 1707 3632 1828 3686; x_wconf 80' lang='lat' dir='ltr'><strong>edd.</strong></span> <span class='ocrx_word' id='word_1_252' title='bbox 1975 3633 2168 3687; x_wconf 86' lang='lat' dir='ltr'><strong>leniori</strong></span> <span class='ocrx_word' id='word_1_253' title='bbox 2195 3634 2317 3688; x_wconf 82' lang='lat' dir='ltr'><strong>Mc</strong></span> <span class='ocrx_word' id='word_1_254' title='bbox 2336 3651 2372 3688; x_wconf 89' lang='grc' dir='ltr'><em>α</em></span> <span class='ocrx_word' id='word_1_255' title='bbox 2395 3635 2416 3687; x_wconf 87' lang='lat' dir='ltr'><em>l</em></span> <span class='ocrx_word' id='word_1_256' title='bbox 2431 3650 2534 3688; x_wconf 81' lang='lat' dir='ltr'><strong>rm</strong></span> <span class='ocrx_word' id='word_1_257' title='bbox 2559 3635 2697 3688; x_wconf 87' lang='lat' dir='ltr'><strong>leui-</strong></span> 
     </span>
     <span class='ocr_line' id='line_1_30' title="bbox 402 3721 2698 3790; baseline 0 -14"><span class='ocrx_word' id='word_1_258' title='bbox 402 3724 483 3777; x_wconf 88' lang='lat' dir='ltr'><strong>ori</strong></span> <span class='ocrx_word' id='word_1_259' title='bbox 518 3723 573 3776; x_wconf 94' lang='lat' dir='ltr'><strong><em>P</em></strong></span> <span class='ocrx_word' id='word_1_260' title='bbox 607 3723 687 3790; x_wconf 80' lang='lat' dir='ltr'><strong>es</strong></span> <span class='ocrx_word' id='word_1_261' title='bbox 814 3723 847 3776; x_wconf 87' lang='grc'>9</span> <span class='ocrx_word' id='word_1_262' title='bbox 884 3722 975 3776; x_wconf 86' lang='lat' dir='ltr'><strong>uel</strong></span> <span class='ocrx_word' id='word_1_263' title='bbox 1014 3725 1065 3788; x_wconf 88' lang='lat' dir='ltr'><strong>(e</strong></span> <span class='ocrx_word' id='word_1_264' title='bbox 1101 3724 1165 3776; x_wconf 76' lang='lat' dir='ltr'><strong>in</strong></span> <span class='ocrx_word' id='word_1_265' title='bbox 1204 3738 1313 3777; x_wconf 75' lang='lat' dir='ltr'><strong>ras.</strong></span> <span class='ocrx_word' id='word_1_266' title='bbox 1350 3739 1421 3776; x_wconf 86' lang='lat' dir='ltr'><strong>m.</strong></span> <span class='ocrx_word' id='word_1_267' title='bbox 1444 3727 1503 3788; x_wconf 81' lang='lat'><strong>2)</strong></span> <span class='ocrx_word' id='word_1_268' title='bbox 1542 3721 1600 3774; x_wconf 90' lang='lat' dir='ltr'><em>P</em></span> <span class='ocrx_word' id='word_1_269' title='bbox 1729 3722 1790 3775; x_wconf 96' lang='lat'><strong>11</strong></span> <span class='ocrx_word' id='word_1_270' title='bbox 1835 3721 2160 3788; x_wconf 78' lang='lat' dir='ltr'><strong>donatistas,</strong></span> <span class='ocrx_word' id='word_1_271' title='bbox 2197 3738 2336 3777; x_wconf 79' lang='lat' dir='ltr'><strong>corr.</strong></span> <span class='ocrx_word' id='word_1_272' title='bbox 2373 3739 2441 3777; x_wconf 85' lang='lat' dir='ltr'><strong>m.</strong></span> <span class='ocrx_word' id='word_1_273' title='bbox 2465 3728 2496 3776; x_wconf 90' lang='lat'><strong><em>1</em></strong></span> <span class='ocrx_word' id='word_1_274' title='bbox 2533 3723 2698 3778; x_wconf 89' lang='lat' dir='ltr'><strong>dona-</strong></span> 
     </span>
    </p>

    <p class='ocr_par' dir='ltr' id='par_1_10' title="bbox 332 3810 2701 4144">
     <span class='ocr_line' id='line_1_31' title="bbox 332 3810 2698 3880; baseline -0.001 -14"><span class='ocrx_word' id='word_1_275' title='bbox 332 3874 338 3878; x_wconf 48' lang='grc'>,</span> <span class='ocrx_word' id='word_1_276' title='bbox 400 3811 549 3866; x_wconf 82' lang='lat' dir='ltr'><strong>tistis</strong></span> <span class='ocrx_word' id='word_1_277' title='bbox 582 3812 639 3867; x_wconf 82' lang='lat' dir='ltr'><strong><em>R</em></strong></span> <span class='ocrx_word' id='word_1_278' title='bbox 785 3810 1073 3864; x_wconf 78' lang='lat' dir='ltr'><strong>dixerimus</strong></span> <span class='ocrx_word' id='word_1_279' title='bbox 1109 3811 1217 3864; x_wconf 87' lang='lat' dir='ltr'><strong>PL</strong></span> <span class='ocrx_word' id='word_1_280' title='bbox 1366 3813 1429 3864; x_wconf 90' lang='grc'><strong>12</strong></span> <span class='ocrx_word' id='word_1_281' title='bbox 1470 3810 1602 3880; x_wconf 85' lang='lat' dir='ltr'><strong>quid</strong></span> <span class='ocrx_word' id='word_1_282' title='bbox 1637 3810 1745 3863; x_wconf 90' lang='lat' dir='ltr'><strong>PL</strong></span> <span class='ocrx_word' id='word_1_283' title='bbox 1784 3813 1946 3877; x_wconf 82' lang='lat' dir='ltr'><strong>(corr.</strong></span> <span class='ocrx_word' id='word_1_284' title='bbox 1986 3811 2152 3880; x_wconf 89' lang='lat' dir='ltr'><strong>quod)</strong></span> <span class='ocrx_word' id='word_1_285' title='bbox 2304 3813 2368 3866; x_wconf 87' lang='lat'><strong>13</strong></span> <span class='ocrx_word' id='word_1_286' title='bbox 2408 3812 2698 3866; x_wconf 79' lang='lat' dir='ltr'><strong>donatistis</strong></span> 
     </span>
     <span class='ocr_line' id='line_1_32' title="bbox 399 3899 2700 3971; baseline 0 -17"><span class='ocrx_word' id='word_1_287' title='bbox 399 3900 631 3954; x_wconf 78' lang='lat' dir='ltr'><strong><em>MAGP</em></strong></span> <span class='ocrx_word' id='word_1_288' title='bbox 662 3903 752 3970; x_wconf 87' lang='lat' dir='ltr'><strong>(m.</strong></span> <span class='ocrx_word' id='word_1_289' title='bbox 774 3904 816 3955; x_wconf 82' lang='lat'><strong><em>2</em></strong></span> <span class='ocrx_word' id='word_1_290' title='bbox 846 3900 876 3952; x_wconf 65' lang='grc' dir='ltr'><strong>λ’</strong></span> <span class='ocrx_word' id='word_1_291' title='bbox 911 3899 1207 3970; x_wconf 84' lang='lat' dir='ltr'><strong>donatiste)</strong></span> <span class='ocrx_word' id='word_1_292' title='bbox 1241 3899 1297 3956; x_wconf 86' lang='lat' dir='ltr'><em>R</em></span> <span class='ocrx_word' id='word_1_293' title='bbox 1410 3902 1475 3954; x_wconf 91' lang='lat'><strong>14</strong></span> <span class='ocrx_word' id='word_1_294' title='bbox 1512 3918 1545 3954; x_wconf 88' lang='lat' dir='ltr'><strong>a</strong></span> <span class='ocrx_word' id='word_1_295' title='bbox 1582 3901 1796 3968; x_wconf 81' lang='lat' dir='ltr'><strong>Rogato</strong></span> <span class='ocrx_word' id='word_1_296' title='bbox 1825 3915 1929 3955; x_wconf 86' lang='lat' dir='ltr'><strong>om.</strong></span> <span class='ocrx_word' id='word_1_297' title='bbox 1965 3901 2012 3952; x_wconf 82' lang='lat' dir='ltr'><em>G</em></span> <span class='ocrx_word' id='word_1_298' title='bbox 2152 3901 2304 3970; x_wconf 82' lang='lat' dir='ltr'><strong>qnia]</strong></span> <span class='ocrx_word' id='word_1_299' title='bbox 2334 3902 2462 3971; x_wconf 82' lang='lat' dir='ltr'><strong>quia</strong></span> <span class='ocrx_word' id='word_1_300' title='bbox 2499 3917 2616 3954; x_wconf 87' lang='lat' dir='ltr'><strong>cum</strong></span> <span class='ocrx_word' id='word_1_301' title='bbox 2647 3901 2700 3954; x_wconf 93' lang='lat' dir='ltr'><em>L</em></span> 
     </span>
     <span class='ocr_line' id='line_1_33' title="bbox 403 3988 2701 4060; baseline -0.001 -16"><span class='ocrx_word' id='word_1_302' title='bbox 403 3990 523 4045; x_wconf 75' lang='lat' dir='ltr'><strong>edd.</strong></span> <span class='ocrx_word' id='word_1_303' title='bbox 560 3996 789 4059; x_wconf 77' lang='lat' dir='ltr'><strong>praeter</strong></span> <span class='ocrx_word' id='word_1_304' title='bbox 808 4005 846 4043; x_wconf 80' lang='lat' dir='ltr'><strong>a</strong></span> <span class='ocrx_word' id='word_1_305' title='bbox 1029 3990 1094 4044; x_wconf 90' lang='lat'><strong>15</strong></span> <span class='ocrx_word' id='word_1_306' title='bbox 1144 3989 1589 4052; x_wconf 86' lang='lat' dir='ltr'><strong>circumcellione,</strong></span> <span class='ocrx_word' id='word_1_307' title='bbox 1637 4004 1776 4044; x_wconf 83' lang='lat' dir='ltr'><strong>corr.</strong></span> <span class='ocrx_word' id='word_1_308' title='bbox 1823 3989 1914 4060; x_wconf 84' lang='lat' dir='ltr'><strong>(m.</strong></span> <span class='ocrx_word' id='word_1_309' title='bbox 1945 3993 1975 4042; x_wconf 92' lang='lat'><strong><em>1</em></strong></span> <span class='ocrx_word' id='word_1_310' title='bbox 1993 3988 2047 4057; x_wconf 69' lang='lat'><strong>52)</strong></span> <span class='ocrx_word' id='word_1_311' title='bbox 2095 3989 2584 4043; x_wconf 85' lang='lat' dir='ltr'><strong>circumcellionum</strong></span> <span class='ocrx_word' id='word_1_312' title='bbox 2631 3991 2701 4042; x_wconf 75' lang='lat' dir='ltr'><strong><em>M</em></strong></span> 
     </span>
     <span class='ocr_line' id='line_1_34' title="bbox 406 4077 2698 4144; baseline -0.001 -11"><span class='ocrx_word' id='word_1_313' title='bbox 406 4082 473 4134; x_wconf 87' lang='lat'><strong>16</strong></span> <span class='ocrx_word' id='word_1_314' title='bbox 509 4083 795 4134; x_wconf 82' lang='lat' dir='ltr'><strong>mansueta</strong></span> <span class='ocrx_word' id='word_1_315' title='bbox 831 4095 949 4132; x_wconf 88' lang='lat' dir='ltr'><strong>esse</strong></span> <span class='ocrx_word' id='word_1_316' title='bbox 988 4077 1191 4132; x_wconf 88' lang='lat' dir='ltr'><strong>dicitur</strong></span> <span class='ocrx_word' id='word_1_317' title='bbox 1227 4079 1279 4131; x_wconf 95' lang='lat' dir='ltr'><em>L</em></span> <span class='ocrx_word' id='word_1_318' title='bbox 1465 4079 1529 4132; x_wconf 90' lang='lat'><strong>17</strong></span> <span class='ocrx_word' id='word_1_319' title='bbox 1568 4079 1778 4132; x_wconf 84' lang='lat' dir='ltr'><strong>habent</strong></span> <span class='ocrx_word' id='word_1_320' title='bbox 1812 4080 1868 4132; x_wconf 91' lang='lat' dir='ltr'><strong><em>A</em></strong></span> <span class='ocrx_word' id='word_1_321' title='bbox 2014 4093 2112 4132; x_wconf 86' lang='lat' dir='ltr'><strong>uos</strong></span> <span class='ocrx_word' id='word_1_322' title='bbox 2149 4078 2214 4131; x_wconf 74' lang='lat' dir='ltr'><strong>in</strong></span> <span class='ocrx_word' id='word_1_323' title='bbox 2248 4079 2360 4144; x_wconf 72' lang='lat' dir='ltr'><strong>fine</strong></span> <span class='ocrx_word' id='word_1_324' title='bbox 2396 4095 2450 4131; x_wconf 82' lang='lat' dir='ltr'><strong>u.</strong></span> <span class='ocrx_word' id='word_1_325' title='bbox 2491 4094 2592 4132; x_wconf 82' lang='lat' dir='ltr'><strong>mn.</strong></span> <span class='ocrx_word' id='word_1_326' title='bbox 2631 4079 2698 4132; x_wconf 75' lang='lat' dir='ltr'><em>M</em></span> 
     </span>
    </p>

    <p class='ocr_par' dir='ltr' id='par_1_11' title="bbox 403 4166 2756 4414">
     <span class='ocr_line' id='line_1_35' title="bbox 476 4166 2707 4237; baseline -0.001 -15"><span class='ocrx_word' id='word_1_327' title='bbox 476 4169 621 4222; x_wconf 89' lang='lat' dir='ltr'><strong>nolle</strong></span> <span class='ocrx_word' id='word_1_328' title='bbox 659 4183 761 4222; x_wconf 72' lang='lat' dir='ltr'><strong>oni.</strong></span> <span class='ocrx_word' id='word_1_329' title='bbox 800 4169 855 4220; x_wconf 89' lang='lat' dir='ltr'><strong><em>A</em></strong></span> <span class='ocrx_word' id='word_1_330' title='bbox 1038 4167 1104 4222; x_wconf 85' lang='lat'><strong>19</strong></span> <span class='ocrx_word' id='word_1_331' title='bbox 1143 4166 1479 4222; x_wconf 82' lang='lat' dir='ltr'><strong>aduersarios</strong></span> <span class='ocrx_word' id='word_1_332' title='bbox 1518 4173 1569 4222; x_wconf 90' lang='lat' dir='ltr'><strong><em>A</em></strong></span> <span class='ocrx_word' id='word_1_333' title='bbox 1730 4167 1800 4222; x_wconf 84' lang='lat'><strong>20</strong></span> <span class='ocrx_word' id='word_1_334' title='bbox 1839 4167 1966 4237; x_wconf 82' lang='lat' dir='ltr'><strong>etsi]</strong></span> <span class='ocrx_word' id='word_1_335' title='bbox 2009 4171 2082 4234; x_wconf 86' lang='lat' dir='ltr'><strong>et,</strong></span> <span class='ocrx_word' id='word_1_336' title='bbox 2121 4183 2259 4223; x_wconf 82' lang='lat' dir='ltr'><strong>corr.</strong></span> <span class='ocrx_word' id='word_1_337' title='bbox 2297 4172 2416 4220; x_wconf 87' lang='lat' dir='ltr'><strong>m.1</strong></span> <span class='ocrx_word' id='word_1_338' title='bbox 2455 4174 2508 4221; x_wconf 86' lang='lat' dir='ltr'><strong>et</strong></span> <span class='ocrx_word' id='word_1_339' title='bbox 2549 4167 2595 4220; x_wconf 91' lang='lat' dir='ltr'><strong>si</strong></span> <span class='ocrx_word' id='word_1_340' title='bbox 2631 4168 2707 4220; x_wconf 82' lang='lat' dir='ltr'><strong><em>M</em></strong></span> 
     </span>
     <span class='ocr_line' id='line_1_36' title="bbox 404 4255 2756 4330; baseline -0.001 -18"><span class='ocrx_word' id='word_1_341' title='bbox 404 4259 469 4312; x_wconf 88' lang='grc'><strong>21</strong></span> <span class='ocrx_word' id='word_1_342' title='bbox 510 4259 632 4326; x_wconf 72' lang='lat' dir='ltr'><strong>uos}</strong></span> <span class='ocrx_word' id='word_1_343' title='bbox 675 4258 837 4310; x_wconf 85' lang='lat' dir='ltr'><strong>etiam</strong></span> <span class='ocrx_word' id='word_1_344' title='bbox 876 4255 1033 4310; x_wconf 86' lang='lat' dir='ltr'><strong>uobis</strong></span> <span class='ocrx_word' id='word_1_345' title='bbox 1062 4255 1115 4310; x_wconf 90' lang='lat' dir='ltr'><em>L</em></span> <span class='ocrx_word' id='word_1_346' title='bbox 1225 4257 1616 4326; x_wconf 84' lang='lat' dir='ltr'><strong>euangelicum,</strong></span> <span class='ocrx_word' id='word_1_347' title='bbox 1657 4272 1792 4310; x_wconf 85' lang='lat' dir='ltr'><strong>corr.</strong></span> <span class='ocrx_word' id='word_1_348' title='bbox 1821 4273 1891 4310; x_wconf 78' lang='lat' dir='ltr'><strong>m.</strong></span> <span class='ocrx_word' id='word_1_349' title='bbox 1918 4261 1946 4308; x_wconf 87' lang='lat'><em>1</em></span> <span class='ocrx_word' id='word_1_350' title='bbox 1975 4257 2342 4326; x_wconf 77' lang='lat' dir='ltr'><strong>euangelicam</strong></span> <span class='ocrx_word' id='word_1_351' title='bbox 2375 4255 2429 4310; x_wconf 82' lang='lat' dir='ltr'><em>R</em></span> <span class='ocrx_word' id='word_1_352' title='bbox 2536 4273 2702 4326; x_wconf 68' lang='lat' dir='ltr'><strong>super</strong></span> <span class='ocrx_word' id='word_1_353' title='bbox 2747 4319 2756 4330; x_wconf 91' lang='lat'><strong><em>.</em></strong></span> 
     </span>
     <span class='ocr_line' id='line_1_37' title="bbox 403 4344 1842 4414; baseline 0 -16"><span class='ocrx_word' id='word_1_354' title='bbox 403 4362 509 4414; x_wconf 87' lang='lat' dir='ltr'><strong>qua</strong></span> <span class='ocrx_word' id='word_1_355' title='bbox 544 4361 657 4400; x_wconf 81' lang='lat' dir='ltr'><strong>ras.</strong></span> <span class='ocrx_word' id='word_1_356' title='bbox 695 4347 751 4400; x_wconf 87' lang='lat' dir='ltr'><strong><em>A</em></strong></span> <span class='ocrx_word' id='word_1_357' title='bbox 861 4347 929 4400; x_wconf 80' lang='lat'><strong>23</strong></span> <span class='ocrx_word' id='word_1_358' title='bbox 968 4345 1235 4402; x_wconf 85' lang='lat' dir='ltr'><strong>intellere.</strong></span> <span class='ocrx_word' id='word_1_359' title='bbox 1272 4361 1340 4400; x_wconf 82' lang='lat' dir='ltr'><strong>m.</strong></span> <span class='ocrx_word' id='word_1_360' title='bbox 1362 4349 1403 4400; x_wconf 79' lang='lat'><strong><em>2</em></strong></span> <span class='ocrx_word' id='word_1_361' title='bbox 1440 4345 1748 4414; x_wconf 85' lang='lat' dir='ltr'><strong>intelligere</strong></span> <span class='ocrx_word' id='word_1_362' title='bbox 1785 4344 1842 4398; x_wconf 89' lang='lat' dir='ltr'><strong><em>P</em></strong></span> 
     </span>
    </p>
   </div>
  </div>
 </body>
</html>
