3184 4959
533 433 661 495 420
1288 426 1340 480 S.
1398 427 1673 480 Aureli
1732 427 2170 496 Augustini

534 626 687 710 quid
734 627 962 704 dicam,
1012 644 1280 707 quorum
1328 627 1457 689 tam
1506 625 1860 708 perniciosa
1895 625 2281 709 peruersitas
2320 623 2425 688 uel
2463 623 2834 688 damnorum

530 738 765 799 terrore
814 734 1183 797 cohercetur
1228 732 1336 796 uel
1382 731 1648 797 docetur
1695 731 1901 808 exilio,
1951 751 2142 814 quam
2191 731 2424 813 ubique
2471 729 2706 796 diffusa
2751 731 2838 794 sit

532 841 822 918 ecclesia,
890 839 1061 904 sicut
1114 839 1329 903 futura
1382 838 1708 922 praedicta
1763 841 1883 914 est,
1941 857 2132 922 quam
2177 837 2426 902 malunt
2472 855 2835 922 oppugnare

532 965 723 1030 quam
768 949 1153 1032 agnoscere?
1203 947 1267 1009 et
1315 944 1372 1010 si
1418 964 1511 1022 ea,
1559 965 1723 1027 quae
1769 963 1880 1027 per
1925 943 2592 1009 misericordissimam
2647 942 2830 1008 disci·

530 1053 767 1136 plinam
814 1053 1165 1136 patiuntur,
1214 1056 1660 1134 comparentur
1705 1051 1798 1116 eis
1845 1051 2054 1128 factis,
2105 1069 2266 1134 quae
2311 1050 2552 1114 furiosa
2587 1051 2835 1114 temeri·
2895 1071 2924 1112 ε

530 1164 661 1224 tate
726 1159 1157 1234 committunt,
1224 1158 1364 1240 quis
1428 1176 1551 1223 non
1626 1157 1860 1238 uideat,
1934 1157 2044 1239 qui
2115 1157 2323 1241 magis
2397 1159 2836 1240 persecutores

530 1265 803 1330 uocandi
868 1268 1061 1330 sunt?
1129 1283 1512 1348 quamquam
1577 1265 1696 1329 filii
1760 1265 1913 1328 mali
1968 1283 2041 1329 eo
2097 1266 2370 1341 tantum,
2420 1281 2544 1345 quo
2591 1262 2836 1346 perdite

532 1373 784 1450 uiuunt,
852 1373 1045 1437 etiam
1112 1373 1169 1436 si
1232 1372 1441 1436 nullas
1504 1371 1816 1436 uiolenter
1869 1371 2144 1436 inferant
2195 1389 2444 1448 manus,
2501 1373 2834 1453 parentum

530 1473 835 1560 pietatem
900 1478 1161 1561 grauius
1226 1480 1711 1560 persequuntur,
1779 1497 1971 1560 quam
2035 1497 2178 1542 cum
2254 1477 2403 1542 illos
2477 1479 2660 1560 pater
2725 1481 2837 1541 aut

531 1589 756 1664 mater,
832 1588 1067 1667 quanto
1143 1583 1418 1666 amplius
1495 1584 1790 1668 diligunt,
1865 1588 2040 1650 tanto
2117 1585 2396 1666 amplius
2461 1584 2539 1649 ad
2603 1584 2829 1648 bonam
2875 1607 2926 1646 ιο

532 1691 735 1754 uitam
780 1689 919 1755 sine
968 1689 1100 1754 ulla
1146 1689 1656 1754 dissimulatione
1705 1691 2116 1772 compellunt.

619 1797 851 1860 Extant
912 1797 1317 1878 publicorum
1380 1799 1936 1861 monumentorum
1999 1795 2368 1862 firmissima
2432 1796 2833 1872 documenta,

534 1923 694 1987 quae
739 1908 921 1986 potes
967 1903 1199 1987 legere,
1250 1904 1307 1968 si
1352 1904 1654 1981 uolueriS,
1701 1904 1897 1968 immo
1945 1909 2092 1988 peto
2142 1909 2208 1969 et
2251 1905 2489 1982 hortor,
2525 1907 2604 1968 ut
2636 1904 2832 1987 legas,

534 2010 763 2092 quibus
810 2010 1131 2094 probatur,
1181 2010 1350 2093 quod
1396 2011 1669 2075 maiores
1719 2031 1957 2088 eorum,
2007 2012 2117 2094 qui
2163 2011 2348 2092 primi
2397 2031 2465 2076 se
2514 2011 2592 2075 ab
2637 2011 2834 2076 eccle-

532 2118 663 2182 siae
726 2136 881 2200 pace
947 2117 1328 2194 diuiserunt,
1384 2119 1551 2182 ultro
1609 2137 1722 2201 per
1765 2119 2118 2183 Anulinum
2170 2123 2326 2183 tunc
2389 2119 2832 2202 proconsulem
2875 2143 2926 2180 ιε,

534 2224 702 2308 apud
750 2223 1239 2290 Constantinum
1282 2225 1728 2308 imperatorem
1786 2245 2083 2290 accusare
2141 2226 2278 2290 ausi
2336 2229 2488 2290 sunt
2534 2224 2833 2290 Caecilia-

533 2351 706 2396 num.
754 2331 817 2395 in
866 2349 989 2413 quo
1038 2331 1261 2414 utique
1308 2330 1543 2397 iudicio
1594 2331 1650 2396 si
1698 2332 2024 2411 uicissent,
2075 2332 2226 2416 quid
2265 2335 2398 2397 erat
2435 2331 2830 2397 Caecilianus

533 2440 609 2504 ab
690 2437 1071 2519 imperatore
1154 2455 1481 2519 passuru3‚
1547 2437 1674 2501 nisi
1739 2436 1908 2519 quod
1999 2437 2061 2501 in
2153 2439 2337 2515 istoe,
2413 2441 2830 2519 posteaquam

533 2543 692 2608 uicti
764 2547 936 2620 sunt,
1008 2543 1485 2624 pronuntiauit?
1562 2543 1674 2608 sed
1740 2543 2042 2609 uidelicet
2105 2545 2163 2608 si
2227 2545 2318 2608 eis
2383 2543 2830 2610 accusantibus

534 2659 723 2732 atque
790 2649 1239 2732 superantibus
1307 2649 1702 2715 Caecilianus
1769 2651 2034 2733 eiusque
2100 2651 2380 2736 collegae
2445 2652 2834 2734 pellerentur
2869 2675 2927 2715 so

534 2755 815 2832 sedibus,
864 2773 1021 2838 quas
1068 2757 1387 2835 tenebant,
1437 2758 1544 2821 uel
1590 2758 1784 2822 etiam
1831 2759 1892 2822 in
1942 2777 2058 2822 sua
2105 2758 2570 2841 conspiratione
2609 2757 2828 2822 duran-

532 2867 631 2926 tes
679 2863 940 2947 grauius
986 2864 1359 2945 punirentur
1410 2901 1483 2910 -
1536 2883 1740 2945 neque
1789 2863 1954 2928 enim
2001 2867 2252 2947 poterat
2297 2865 2505 2966 uictos
2563 2867 2628 2928 et
2679 2865 2833 2929 resi-

532 2971 773 3034 stentes
838 2971 1013 3053 regia
1079 2989 1343 3034 censura
1408 2975 1807 3035 contemnere
1863 3007 1970 3048 ———‚
2028 2974 2180 3034 tunc
2227 2971 2338 3036 isti
2403 2972 2830 3054 prouisionem

535 3093 717 3138 suam
766 3080 831 3140 et
876 3095 987 3158 pro
1037 3076 1309 3140 ecclesia
1355 3078 1699 3142 sollicitam
1745 3097 1962 3142 curam
2009 3077 2490 3160 praedicandam
2535 3078 2832 3142 laudibus

531 3181 931 3247 uentilarent.
982 3201 1145 3247 nunc
1192 3187 1404 3248 autem
1453 3184 1602 3267 quia
1646 3185 1772 3266 ipsi
1821 3185 2104 3266 superati
2151 3189 2319 3260 sunt,
2369 3187 2477 3268 qui
2527 3205 2618 3263 ea,
2669 3203 2829 3269 quae
2865 3205 2922 3246 2⁵

532 3287 959 3364 intendebant,
1036 3290 1298 3373 probare
1371 3291 1632 3354 minime
1705 3295 2071 3375 potuerunt,
2147 3291 2202 3356 si
2287 3292 2438 3375 quid
2519 3311 2632 3376 pro
2715 3311 2832 3357 sua

531 3395 867 3476 iniquitate
914 3396 1262 3479 patiuntur,
1310 3397 1815 3479 persecutionem
1865 3401 2124 3472 uocant;
2193 3417 2308 3462 nec
2367 3402 2616 3464 tantum
2665 3399 2828 3463 furo—

712 3659 745 3712 3
783 3659 871 3712 Ps.
910 3658 961 3724 2,
1000 3658 1033 3711 s

605 3803 637 3854 2
668 3801 1019 3854 coherceatur
1043 3800 1099 3855 R
1196 3803 1230 3854 4
1262 3817 1350 3854 eas
1381 3805 1428 3864 (s
1460 3801 1559 3854 del.
1590 3819 1660 3854 m.
1680 3807 1738 3867 2)
1769 3803 1824 3855 P
1921 3805 1952 3858 5
1983 3806 2389 3872 compatrentur
2415 3807 2528 3872 (pr.
2557 3806 2582 3856 t
2609 3806 2751 3872 exp.)
2781 3803 2838 3854 P

534 3891 565 3943 7
606 3889 705 3943 filii
742 3906 845 3942 om.
884 3891 933 3942 A
1080 3893 1297 3942 tantum
1335 3907 1401 3943 ea:
1434 3907 1565 3952 ras„
1592 3891 1777 3956 fuisse
1811 3893 1928 3945 uid.
1967 3895 2178 3946 tantam
2215 3892 2276 3946 1⁴*
2417 3893 2546 3962 quo]
2589 3892 2736 3962 quod
2761 3897 2842 3960 ef

532 3979 565 4030 8
612 3977 775 4032 nullis
823 3977 879 4032 Α.
1080 3980 1138 4031 11
1190 3978 1628 4032 dissimulatione
1681 3985 1731 4045 (e
1778 3998 1944 4049 super
1989 3997 2102 4035 ras.
2149 3999 2218 4036 m.
2239 3986 2296 4048 1;
2339 3983 2524 4048 fuitne
2567 3999 2632 4036 ae
2661 3982 2712 4048 .2)
2763 3983 2838 4036 M

536 4069 601 4120 15
640 4067 935 4130 anulinum,
975 4071 1102 4120 m.2
1140 4067 1417 4120 anolinum
1456 4069 1510 4121 P
1544 4069 1822 4122 anelinum
1862 4070 1918 4124 R
2047 4071 2113 4124 16
2153 4075 2466 4126 accusatore
2505 4071 2585 4141 (to
2625 4087 2744 4142 exp.
2783 4078 2834 4126 et

530 4173 597 4209 m.
620 4159 658 4206 2
695 4155 823 4218 del.)
858 4157 912 4209 P
990 4157 1061 4211 20
1100 4157 1311 4225 collega
1348 4156 1752 4226 depellerentur
1787 4159 1860 4212 M
1895 4159 2090 4228 collige
2129 4159 2464 4230 pellarentur
2497 4161 2554 4214 A
2635 4161 2704 4214 22
2735 4177 2830 4230 po-

530 4245 665 4296 terit
700 4245 755 4297 P
790 4251 1043 4314 poterant
1080 4246 1136 4301 R
1314 4247 1489 4300 uictor
1524 4247 1581 4300 P
1760 4253 1816 4301 et
1851 4266 1970 4318 exp.
2009 4266 2078 4303 m.
2099 4253 2137 4300 2
2171 4249 2228 4302 Ρ
2351 4251 2422 4303 24
2459 4249 2674 4304 εοΠίοῒῑι
2709 4266 2835 4304 oum

522 4349 717 4400 paru-a
752 4349 865 4386 ras.
907 4341 1037 4388 ante
1075 4352 1107 4388 a
1144 4341 1195 4389 et
1222 4341 1351 4404 post
1386 4337 1461 4388 M
1566 4337 1634 4392 ‘25
1675 4338 1790 4406 qui]
1832 4338 1960 4407 quia
1997 4339 2051 4390 P
2085 4338 2204 4392 edd.
