<?xml version="1.0" encoding="UTF-8"?>
<!DOCTYPE html PUBLIC "-//W3C//DTD XHTML 1.0 Transitional//EN"
    "http://www.w3.org/TR/xhtml1/DTD/xhtml1-transitional.dtd">
<html xmlns="http://www.w3.org/1999/xhtml" xml:lang="en" lang="en">
 <head>
  <title>
</title>
<meta http-equiv="Content-Type" content="text/html;charset=utf-8" />
  <meta name='ocr-system' content='tesseract 3.04.00' />
  <meta name='ocr-capabilities' content='ocr_page ocr_carea ocr_par ocr_line ocrx_word'/>
</head>
<body>
  <div class='ocr_page' id='page_1' title='image "./corpusscriptoru26wiengoog_0682.png"; bbox 0 0 3184 4959; ppageno 0'>
   <div class='ocr_carea' id='block_1_1' title="bbox 489 570 527 632">
    <p class='ocr_par' dir='ltr' id='par_1_1' title="bbox 489 570 527 632">
     <span class='ocr_line' id='line_1_1' title="bbox 489 570 527 632; baseline 0 0"><span class='ocrx_word' id='word_1_1' title='bbox 489 570 527 632; x_wconf 88' lang='lat'>2</span> 
     </span>
    </p>
   </div>
   <div class='ocr_carea' id='block_1_2' title="bbox 573 383 2177 479">
    <p class='ocr_par' dir='ltr' id='par_1_2' title="bbox 573 383 2177 479">
     <span class='ocr_line' id='line_1_2' title="bbox 573 383 2177 479; baseline -0.005 -34"><span class='ocrx_word' id='word_1_2' title='bbox 573 388 742 479; x_wconf 46' lang='lat'>666·</span> <span class='ocrx_word' id='word_1_3' title='bbox 1283 384 1340 439; x_wconf 90' lang='lat' dir='ltr'><strong>S.</strong></span> <span class='ocrx_word' id='word_1_4' title='bbox 1402 383 1678 437; x_wconf 82' lang='lat' dir='ltr'>Aureli</span> <span class='ocrx_word' id='word_1_5' title='bbox 1740 383 2177 452; x_wconf 72' lang='lat' dir='ltr'><strong>Augustini</strong></span> 
     </span>
    </p>
   </div>
   <div class='ocr_carea' id='block_1_3' title="bbox 574 576 2975 3332">
    <p class='ocr_par' dir='ltr' id='par_1_3' title="bbox 574 576 2975 3332">
     <span class='ocr_line' id='line_1_3' title="bbox 663 576 2869 662; baseline -0.001 -18"><span class='ocrx_word' id='word_1_6' title='bbox 663 581 828 645; x_wconf 86' lang='lat' dir='ltr'><strong>Ecce</strong></span> <span class='ocrx_word' id='word_1_7' title='bbox 868 578 1034 644; x_wconf 92' lang='lat' dir='ltr'><strong>enim</strong></span> <span class='ocrx_word' id='word_1_8' title='bbox 1080 582 1182 644; x_wconf 86' lang='lat' dir='ltr'><strong>tot</strong></span> <span class='ocrx_word' id='word_1_9' title='bbox 1218 578 1456 662; x_wconf 84' lang='lat' dir='ltr'>dialogi</span> <span class='ocrx_word' id='word_1_10' title='bbox 1501 577 1657 643; x_wconf 86' lang='lat' dir='ltr'><strong>lecti</strong></span> <span class='ocrx_word' id='word_1_11' title='bbox 1703 578 1757 641; x_wconf 91' lang='lat' dir='ltr'><strong>si</strong></span> <span class='ocrx_word' id='word_1_12' title='bbox 1805 577 1885 641; x_wconf 90' lang='lat' dir='ltr'><strong>ad</strong></span> <span class='ocrx_word' id='word_1_13' title='bbox 1928 576 2277 642; x_wconf 87' lang='lat' dir='ltr'><strong>uidendum</strong></span> <span class='ocrx_word' id='word_1_14' title='bbox 2322 576 2513 642; x_wconf 93' lang='lat' dir='ltr'><strong>finem</strong></span> <span class='ocrx_word' id='word_1_15' title='bbox 2553 579 2618 642; x_wconf 90' lang='lat' dir='ltr'><strong>et</strong></span> <span class='ocrx_word' id='word_1_16' title='bbox 2666 596 2869 659; x_wconf 87' lang='lat' dir='ltr'><strong>capes·</strong></span> 
     </span>
     <span class='ocr_line' id='line_1_4' title="bbox 578 683 2871 766; baseline -0.003 -13"><span class='ocrx_word' id='word_1_17' title='bbox 578 686 843 753; x_wconf 88' lang='lat' dir='ltr'><strong>sendum</strong></span> <span class='ocrx_word' id='word_1_18' title='bbox 900 686 1183 750; x_wconf 90' lang='lat' dir='ltr'><strong>omnium</strong></span> <span class='ocrx_word' id='word_1_19' title='bbox 1239 685 1559 749; x_wconf 89' lang='lat' dir='ltr'><strong>actionum</strong></span> <span class='ocrx_word' id='word_1_20' title='bbox 1616 688 1869 749; x_wconf 88' lang='lat' dir='ltr'><strong>tuarum</strong></span> <span class='ocrx_word' id='word_1_21' title='bbox 1934 683 2093 749; x_wconf 87' lang='lat' dir='ltr'>nihil</span> <span class='ocrx_word' id='word_1_22' title='bbox 2148 688 2211 747; x_wconf 91' lang='lat' dir='ltr'><strong>te</strong></span> <span class='ocrx_word' id='word_1_23' title='bbox 2269 684 2669 762; x_wconf 87' lang='lat' dir='ltr'><strong>adiuuerunt,</strong></span> <span class='ocrx_word' id='word_1_24' title='bbox 2728 683 2871 766; x_wconf 88' lang='lat' dir='ltr'><strong>quid</strong></span> 
     </span>
     <span class='ocr_line' id='line_1_5' title="bbox 574 790 2871 875; baseline -0.002 -18"><span class='ocrx_word' id='word_1_25' title='bbox 574 796 885 875; x_wconf 78' lang='lat' dir='ltr'>prosunt?</span> <span class='ocrx_word' id='word_1_26' title='bbox 943 791 1042 857; x_wconf 83' lang='lat' dir='ltr'><strong>dic</strong></span> <span class='ocrx_word' id='word_1_27' title='bbox 1097 791 1275 858; x_wconf 89' lang='lat' dir='ltr'><strong>mihi.</strong></span> <span class='ocrx_word' id='word_1_28' title='bbox 1343 811 1484 856; x_wconf 85' lang='lat' dir='ltr'><strong>nam</strong></span> <span class='ocrx_word' id='word_1_29' title='bbox 1545 790 1655 855; x_wconf 91' lang='lat' dir='ltr'><strong>ubi</strong></span> <span class='ocrx_word' id='word_1_30' title='bbox 1720 791 1909 856; x_wconf 88' lang='lat' dir='ltr'><strong>finem</strong></span> <span class='ocrx_word' id='word_1_31' title='bbox 1968 790 2374 857; x_wconf 89' lang='lat' dir='ltr'><strong>constitueris</strong></span> <span class='ocrx_word' id='word_1_32' title='bbox 2429 791 2631 858; x_wconf 85' lang='lat' dir='ltr'><strong>totius</strong></span> <span class='ocrx_word' id='word_1_33' title='bbox 2686 790 2871 855; x_wconf 87' lang='lat' dir='ltr'><strong>huius</strong></span> 
     </span>
     <span class='ocr_line' id='line_1_6' title="bbox 575 896 2873 983; baseline -0.002 -19"><span class='ocrx_word' id='word_1_34' title='bbox 575 898 1053 983; x_wconf 86' lang='lat' dir='ltr'><strong>flagrantissimi</strong></span> <span class='ocrx_word' id='word_1_35' title='bbox 1105 898 1304 963; x_wconf 87' lang='lat' dir='ltr'><strong>studii</strong></span> <span class='ocrx_word' id='word_1_36' title='bbox 1360 898 1456 962; x_wconf 88' lang='lat' dir='ltr'><strong>tui</strong></span> <span class='ocrx_word' id='word_1_37' title='bbox 1515 901 1579 962; x_wconf 88' lang='lat' dir='ltr'><strong>et</strong></span> <span class='ocrx_word' id='word_1_38' title='bbox 1633 898 1753 962; x_wconf 87' lang='lat' dir='ltr'><strong>tibi</strong></span> <span class='ocrx_word' id='word_1_39' title='bbox 1806 898 2187 963; x_wconf 79' lang='lat' dir='ltr'><strong>infructuosi</strong></span> <span class='ocrx_word' id='word_1_40' title='bbox 2244 900 2309 963; x_wconf 88' lang='lat' dir='ltr'><strong>et</strong></span> <span class='ocrx_word' id='word_1_41' title='bbox 2363 897 2546 963; x_wconf 90' lang='lat' dir='ltr'><strong>nobis</strong></span> <span class='ocrx_word' id='word_1_42' title='bbox 2602 896 2873 974; x_wconf 89' lang='lat' dir='ltr'><strong>molesti,</strong></span> 
     </span>
     <span class='ocr_line' id='line_1_7' title="bbox 579 1004 2945 1089; baseline -0.003 -18"><span class='ocrx_word' id='word_1_43' title='bbox 579 1006 860 1089; x_wconf 87' lang='lat' dir='ltr'><strong>epistula</strong></span> <span class='ocrx_word' id='word_1_44' title='bbox 894 1008 1008 1071; x_wconf 88' lang='lat' dir='ltr'><strong>tua</strong></span> <span class='ocrx_word' id='word_1_45' title='bbox 1045 1005 1202 1070; x_wconf 86' lang='lat' dir='ltr'><strong>satis</strong></span> <span class='ocrx_word' id='word_1_46' title='bbox 1239 1004 1503 1069; x_wconf 89' lang='lat' dir='ltr'><strong>indicas.</strong></span> <span class='ocrx_word' id='word_1_47' title='bbox 1537 1024 1683 1070; x_wconf 88' lang='lat' dir='ltr'><strong>cum</strong></span> <span class='ocrx_word' id='word_1_48' title='bbox 1715 1005 1877 1070; x_wconf 89' lang='lat' dir='ltr'><strong>euim</strong></span> <span class='ocrx_word' id='word_1_49' title='bbox 1912 1005 1987 1070; x_wconf 89' lang='lat' dir='ltr'><strong>de</strong></span> <span class='ocrx_word' id='word_1_50' title='bbox 2026 1004 2349 1070; x_wconf 89' lang='lat' dir='ltr'><strong>soluendis</strong></span> <span class='ocrx_word' id='word_1_51' title='bbox 2380 1005 2872 1088; x_wconf 86' lang='lat' dir='ltr'><strong>quaestionibus,</strong></span> <span class='ocrx_word' id='word_1_52' title='bbox 2924 1026 2945 1065; x_wconf 74' lang='lat' dir='ltr'><strong>s</strong></span> 
     </span>
     <span class='ocr_line' id='line_1_8' title="bbox 579 1111 2875 1196; baseline -0.002 -19"><span class='ocrx_word' id='word_1_53' title='bbox 579 1132 736 1195; x_wconf 88' lang='lat' dir='ltr'><strong>quas</strong></span> <span class='ocrx_word' id='word_1_54' title='bbox 791 1112 1050 1191; x_wconf 89' lang='lat' dir='ltr'><strong>misisti,</strong></span> <span class='ocrx_word' id='word_1_55' title='bbox 1115 1111 1284 1195; x_wconf 90' lang='lat' dir='ltr'><strong>apud</strong></span> <span class='ocrx_word' id='word_1_56' title='bbox 1339 1131 1440 1175; x_wconf 88' lang='lat' dir='ltr'><strong>me</strong></span> <span class='ocrx_word' id='word_1_57' title='bbox 1506 1131 1617 1194; x_wconf 89' lang='lat' dir='ltr'><strong>per</strong></span> <span class='ocrx_word' id='word_1_58' title='bbox 1677 1112 1923 1176; x_wconf 74' lang='lat' dir='ltr'><strong>litteras</strong></span> <span class='ocrx_word' id='word_1_59' title='bbox 1983 1115 2325 1196; x_wconf 79' lang='lat' dir='ltr'><strong>satageres,</strong></span> <span class='ocrx_word' id='word_1_60' title='bbox 2390 1111 2483 1176; x_wconf 86' lang='lat' dir='ltr'><strong>ita</strong></span> <span class='ocrx_word' id='word_1_61' title='bbox 2536 1112 2875 1194; x_wconf 77' lang='lat' dir='ltr'><strong>scripsisti:</strong></span> 
     </span>
     <span class='ocr_line' id='line_1_9' title="bbox 577 1216 2875 1301; baseline 0.002 -18"><span class='ocrx_word' id='word_1_62' title='bbox 577 1220 864 1283; x_wconf 84' lang='lat' dir='ltr'><strong>‘Possem</strong></span> <span class='ocrx_word' id='word_1_63' title='bbox 918 1218 1026 1297; x_wconf 83' lang='lat' dir='ltr'><strong>te&#39;,</strong></span> <span class='ocrx_word' id='word_1_64' title='bbox 1082 1218 1318 1301; x_wconf 90' lang='lat' dir='ltr'><strong>inquis,</strong></span> <span class='ocrx_word' id='word_1_65' title='bbox 1375 1218 1540 1301; x_wconf 89' lang='lat' dir='ltr'><strong>‘plus</strong></span> <span class='ocrx_word' id='word_1_66' title='bbox 1591 1220 1657 1283; x_wconf 89' lang='lat' dir='ltr'><strong>et</strong></span> <span class='ocrx_word' id='word_1_67' title='bbox 1708 1237 1819 1301; x_wconf 89' lang='lat' dir='ltr'><strong>per</strong></span> <span class='ocrx_word' id='word_1_68' title='bbox 1872 1216 2110 1282; x_wconf 86' lang='lat' dir='ltr'><strong>multos</strong></span> <span class='ocrx_word' id='word_1_69' title='bbox 2169 1235 2345 1283; x_wconf 87' lang='lat' dir='ltr'><strong>caros</strong></span> <span class='ocrx_word' id='word_1_70' title='bbox 2402 1222 2553 1285; x_wconf 90' lang='lat' dir='ltr'><strong>tuos</strong></span> <span class='ocrx_word' id='word_1_71' title='bbox 2610 1238 2875 1287; x_wconf 79' lang='lat' dir='ltr'><strong>exorare,</strong></span> 
     </span>
     <span class='ocr_line' id='line_1_10' title="bbox 580 1324 2879 1408; baseline 0 -19"><span class='ocrx_word' id='word_1_72' title='bbox 580 1324 692 1389; x_wconf 90' lang='lat' dir='ltr'><strong>sed</strong></span> <span class='ocrx_word' id='word_1_73' title='bbox 739 1325 888 1390; x_wconf 90' lang='lat' dir='ltr'><strong>noui</strong></span> <span class='ocrx_word' id='word_1_74' title='bbox 937 1325 1216 1389; x_wconf 87' lang='lat' dir='ltr'><strong>animum</strong></span> <span class='ocrx_word' id='word_1_75' title='bbox 1253 1326 1462 1404; x_wconf 89' lang='lat' dir='ltr'><strong>tuum,</strong></span> <span class='ocrx_word' id='word_1_76' title='bbox 1512 1324 1621 1406; x_wconf 86' lang='lat' dir='ltr'><strong>qui</strong></span> <span class='ocrx_word' id='word_1_77' title='bbox 1658 1342 1781 1389; x_wconf 88' lang='lat' dir='ltr'><strong>non</strong></span> <span class='ocrx_word' id='word_1_78' title='bbox 1828 1324 2035 1408; x_wconf 87' lang='lat' dir='ltr'><strong>rogari</strong></span> <span class='ocrx_word' id='word_1_79' title='bbox 2076 1324 2391 1390; x_wconf 85' lang='lat' dir='ltr'><strong>desiderat</strong></span> <span class='ocrx_word' id='word_1_80' title='bbox 2435 1325 2549 1391; x_wconf 88' lang='lat' dir='ltr'><strong>sed</strong></span> <span class='ocrx_word' id='word_1_81' title='bbox 2588 1325 2879 1391; x_wconf 89' lang='lat' dir='ltr'><strong>omnibus</strong></span> 
     </span>
     <span class='ocr_line' id='line_1_11' title="bbox 579 1431 2883 1523; baseline 0 -26"><span class='ocrx_word' id='word_1_82' title='bbox 579 1436 920 1516; x_wconf 85' lang='lat' dir='ltr'><strong>praestare,</strong></span> <span class='ocrx_word' id='word_1_83' title='bbox 993 1432 1050 1497; x_wconf 88' lang='lat' dir='ltr'><strong>si</strong></span> <span class='ocrx_word' id='word_1_84' title='bbox 1111 1434 1362 1497; x_wconf 87' lang='lat' dir='ltr'><strong>tantum</strong></span> <span class='ocrx_word' id='word_1_85' title='bbox 1428 1432 1618 1523; x_wconf 87' lang='lat' dir='ltr'><strong>absit,</strong></span> <span class='ocrx_word' id='word_1_86' title='bbox 1686 1431 1858 1515; x_wconf 88' lang='lat' dir='ltr'><strong>quod</strong></span> <span class='ocrx_word' id='word_1_87' title='bbox 1922 1432 2206 1511; x_wconf 87' lang='lat' dir='ltr'><strong>dedecet,</strong></span> <span class='ocrx_word' id='word_1_88' title='bbox 2270 1431 2441 1516; x_wconf 89' lang='lat' dir='ltr'><strong>quod</strong></span> <span class='ocrx_word' id='word_1_89' title='bbox 2502 1434 2567 1497; x_wconf 91' lang='lat' dir='ltr'><strong>in</strong></span> <span class='ocrx_word' id='word_1_90' title='bbox 2637 1434 2761 1499; x_wconf 86' lang='lat' dir='ltr'><strong>hac</strong></span> <span class='ocrx_word' id='word_1_91' title='bbox 2819 1452 2883 1497; x_wconf 89' lang='lat' dir='ltr'><strong>re</strong></span> 
     </span>
     <span class='ocr_line' id='line_1_12' title="bbox 579 1537 2956 1625; baseline -0.001 -22"><span class='ocrx_word' id='word_1_92' title='bbox 579 1540 833 1623; x_wconf 89' lang='lat' dir='ltr'><strong>penitus</strong></span> <span class='ocrx_word' id='word_1_93' title='bbox 879 1539 1038 1603; x_wconf 83' lang='lat' dir='ltr'><strong>nihil</strong></span> <span class='ocrx_word' id='word_1_94' title='bbox 1077 1542 1176 1604; x_wconf 87' lang='lat' dir='ltr'><strong>est</strong></span> <span class='ocrx_word' id='word_1_95' title='bbox 1213 1537 1558 1605; x_wconf 85' lang='lat' dir='ltr'><strong>dedecoris.</strong></span> <span class='ocrx_word' id='word_1_96' title='bbox 1604 1541 1817 1604; x_wconf 85' lang='lat' dir='ltr'><strong>tamen</strong></span> <span class='ocrx_word' id='word_1_97' title='bbox 1856 1538 2300 1621; x_wconf 90' lang='lat' dir='ltr'><strong>quodcumque</strong></span> <span class='ocrx_word' id='word_1_98' title='bbox 2350 1543 2469 1618; x_wconf 88' lang='lat' dir='ltr'><strong>est,</strong></span> <span class='ocrx_word' id='word_1_99' title='bbox 2514 1543 2663 1623; x_wconf 87' lang='lat' dir='ltr'><strong>peto</strong></span> <span class='ocrx_word' id='word_1_100' title='bbox 2712 1558 2883 1625; x_wconf 85' lang='lat' dir='ltr'><strong>prae·</strong></span> <span class='ocrx_word' id='word_1_101' title='bbox 2913 1562 2956 1601; x_wconf 85' lang='lat'><strong>10</strong></span> 
     </span>
     <span class='ocr_line' id='line_1_13' title="bbox 581 1645 2883 1731; baseline 0 -20"><span class='ocrx_word' id='word_1_102' title='bbox 581 1650 711 1711; x_wconf 88' lang='lat' dir='ltr'><strong>stes</strong></span> <span class='ocrx_word' id='word_1_103' title='bbox 757 1646 1176 1730; x_wconf 84' lang='lat' dir='ltr'><strong>nauigaturo’.</strong></span> <span class='ocrx_word' id='word_1_104' title='bbox 1223 1647 1288 1711; x_wconf 91' lang='lat' dir='ltr'><strong>in</strong></span> <span class='ocrx_word' id='word_1_105' title='bbox 1336 1646 1436 1711; x_wconf 90' lang='lat' dir='ltr'><strong>his</strong></span> <span class='ocrx_word' id='word_1_106' title='bbox 1484 1646 1699 1712; x_wconf 89' lang='lat' dir='ltr'><strong>uerbis</strong></span> <span class='ocrx_word' id='word_1_107' title='bbox 1740 1645 2051 1729; x_wconf 84' lang='lat' dir='ltr'><strong>epistulae</strong></span> <span class='ocrx_word' id='word_1_108' title='bbox 2098 1648 2247 1711; x_wconf 86' lang='lat' dir='ltr'><strong>tuae</strong></span> <span class='ocrx_word' id='word_1_109' title='bbox 2290 1649 2461 1711; x_wconf 85' lang='lat' dir='ltr'><strong>recte</strong></span> <span class='ocrx_word' id='word_1_110' title='bbox 2500 1646 2759 1731; x_wconf 90' lang='lat' dir='ltr'><strong>quidem</strong></span> <span class='ocrx_word' id='word_1_111' title='bbox 2810 1647 2883 1711; x_wconf 91' lang='lat' dir='ltr'><strong>de</strong></span> 
     </span>
     <span class='ocr_line' id='line_1_14' title="bbox 578 1752 2883 1837; baseline 0 -20"><span class='ocrx_word' id='word_1_112' title='bbox 578 1772 682 1818; x_wconf 90' lang='lat' dir='ltr'><strong>me</strong></span> <span class='ocrx_word' id='word_1_113' title='bbox 747 1752 1092 1832; x_wconf 84' lang='lat' dir='ltr'><strong>existimas,</strong></span> <span class='ocrx_word' id='word_1_114' title='bbox 1160 1752 1331 1835; x_wconf 89' lang='lat' dir='ltr'><strong>quod</strong></span> <span class='ocrx_word' id='word_1_115' title='bbox 1394 1752 1691 1818; x_wconf 90' lang='lat' dir='ltr'><strong>omnibus</strong></span> <span class='ocrx_word' id='word_1_116' title='bbox 1754 1757 2075 1837; x_wconf 87' lang='lat' dir='ltr'><strong>praestare</strong></span> <span class='ocrx_word' id='word_1_117' title='bbox 2132 1752 2507 1831; x_wconf 85' lang='lat' dir='ltr'><strong>desiderem,</strong></span> <span class='ocrx_word' id='word_1_118' title='bbox 2574 1753 2631 1819; x_wconf 90' lang='lat' dir='ltr'><strong>si</strong></span> <span class='ocrx_word' id='word_1_119' title='bbox 2696 1752 2883 1831; x_wconf 86' lang='lat' dir='ltr'><strong>absit,</strong></span> 
     </span>
     <span class='ocr_line' id='line_1_15' title="bbox 583 1859 2888 1944; baseline -0.001 -19"><span class='ocrx_word' id='word_1_120' title='bbox 583 1859 752 1944; x_wconf 87' lang='lat' dir='ltr'><strong>quod</strong></span> <span class='ocrx_word' id='word_1_121' title='bbox 808 1859 1098 1937; x_wconf 89' lang='lat' dir='ltr'><strong>dedecet;</strong></span> <span class='ocrx_word' id='word_1_122' title='bbox 1159 1860 1273 1925; x_wconf 88' lang='lat' dir='ltr'><strong>sed</strong></span> <span class='ocrx_word' id='word_1_123' title='bbox 1329 1860 1392 1924; x_wconf 92' lang='lat' dir='ltr'><strong>in</strong></span> <span class='ocrx_word' id='word_1_124' title='bbox 1448 1862 1568 1925; x_wconf 87' lang='lat' dir='ltr'><strong>hac</strong></span> <span class='ocrx_word' id='word_1_125' title='bbox 1624 1880 1690 1925; x_wconf 87' lang='lat' dir='ltr'><strong>re</strong></span> <span class='ocrx_word' id='word_1_126' title='bbox 1746 1860 1905 1925; x_wconf 87' lang='lat' dir='ltr'><strong>nihil</strong></span> <span class='ocrx_word' id='word_1_127' title='bbox 1953 1879 2096 1925; x_wconf 87' lang='lat' dir='ltr'><strong>esse</strong></span> <span class='ocrx_word' id='word_1_128' title='bbox 2143 1860 2491 1937; x_wconf 75' lang='lat' dir='ltr'><strong>dedecoriS,</strong></span> <span class='ocrx_word' id='word_1_129' title='bbox 2550 1879 2671 1926; x_wconf 92' lang='lat' dir='ltr'><strong>non</strong></span> <span class='ocrx_word' id='word_1_130' title='bbox 2728 1860 2888 1925; x_wconf 89' lang='lat' dir='ltr'><strong>mihi</strong></span> 
     </span>
     <span class='ocr_line' id='line_1_16' title="bbox 581 1966 2886 2051; baseline -0 -20"><span class='ocrx_word' id='word_1_131' title='bbox 581 1966 858 2034; x_wconf 88' lang='lat' dir='ltr'><strong>uidetur.</strong></span> <span class='ocrx_word' id='word_1_132' title='bbox 932 1986 1058 2033; x_wconf 89' lang='lat' dir='ltr'><strong>non</strong></span> <span class='ocrx_word' id='word_1_133' title='bbox 1121 1968 1290 2032; x_wconf 88' lang='lat' dir='ltr'><strong>enim</strong></span> <span class='ocrx_word' id='word_1_134' title='bbox 1355 1968 1661 2033; x_wconf 85' lang='lat' dir='ltr'><strong>dedecora</strong></span> <span class='ocrx_word' id='word_1_135' title='bbox 1730 1967 1925 2032; x_wconf 88' lang='lat' dir='ltr'><strong>facies</strong></span> <span class='ocrx_word' id='word_1_136' title='bbox 1996 1986 2204 2032; x_wconf 88' lang='lat' dir='ltr'><strong>rerum</strong></span> <span class='ocrx_word' id='word_1_137' title='bbox 2284 1966 2557 2051; x_wconf 86' lang='lat' dir='ltr'><strong>adtingit</strong></span> <span class='ocrx_word' id='word_1_138' title='bbox 2628 1986 2886 2031; x_wconf 87' lang='lat' dir='ltr'><strong>sensum</strong></span> 
     </span>
     <span class='ocr_line' id='line_1_17' title="bbox 582 2073 2962 2157; baseline 0 -20"><span class='ocrx_word' id='word_1_139' title='bbox 582 2092 816 2152; x_wconf 90' lang='lat' dir='ltr'><strong>meum,</strong></span> <span class='ocrx_word' id='word_1_140' title='bbox 895 2092 1040 2137; x_wconf 90' lang='lat' dir='ltr'><strong>cum</strong></span> <span class='ocrx_word' id='word_1_141' title='bbox 1113 2074 1326 2157; x_wconf 85' lang='lat' dir='ltr'><strong>cogito</strong></span> <span class='ocrx_word' id='word_1_142' title='bbox 1404 2074 1776 2156; x_wconf 86' lang='lat' dir='ltr'><strong>episcopum</strong></span> <span class='ocrx_word' id='word_1_143' title='bbox 1848 2073 2302 2140; x_wconf 87' lang='lat' dir='ltr'><strong>ecclesiasticis</strong></span> <span class='ocrx_word' id='word_1_144' title='bbox 2379 2074 2547 2138; x_wconf 89' lang='lat' dir='ltr'><strong>curis</strong></span> <span class='ocrx_word' id='word_1_145' title='bbox 2622 2074 2962 2139; x_wconf 86' lang='lat' dir='ltr'><strong>circum-1⁵</strong></span> 
     </span>
     <span class='ocr_line' id='line_1_18' title="bbox 583 2179 2889 2264; baseline -0 -19"><span class='ocrx_word' id='word_1_146' title='bbox 583 2180 1016 2264; x_wconf 84' lang='lat' dir='ltr'><strong>strepentibus</strong></span> <span class='ocrx_word' id='word_1_147' title='bbox 1074 2180 1436 2246; x_wconf 88' lang='lat' dir='ltr'><strong>districtum</strong></span> <span class='ocrx_word' id='word_1_148' title='bbox 1494 2185 1685 2263; x_wconf 82' lang='lat' dir='ltr'><strong>atque</strong></span> <span class='ocrx_word' id='word_1_149' title='bbox 1733 2179 2083 2245; x_wconf 84' lang='lat' dir='ltr'><strong>distentum</strong></span> <span class='ocrx_word' id='word_1_150' title='bbox 2135 2184 2392 2264; x_wconf 87' lang='lat' dir='ltr'><strong>repente</strong></span> <span class='ocrx_word' id='word_1_151' title='bbox 2440 2180 2621 2263; x_wconf 86' lang='lat' dir='ltr'><strong>quasi</strong></span> <span class='ocrx_word' id='word_1_152' title='bbox 2668 2180 2889 2245; x_wconf 86' lang='lat' dir='ltr'><strong>obsur-</strong></span> 
     </span>
     <span class='ocr_line' id='line_1_19' title="bbox 583 2286 2889 2371; baseline 0.001 -20"><span class='ocrx_word' id='word_1_153' title='bbox 583 2286 946 2351; x_wconf 88' lang='lat' dir='ltr'><strong>descentem</strong></span> <span class='ocrx_word' id='word_1_154' title='bbox 985 2286 1278 2353; x_wconf 89' lang='lat' dir='ltr'><strong>cohibere</strong></span> <span class='ocrx_word' id='word_1_155' title='bbox 1327 2307 1395 2352; x_wconf 90' lang='lat' dir='ltr'><strong>se</strong></span> <span class='ocrx_word' id='word_1_156' title='bbox 1433 2287 1511 2351; x_wconf 86' lang='lat' dir='ltr'><strong>ab</strong></span> <span class='ocrx_word' id='word_1_157' title='bbox 1551 2288 1653 2352; x_wconf 89' lang='lat' dir='ltr'><strong>his</strong></span> <span class='ocrx_word' id='word_1_158' title='bbox 1692 2286 1987 2352; x_wconf 90' lang='lat' dir='ltr'><strong>omnibus</strong></span> <span class='ocrx_word' id='word_1_159' title='bbox 2027 2290 2091 2351; x_wconf 88' lang='lat' dir='ltr'><strong>et</strong></span> <span class='ocrx_word' id='word_1_160' title='bbox 2129 2286 2527 2371; x_wconf 87' lang='lat' dir='ltr'><strong>dialogorum</strong></span> <span class='ocrx_word' id='word_1_161' title='bbox 2566 2286 2889 2353; x_wconf 85' lang='lat' dir='ltr'><strong>Tulliano-</strong></span> 
     </span>
     <span class='ocr_line' id='line_1_20' title="bbox 581 2393 2891 2477; baseline -0 -19"><span class='ocrx_word' id='word_1_162' title='bbox 581 2413 722 2458; x_wconf 87' lang='lat' dir='ltr'><strong>rum</strong></span> <span class='ocrx_word' id='word_1_163' title='bbox 769 2394 1284 2476; x_wconf 85' lang='lat' dir='ltr'><strong>quaestiunculas</strong></span> <span class='ocrx_word' id='word_1_164' title='bbox 1343 2395 1452 2459; x_wconf 90' lang='lat' dir='ltr'><strong>uni</strong></span> <span class='ocrx_word' id='word_1_165' title='bbox 1511 2394 1893 2459; x_wconf 84' lang='lat' dir='ltr'><strong>scholastico</strong></span> <span class='ocrx_word' id='word_1_166' title='bbox 1945 2396 2293 2477; x_wconf 81' lang='lat' dir='ltr'><strong>exponere?</strong></span> <span class='ocrx_word' id='word_1_167' title='bbox 2351 2393 2519 2476; x_wconf 91' lang='lat' dir='ltr'><strong>quod</strong></span> <span class='ocrx_word' id='word_1_168' title='bbox 2578 2397 2891 2475; x_wconf 84' lang='lat' dir='ltr'><strong>quantum</strong></span> 
     </span>
     <span class='ocr_line' id='line_1_21' title="bbox 585 2499 2889 2583; baseline -0.001 -18"><span class='ocrx_word' id='word_1_169' title='bbox 585 2499 904 2578; x_wconf 87' lang='lat' dir='ltr'><strong>dedeceat,</strong></span> <span class='ocrx_word' id='word_1_170' title='bbox 954 2518 1338 2583; x_wconf 84' lang='lat' dir='ltr'><strong>quamquam</strong></span> <span class='ocrx_word' id='word_1_171' title='bbox 1382 2504 1643 2565; x_wconf 88' lang='lat' dir='ltr'><strong>tuorum</strong></span> <span class='ocrx_word' id='word_1_172' title='bbox 1691 2500 2048 2565; x_wconf 81' lang='lat' dir='ltr'><strong>studiorum</strong></span> <span class='ocrx_word' id='word_1_173' title='bbox 2092 2502 2313 2583; x_wconf 84' lang='lat' dir='ltr'><strong>raptus</strong></span> <span class='ocrx_word' id='word_1_174' title='bbox 2360 2499 2580 2565; x_wconf 90' lang='lat' dir='ltr'><strong>ardore</strong></span> <span class='ocrx_word' id='word_1_175' title='bbox 2626 2518 2889 2583; x_wconf 87' lang='lat' dir='ltr'><strong>prorsus</strong></span> 
     </span>
     <span class='ocr_line' id='line_1_22' title="bbox 581 2605 2972 2689; baseline -0.002 -20"><span class='ocrx_word' id='word_1_176' title='bbox 581 2606 748 2671; x_wconf 88' lang='lat' dir='ltr'><strong>nolis</strong></span> <span class='ocrx_word' id='word_1_177' title='bbox 822 2606 1180 2686; x_wconf 87' lang='lat' dir='ltr'><strong>adtendere,</strong></span> <span class='ocrx_word' id='word_1_178' title='bbox 1254 2611 1329 2672; x_wconf 89' lang='lat' dir='ltr'><strong>tu</strong></span> <span class='ocrx_word' id='word_1_179' title='bbox 1393 2608 1587 2672; x_wconf 86' lang='lat' dir='ltr'><strong>etiam</strong></span> <span class='ocrx_word' id='word_1_180' title='bbox 1662 2607 1862 2673; x_wconf 87' lang='lat' dir='ltr'><strong>sentis</strong></span> <span class='ocrx_word' id='word_1_181' title='bbox 1937 2610 2170 2673; x_wconf 87' lang='lat' dir='ltr'><strong>tamen.</strong></span> <span class='ocrx_word' id='word_1_182' title='bbox 2248 2606 2401 2689; x_wconf 89' lang='lat' dir='ltr'><strong>quid</strong></span> <span class='ocrx_word' id='word_1_183' title='bbox 2466 2606 2631 2671; x_wconf 87' lang='lat' dir='ltr'><strong>enim</strong></span> <span class='ocrx_word' id='word_1_184' title='bbox 2714 2605 2892 2671; x_wconf 87' lang='lat' dir='ltr'><strong>aliud</strong></span> <span class='ocrx_word' id='word_1_185' title='bbox 2924 2625 2972 2665; x_wconf 77' lang='lat'><strong>20</strong></span> 
     </span>
     <span class='ocr_line' id='line_1_23' title="bbox 583 2712 2893 2796; baseline -0 -21"><span class='ocrx_word' id='word_1_186' title='bbox 583 2712 842 2790; x_wconf 86' lang='lat' dir='ltr'><strong>indicat,</strong></span> <span class='ocrx_word' id='word_1_187' title='bbox 893 2712 1081 2796; x_wconf 89' lang='lat' dir='ltr'><strong>quod,</strong></span> <span class='ocrx_word' id='word_1_188' title='bbox 1131 2731 1280 2778; x_wconf 92' lang='lat' dir='ltr'><strong>cum</strong></span> <span class='ocrx_word' id='word_1_189' title='bbox 1317 2712 1586 2779; x_wconf 85' lang='lat' dir='ltr'><strong>dixisses</strong></span> <span class='ocrx_word' id='word_1_190' title='bbox 1633 2714 1698 2777; x_wconf 91' lang='lat' dir='ltr'><strong>in</strong></span> <span class='ocrx_word' id='word_1_191' title='bbox 1748 2714 1866 2778; x_wconf 85' lang='lat' dir='ltr'><strong>hac</strong></span> <span class='ocrx_word' id='word_1_192' title='bbox 1911 2731 1977 2777; x_wconf 87' lang='lat' dir='ltr'><strong>re</strong></span> <span class='ocrx_word' id='word_1_193' title='bbox 2022 2713 2279 2796; x_wconf 84' lang='lat' dir='ltr'><strong>penitus</strong></span> <span class='ocrx_word' id='word_1_194' title='bbox 2328 2714 2482 2778; x_wconf 90' lang='lat' dir='ltr'><strong>nihil</strong></span> <span class='ocrx_word' id='word_1_195' title='bbox 2522 2732 2665 2778; x_wconf 89' lang='lat' dir='ltr'><strong>esse</strong></span> <span class='ocrx_word' id='word_1_196' title='bbox 2702 2712 2893 2777; x_wconf 86' lang='lat' dir='ltr'><strong>dede-</strong></span> 
     </span>
     <span class='ocr_line' id='line_1_24' title="bbox 585 2818 2893 2904; baseline 0 -21"><span class='ocrx_word' id='word_1_197' title='bbox 585 2820 770 2901; x_wconf 75' lang='lat' dir='ltr'><strong>coria,</strong></span> <span class='ocrx_word' id='word_1_198' title='bbox 811 2820 1029 2885; x_wconf 85' lang='lat' dir='ltr'><strong>statim</strong></span> <span class='ocrx_word' id='word_1_199' title='bbox 1069 2818 1436 2885; x_wconf 84' lang='lat' dir='ltr'><strong>adiunxisti:</strong></span> <span class='ocrx_word' id='word_1_200' title='bbox 1474 2820 1731 2885; x_wconf 85' lang='lat' dir='ltr'><strong>‘Tamen</strong></span> <span class='ocrx_word' id='word_1_201' title='bbox 1771 2818 2214 2902; x_wconf 90' lang='lat' dir='ltr'><strong>quodcumque</strong></span> <span class='ocrx_word' id='word_1_202' title='bbox 2253 2823 2371 2897; x_wconf 88' lang='lat' dir='ltr'><strong>est,</strong></span> <span class='ocrx_word' id='word_1_203' title='bbox 2417 2824 2566 2902; x_wconf 89' lang='lat' dir='ltr'><strong>peto</strong></span> <span class='ocrx_word' id='word_1_204' title='bbox 2603 2824 2893 2904; x_wconf 84' lang='lat' dir='ltr'><strong>praestes</strong></span> 
     </span>
     <span class='ocr_line' id='line_1_25' title="bbox 583 2925 2895 3010; baseline -0 -19"><span class='ocrx_word' id='word_1_205' title='bbox 583 2927 1005 3009; x_wconf 83' lang='lat' dir='ltr'><strong>nauigaturo&#39;.</strong></span> <span class='ocrx_word' id='word_1_206' title='bbox 1061 2926 1183 2991; x_wconf 88' lang='lat' dir='ltr'><strong>hoc</strong></span> <span class='ocrx_word' id='word_1_207' title='bbox 1233 2927 1399 2991; x_wconf 88' lang='lat' dir='ltr'><strong>enim</strong></span> <span class='ocrx_word' id='word_1_208' title='bbox 1457 2929 1641 2992; x_wconf 87' lang='lat' dir='ltr'><strong>sonat</strong></span> <span class='ocrx_word' id='word_1_209' title='bbox 1694 2925 1897 2991; x_wconf 88' lang='lat' dir='ltr'><strong>uideri</strong></span> <span class='ocrx_word' id='word_1_210' title='bbox 1954 2926 2074 2991; x_wconf 88' lang='lat' dir='ltr'><strong>tibi</strong></span> <span class='ocrx_word' id='word_1_211' title='bbox 2122 2926 2379 3010; x_wconf 91' lang='lat' dir='ltr'><strong>quidem</strong></span> <span class='ocrx_word' id='word_1_212' title='bbox 2434 2926 2593 2990; x_wconf 89' lang='lat' dir='ltr'><strong>nihil</strong></span> <span class='ocrx_word' id='word_1_213' title='bbox 2646 2927 2710 2991; x_wconf 90' lang='lat' dir='ltr'><strong>in</strong></span> <span class='ocrx_word' id='word_1_214' title='bbox 2770 2926 2895 2991; x_wconf 89' lang='lat' dir='ltr'><strong>hac</strong></span> 
     </span>
     <span class='ocr_line' id='line_1_26' title="bbox 583 3031 2894 3118; baseline 0 -21"><span class='ocrx_word' id='word_1_215' title='bbox 583 3052 650 3097; x_wconf 89' lang='lat' dir='ltr'><strong>re</strong></span> <span class='ocrx_word' id='word_1_216' title='bbox 710 3051 852 3097; x_wconf 88' lang='lat' dir='ltr'><strong>esse</strong></span> <span class='ocrx_word' id='word_1_217' title='bbox 911 3031 1257 3112; x_wconf 86' lang='lat' dir='ltr'><strong>dedecoris,</strong></span> <span class='ocrx_word' id='word_1_218' title='bbox 1323 3036 1558 3113; x_wconf 86' lang='lat' dir='ltr'><strong>tamen,</strong></span> <span class='ocrx_word' id='word_1_219' title='bbox 1619 3033 2061 3115; x_wconf 89' lang='lat' dir='ltr'><strong>quodcumque</strong></span> <span class='ocrx_word' id='word_1_220' title='bbox 2118 3036 2219 3098; x_wconf 88' lang='lat' dir='ltr'><strong>est</strong></span> <span class='ocrx_word' id='word_1_221' title='bbox 2272 3032 2619 3111; x_wconf 83' lang='lat' dir='ltr'><strong>dedecoris,</strong></span> <span class='ocrx_word' id='word_1_222' title='bbox 2674 3038 2894 3118; x_wconf 90' lang='lat' dir='ltr'><strong>petere</strong></span> 
     </span>
     <span class='ocr_line' id='line_1_27' title="bbox 585 3139 2975 3224; baseline -0.002 -20"><span class='ocrx_word' id='word_1_223' title='bbox 585 3144 671 3219; x_wconf 87' lang='lat' dir='ltr'><strong>te,</strong></span> <span class='ocrx_word' id='word_1_224' title='bbox 735 3143 810 3205; x_wconf 86' lang='lat' dir='ltr'><strong>ut</strong></span> <span class='ocrx_word' id='word_1_225' title='bbox 872 3142 1184 3222; x_wconf 88' lang='lat' dir='ltr'><strong>praestem</strong></span> <span class='ocrx_word' id='word_1_226' title='bbox 1241 3141 1642 3224; x_wconf 85' lang='lat' dir='ltr'><strong>nauigaturo.</strong></span> <span class='ocrx_word' id='word_1_227' title='bbox 1710 3140 1824 3205; x_wconf 87' lang='lat' dir='ltr'><strong>sed</strong></span> <span class='ocrx_word' id='word_1_228' title='bbox 1879 3140 2031 3224; x_wconf 90' lang='lat' dir='ltr'><strong>quid</strong></span> <span class='ocrx_word' id='word_1_229' title='bbox 2090 3142 2206 3218; x_wconf 89' lang='lat' dir='ltr'><strong>est,</strong></span> <span class='ocrx_word' id='word_1_230' title='bbox 2274 3158 2508 3223; x_wconf 87' lang='lat' dir='ltr'><strong>quaeso</strong></span> <span class='ocrx_word' id='word_1_231' title='bbox 2564 3142 2648 3217; x_wconf 90' lang='lat' dir='ltr'><strong>te,</strong></span> <span class='ocrx_word' id='word_1_232' title='bbox 2718 3139 2895 3223; x_wconf 91' lang='lat' dir='ltr'><strong>quod</strong></span> <span class='ocrx_word' id='word_1_233' title='bbox 2926 3156 2975 3199; x_wconf 76' lang='lat'><strong>85</strong></span> 
     </span>
     <span class='ocr_line' id='line_1_28' title="bbox 585 3246 2893 3332; baseline -0.001 -21"><span class='ocrx_word' id='word_1_234' title='bbox 585 3246 887 3311; x_wconf 86' lang='lat' dir='ltr'><strong>addidisti</strong></span> <span class='ocrx_word' id='word_1_235' title='bbox 915 3247 1378 3331; x_wconf 79' lang='lat' dir='ltr'><strong>‘nauigaturo&#39;?</strong></span> <span class='ocrx_word' id='word_1_236' title='bbox 1417 3266 1496 3312; x_wconf 86' lang='lat' dir='ltr'><strong>an</strong></span> <span class='ocrx_word' id='word_1_237' title='bbox 1535 3265 1674 3332; x_wconf 87' lang='lat' dir='ltr'><strong>ego,</strong></span> <span class='ocrx_word' id='word_1_238' title='bbox 1716 3246 1841 3310; x_wconf 90' lang='lat' dir='ltr'><strong>nisi</strong></span> <span class='ocrx_word' id='word_1_239' title='bbox 1878 3246 2295 3331; x_wconf 86' lang='lat' dir='ltr'><strong>nauigaturus</strong></span> <span class='ocrx_word' id='word_1_240' title='bbox 2334 3264 2530 3321; x_wconf 88' lang='lat' dir='ltr'><strong>esses,</strong></span> <span class='ocrx_word' id='word_1_241' title='bbox 2566 3249 2893 3329; x_wconf 85' lang='lat' dir='ltr'><strong>praestare</strong></span> 
     </span>
    </p>
   </div>
   <div class='ocr_carea' id='block_1_4' title="bbox 765 3454 1514 3524">
    <p class='ocr_par' dir='ltr' id='par_1_4' title="bbox 765 3454 1514 3524">
     <span class='ocr_line' id='line_1_29' title="bbox 765 3454 1514 3524; baseline 0 -17"><span class='ocrx_word' id='word_1_242' title='bbox 765 3454 937 3508; x_wconf 79' lang='lat'>7-11</span> <span class='ocrx_word' id='word_1_243' title='bbox 980 3477 1048 3501; x_wconf 86' lang='lat'>=</span> <span class='ocrx_word' id='word_1_244' title='bbox 1087 3470 1138 3524; x_wconf 83' lang='lat' dir='ltr'><strong>p.</strong></span> <span class='ocrx_word' id='word_1_245' title='bbox 1179 3454 1301 3517; x_wconf 85' lang='lat'><strong>664,</strong></span> <span class='ocrx_word' id='word_1_246' title='bbox 1343 3454 1514 3507; x_wconf 87' lang='lat'>7—11</span> 
     </span>
    </p>
   </div>
   <div class='ocr_carea' id='block_1_5' title="bbox 584 3577 2899 4177">
    <p class='ocr_par' dir='ltr' id='par_1_5' title="bbox 584 3577 2899 4177">
     <span class='ocr_line' id='line_1_30' title="bbox 657 3577 2895 3647; baseline 0.001 -16"><span class='ocrx_word' id='word_1_247' title='bbox 657 3578 690 3631; x_wconf 87' lang='lat'><strong>3</strong></span> <span class='ocrx_word' id='word_1_248' title='bbox 726 3578 898 3631; x_wconf 84' lang='lat' dir='ltr'><strong>totius</strong></span> <span class='ocrx_word' id='word_1_249' title='bbox 935 3592 1039 3631; x_wconf 86' lang='lat' dir='ltr'><strong>om.</strong></span> <span class='ocrx_word' id='word_1_250' title='bbox 1067 3578 1124 3632; x_wconf 82' lang='lat' dir='ltr'><em>R</em></span> <span class='ocrx_word' id='word_1_251' title='bbox 1223 3579 1256 3631; x_wconf 88' lang='lat'>5</span> <span class='ocrx_word' id='word_1_252' title='bbox 1296 3577 1361 3631; x_wconf 85' lang='lat' dir='ltr'><strong>de</strong></span> <span class='ocrx_word' id='word_1_253' title='bbox 1399 3578 1699 3647; x_wconf 86' lang='lat' dir='ltr'><strong>soluendis]</strong></span> <span class='ocrx_word' id='word_1_254' title='bbox 1743 3577 2103 3632; x_wconf 85' lang='lat' dir='ltr'><strong>dissoluendis</strong></span> <span class='ocrx_word' id='word_1_255' title='bbox 2129 3578 2314 3633; x_wconf 75' lang='grc' dir='ltr'><strong>ΜΔΕ</strong></span> <span class='ocrx_word' id='word_1_256' title='bbox 2422 3579 2453 3631; x_wconf 88' lang='grc'><strong>7</strong></span> <span class='ocrx_word' id='word_1_257' title='bbox 2491 3582 2617 3632; x_wconf 87' lang='lat' dir='ltr'><strong>tuos</strong></span> <span class='ocrx_word' id='word_1_258' title='bbox 2656 3592 2814 3633; x_wconf 71' lang='lat' dir='ltr'><strong>caros</strong></span> <span class='ocrx_word' id='word_1_259' title='bbox 2840 3578 2895 3632; x_wconf 81' lang='lat' dir='ltr'><strong><em>R</em></strong></span> 
     </span>
     <span class='ocr_line' id='line_1_31' title="bbox 585 3666 2895 3735; baseline 0 -14"><span class='ocrx_word' id='word_1_260' title='bbox 585 3666 619 3721; x_wconf 91' lang='lat'>8</span> <span class='ocrx_word' id='word_1_261' title='bbox 658 3668 788 3735; x_wconf 81' lang='lat' dir='ltr'><strong>quia</strong></span> <span class='ocrx_word' id='word_1_262' title='bbox 813 3666 869 3721; x_wconf 81' lang='lat' dir='ltr'><em>R</em></span> <span class='ocrx_word' id='word_1_263' title='bbox 970 3666 1036 3719; x_wconf 88' lang='grc'><strong>13</strong></span> <span class='ocrx_word' id='word_1_264' title='bbox 1075 3666 1292 3721; x_wconf 86' lang='lat' dir='ltr'><strong>dedicet</strong></span> <span class='ocrx_word' id='word_1_265' title='bbox 1316 3666 1372 3720; x_wconf 99' lang='lat' dir='ltr'><strong><em>A</em></strong></span> <span class='ocrx_word' id='word_1_266' title='bbox 1475 3668 1540 3721; x_wconf 85' lang='lat'><strong>14</strong></span> <span class='ocrx_word' id='word_1_267' title='bbox 1577 3666 1855 3721; x_wconf 86' lang='lat' dir='ltr'><strong>uideretur</strong></span> <span class='ocrx_word' id='word_1_268' title='bbox 1892 3666 1943 3721; x_wconf 88' lang='lat' dir='ltr'><strong><em>V</em></strong></span> <span class='ocrx_word' id='word_1_269' title='bbox 2084 3666 2347 3721; x_wconf 84' lang='lat' dir='ltr'><strong>dedecora</strong></span> <span class='ocrx_word' id='word_1_270' title='bbox 2384 3670 2497 3735; x_wconf 78' lang='lat' dir='ltr'><strong>(pr.</strong></span> <span class='ocrx_word' id='word_1_271' title='bbox 2538 3666 2603 3720; x_wconf 84' lang='lat' dir='ltr'><strong>de</strong></span> <span class='ocrx_word' id='word_1_272' title='bbox 2640 3670 2787 3735; x_wconf 73' lang='lat' dir='ltr'><strong>exp.)</strong></span> <span class='ocrx_word' id='word_1_273' title='bbox 2816 3666 2895 3721; x_wconf 77' lang='lat'><strong>12¹</strong></span> 
     </span>
     <span class='ocr_line' id='line_1_32' title="bbox 586 3754 2895 3825; baseline 0.001 -18"><span class='ocrx_word' id='word_1_274' title='bbox 586 3754 781 3808; x_wconf 83' lang='lat' dir='ltr'><strong>decora</strong></span> <span class='ocrx_word' id='word_1_275' title='bbox 818 3754 937 3810; x_wconf 82' lang='lat' dir='ltr'><strong>edd.</strong></span> <span class='ocrx_word' id='word_1_276' title='bbox 967 3759 1196 3823; x_wconf 78' lang='lat' dir='ltr'><strong>praeter</strong></span> <span class='ocrx_word' id='word_1_277' title='bbox 1235 3772 1272 3807; x_wconf 85' lang='lat' dir='ltr'><strong>a</strong></span> <span class='ocrx_word' id='word_1_278' title='bbox 1384 3756 1450 3809; x_wconf 81' lang='lat'><strong>15</strong></span> <span class='ocrx_word' id='word_1_279' title='bbox 1489 3771 1609 3809; x_wconf 87' lang='lat' dir='ltr'><strong>cum</strong></span> <span class='ocrx_word' id='word_1_280' title='bbox 1648 3772 1751 3811; x_wconf 84' lang='lat' dir='ltr'><strong>om.</strong></span> <span class='ocrx_word' id='word_1_281' title='bbox 1781 3758 1833 3809; x_wconf 86' lang='lat' dir='ltr'><strong><em>A</em></strong></span> <span class='ocrx_word' id='word_1_282' title='bbox 1982 3762 2103 3825; x_wconf 72' lang='lat' dir='ltr'><strong>epm</strong></span> <span class='ocrx_word' id='word_1_283' title='bbox 2140 3772 2207 3811; x_wconf 75' lang='lat' dir='ltr'><strong>cx</strong></span> <span class='ocrx_word' id='word_1_284' title='bbox 2240 3773 2355 3812; x_wconf 83' lang='lat' dir='ltr'><strong>ras.</strong></span> <span class='ocrx_word' id='word_1_285' title='bbox 2392 3762 2445 3810; x_wconf 77' lang='lat' dir='ltr'><strong>ct</strong></span> <span class='ocrx_word' id='word_1_286' title='bbox 2481 3771 2619 3810; x_wconf 79' lang='lat' dir='ltr'><strong>corr.</strong></span> <span class='ocrx_word' id='word_1_287' title='bbox 2656 3772 2723 3809; x_wconf 87' lang='lat' dir='ltr'><strong>m.</strong></span> <span class='ocrx_word' id='word_1_288' title='bbox 2745 3760 2781 3809; x_wconf 88' lang='lat'><strong><em>1</em></strong></span> <span class='ocrx_word' id='word_1_289' title='bbox 2816 3754 2895 3809; x_wconf 70' lang='grc' dir='ltr'><strong>,Ρι</strong></span> 
     </span>
     <span class='ocr_line' id='line_1_33' title="bbox 590 3842 2895 3914; baseline 0 -17"><span class='ocrx_word' id='word_1_290' title='bbox 590 3844 655 3897; x_wconf 90' lang='grc'><strong>16</strong></span> <span class='ocrx_word' id='word_1_291' title='bbox 695 3842 1000 3897; x_wconf 87' lang='lat' dir='ltr'><strong>districtum</strong></span> <span class='ocrx_word' id='word_1_292' title='bbox 1035 3859 1152 3900; x_wconf 81' lang='lat' dir='ltr'><strong>ras.</strong></span> <span class='ocrx_word' id='word_1_293' title='bbox 1189 3860 1256 3899; x_wconf 75' lang='lat' dir='ltr'><strong>ex</strong></span> <span class='ocrx_word' id='word_1_294' title='bbox 1293 3844 1615 3898; x_wconf 82' lang='lat' dir='ltr'><strong>distructum</strong></span> <span class='ocrx_word' id='word_1_295' title='bbox 1654 3844 1710 3897; x_wconf 80' lang='lat'><strong>1²</strong></span> <span class='ocrx_word' id='word_1_296' title='bbox 1744 3843 2063 3898; x_wconf 87' lang='lat' dir='ltr'><strong>distinctum</strong></span> <span class='ocrx_word' id='word_1_297' title='bbox 2100 3848 2153 3897; x_wconf 88' lang='lat' dir='ltr'><strong><em>A</em></strong></span> <span class='ocrx_word' id='word_1_298' title='bbox 2283 3845 2349 3898; x_wconf 85' lang='lat'><strong>17</strong></span> <span class='ocrx_word' id='word_1_299' title='bbox 2388 3844 2637 3899; x_wconf 87' lang='lat' dir='ltr'><strong>cohibere</strong></span> <span class='ocrx_word' id='word_1_300' title='bbox 2674 3845 2759 3914; x_wconf 87' lang='lat' dir='ltr'><strong>se]</strong></span> <span class='ocrx_word' id='word_1_301' title='bbox 2804 3860 2895 3897; x_wconf 89' lang='lat' dir='ltr'><strong>co-</strong></span> 
     </span>
     <span class='ocr_line' id='line_1_34' title="bbox 584 3931 2894 4002; baseline 0.001 -17"><span class='ocrx_word' id='word_1_302' title='bbox 584 3931 772 3985; x_wconf 84' lang='lat' dir='ltr'><strong>hibere</strong></span> <span class='ocrx_word' id='word_1_303' title='bbox 811 3932 966 3987; x_wconf 86' lang='lat' dir='ltr'><strong>codd.</strong></span> <span class='ocrx_word' id='word_1_304' title='bbox 1009 3933 1093 3997; x_wconf 81' lang='lat' dir='ltr'><strong>(in</strong></span> <span class='ocrx_word' id='word_1_305' title='bbox 1128 3932 1183 3985; x_wconf 89' lang='lat' dir='ltr'><em>P</em></span> <span class='ocrx_word' id='word_1_306' title='bbox 1215 3949 1284 3989; x_wconf 83' lang='lat' dir='ltr'><strong>m.</strong></span> <span class='ocrx_word' id='word_1_307' title='bbox 1307 3936 1348 3987; x_wconf 74' lang='lat'><em>2</em></span> <span class='ocrx_word' id='word_1_308' title='bbox 1386 3931 1648 3998; x_wconf 88' lang='lat' dir='ltr'><strong>cohiberi)</strong></span> <span class='ocrx_word' id='word_1_309' title='bbox 1672 3950 1709 3987; x_wconf 82' lang='lat' dir='ltr'><strong>a</strong></span> <span class='ocrx_word' id='word_1_310' title='bbox 1747 3932 1987 3989; x_wconf 87' lang='lat' dir='ltr'><strong>cohiberi</strong></span> <span class='ocrx_word' id='word_1_311' title='bbox 2014 3934 2176 4002; x_wconf 80' lang='lat' dir='ltr'><strong>cflr</strong></span> <span class='ocrx_word' id='word_1_312' title='bbox 2212 3932 2463 3989; x_wconf 88' lang='lat' dir='ltr'><strong>cohibere</strong></span> <span class='ocrx_word' id='word_1_313' title='bbox 2492 3950 2623 3988; x_wconf 87' lang='lat' dir='ltr'><strong>sem</strong></span> <span class='ocrx_word' id='word_1_314' title='bbox 2697 3935 2767 3987; x_wconf 80' lang='lat'><strong>19</strong></span> <span class='ocrx_word' id='word_1_315' title='bbox 2796 3933 2894 3987; x_wconf 86' lang='lat' dir='ltr'><strong>de-</strong></span> 
     </span>
     <span class='ocr_line' id='line_1_35' title="bbox 587 4017 2897 4092; baseline 0 -17"><span class='ocrx_word' id='word_1_316' title='bbox 587 4028 710 4075; x_wconf 85' lang='lat' dir='ltr'><strong>ceat</strong></span> <span class='ocrx_word' id='word_1_317' title='bbox 743 4022 869 4075; x_wconf 86' lang='lat' dir='ltr'><strong>MA</strong></span> <span class='ocrx_word' id='word_1_318' title='bbox 975 4022 1278 4075; x_wconf 87' lang='lat' dir='ltr'><strong>studiorum</strong></span> <span class='ocrx_word' id='word_1_319' title='bbox 1315 4024 1528 4075; x_wconf 84' lang='lat' dir='ltr'><strong>tuorum</strong></span> <span class='ocrx_word' id='word_1_320' title='bbox 1567 4022 1624 4077; x_wconf 87' lang='lat' dir='ltr'><em>R</em></span> <span class='ocrx_word' id='word_1_321' title='bbox 1696 4023 1764 4075; x_wconf 82' lang='lat'><strong>20</strong></span> <span class='ocrx_word' id='word_1_322' title='bbox 1804 4023 1969 4075; x_wconf 85' lang='lat' dir='ltr'><strong>etiam</strong></span> <span class='ocrx_word' id='word_1_323' title='bbox 2007 4037 2109 4076; x_wconf 86' lang='lat' dir='ltr'><strong>om.</strong></span> <span class='ocrx_word' id='word_1_324' title='bbox 2148 4017 2203 4077; x_wconf 88' lang='lat' dir='ltr'><strong><em>A</em></strong></span> <span class='ocrx_word' id='word_1_325' title='bbox 2276 4024 2342 4077; x_wconf 85' lang='lat'><strong>21</strong></span> <span class='ocrx_word' id='word_1_326' title='bbox 2381 4022 2552 4081; x_wconf 80' lang='lat' dir='ltr'><strong>nichil</strong></span> <span class='ocrx_word' id='word_1_327' title='bbox 2586 4022 2813 4092; x_wconf 81' lang='lat' dir='ltr'><strong>penitus</strong></span> <span class='ocrx_word' id='word_1_328' title='bbox 2838 4022 2897 4075; x_wconf 82' lang='lat' dir='ltr'><strong><em>R</em></strong></span> 
     </span>
     <span class='ocr_line' id='line_1_36' title="bbox 587 4109 2899 4177; baseline 0.001 -16"><span class='ocrx_word' id='word_1_329' title='bbox 587 4109 655 4163; x_wconf 85' lang='lat'><strong>23</strong></span> <span class='ocrx_word' id='word_1_330' title='bbox 693 4109 926 4177; x_wconf 65' lang='lat' dir='ltr'><strong>uideri-1</strong></span> <span class='ocrx_word' id='word_1_331' title='bbox 951 4109 1028 4163; x_wconf 90' lang='lat' dir='ltr'><strong>ibi</strong></span> <span class='ocrx_word' id='word_1_332' title='bbox 1065 4112 1221 4176; x_wconf 82' lang='lat' dir='ltr'><strong>(corr.</strong></span> <span class='ocrx_word' id='word_1_333' title='bbox 1259 4126 1329 4163; x_wconf 82' lang='lat' dir='ltr'><strong>m.</strong></span> <span class='ocrx_word' id='word_1_334' title='bbox 1349 4113 1382 4163; x_wconf 89' lang='lat'><em>1</em></span> <span class='ocrx_word' id='word_1_335' title='bbox 1415 4109 1541 4177; x_wconf 83' lang='lat' dir='ltr'><strong>tibi)</strong></span> <span class='ocrx_word' id='word_1_336' title='bbox 1577 4109 1655 4163; x_wconf 83' lang='lat' dir='ltr'><strong><em>M</em></strong></span> <span class='ocrx_word' id='word_1_337' title='bbox 1781 4112 1852 4164; x_wconf 85' lang='lat'><strong>24</strong></span> <span class='ocrx_word' id='word_1_338' title='bbox 1888 4110 2427 4165; x_wconf 82' lang='lat' dir='ltr'><strong>tamen—dedecoris</strong></span> <span class='ocrx_word' id='word_1_339' title='bbox 2463 4126 2566 4165; x_wconf 79' lang='lat' dir='ltr'><strong>om.</strong></span> <span class='ocrx_word' id='word_1_340' title='bbox 2604 4110 2661 4164; x_wconf 91' lang='lat' dir='ltr'><strong><em>P</em></strong></span> <span class='ocrx_word' id='word_1_341' title='bbox 2809 4116 2899 4165; x_wconf 83' lang='lat' dir='ltr'><strong>est</strong></span> 
     </span>
    </p>
   </div>
   <div class='ocr_carea' id='block_1_6' title="bbox 585 4198 2895 4341">
    <p class='ocr_par' dir='ltr' id='par_1_6' title="bbox 585 4198 2895 4341">
     <span class='ocr_line' id='line_1_37' title="bbox 585 4198 2895 4269; baseline 0.001 -17"><span class='ocrx_word' id='word_1_342' title='bbox 585 4213 688 4252; x_wconf 83' lang='lat' dir='ltr'><strong>om.</strong></span> <span class='ocrx_word' id='word_1_343' title='bbox 726 4198 782 4253; x_wconf 83' lang='lat' dir='ltr'><em>R</em></span> <span class='ocrx_word' id='word_1_344' title='bbox 923 4202 1110 4268; x_wconf 84' lang='lat' dir='ltr'><strong>petere</strong></span> <span class='ocrx_word' id='word_1_345' title='bbox 1146 4199 1226 4267; x_wconf 86' lang='lat' dir='ltr'><strong>te]</strong></span> <span class='ocrx_word' id='word_1_346' title='bbox 1269 4200 1472 4269; x_wconf 84' lang='lat' dir='ltr'><strong>peterit</strong></span> <span class='ocrx_word' id='word_1_347' title='bbox 1506 4200 1598 4269; x_wconf 83' lang='lat' dir='ltr'><strong>(m.</strong></span> <span class='ocrx_word' id='word_1_348' title='bbox 1621 4203 1660 4253; x_wconf 84' lang='lat'><strong><em>2</em></strong></span> <span class='ocrx_word' id='word_1_349' title='bbox 1694 4200 1939 4269; x_wconf 86' lang='lat' dir='ltr'><strong>petierit)</strong></span> <span class='ocrx_word' id='word_1_350' title='bbox 1975 4202 2033 4253; x_wconf 86' lang='lat' dir='ltr'><strong>te</strong></span> <span class='ocrx_word' id='word_1_351' title='bbox 2070 4200 2138 4252; x_wconf 84' lang='lat' dir='ltr'><strong><em>M</em></strong></span> <span class='ocrx_word' id='word_1_352' title='bbox 2173 4200 2397 4269; x_wconf 82' lang='lat' dir='ltr'><strong>petieris</strong></span> <span class='ocrx_word' id='word_1_353' title='bbox 2433 4200 2489 4255; x_wconf 85' lang='lat' dir='ltr'><strong><em>A</em></strong></span> <span class='ocrx_word' id='word_1_354' title='bbox 2620 4200 2691 4255; x_wconf 81' lang='lat'><strong>25</strong></span> <span class='ocrx_word' id='word_1_355' title='bbox 2724 4216 2895 4269; x_wconf 80' lang='lat' dir='ltr'><strong>prae·</strong></span> 
     </span>
     <span class='ocr_line' id='line_1_38' title="bbox 587 4286 813 4341; baseline 0.004 -2"><span class='ocrx_word' id='word_1_356' title='bbox 587 4292 698 4341; x_wconf 86' lang='lat' dir='ltr'><strong>stes</strong></span> <span class='ocrx_word' id='word_1_357' title='bbox 736 4286 813 4340; x_wconf 85' lang='lat' dir='ltr'><strong><em>M</em></strong></span> 
     </span>
    </p>
   </div>
  </div>
 </body>
</html>
