3184 4959
381 1653 430 1693 10

386 2185 434 2225 15

1247 475 1777 545 epistularum
1834 475 1973 530 LIV.
2626 481 2753 546 167

463 670 599 735 cuit
662 670 916 753 spiritui
979 676 1219 748 sancto,
1286 675 1360 736 ut
1423 673 1484 735 in
1551 673 1855 737 honorem
1912 673 2072 736 tanti
2130 673 2507 738 sacramenti
2561 673 2623 736 in
2684 692 2755 738 os

467 777 808 844 Christiani
863 778 1039 862 prius
1097 778 1484 843 dominicum
1541 797 1769 862 corpus
1816 779 2078 844 intraret
2122 797 2313 861 quam
2364 781 2554 845 ceteri
2602 779 2754 856 cibi3

463 903 608 948 nam
671 884 814 949 ideo
873 903 986 968 per
1049 883 1421 950 uniuersum
1488 884 1705 948 orbem
1767 903 1907 950 mos
1970 884 2093 949 iste
2170 889 2479 950 seruatur.
2554 903 2758 968 neque

464 991 630 1056 enim
694 990 844 1073 quia
907 995 1055 1075 post
1119 990 1295 1055 cibos
1359 991 1540 1056 dedit
1602 992 1917 1068 dominus,
1983 994 2313 1074 propterea
2348 993 2587 1084 'pransi
2645 995 2759 1056 aut

465 1097 672 1162 cenati
733 1097 960 1162 fratres
1027 1096 1105 1160 ad
1166 1095 1330 1160 illud
1395 1101 1859 1162 sacramentum
1926 1097 2359 1182 accipiendum
2422 1097 2758 1162 conuenire

465 1203 734 1268 debeant
777 1206 907 1278 aut,
948 1203 1117 1268 sicut
1151 1203 1489 1281 faciebant,
1527 1223 1687 1286 quos
1728 1205 2055 1285 apostolus
2096 1205 2307 1288 arguit
2342 1207 2408 1268 et
2442 1205 2756 1281 emendat,

465 1311 698 1375 mensis
755 1311 890 1376 suis
947 1311 1074 1375 ista
1128 1310 1413 1376 miscere.
1477 1329 1749 1393 namque
1808 1311 2087 1375 saluator
2144 1329 2267 1394 quo
2316 1311 2757 1376 uehementius

464 1417 928 1482 commendaret
981 1417 1272 1500 mysterii
1325 1416 1502 1482 illius
1560 1417 1983 1494 altitudinem,
2042 1417 2337 1482 ultimum
2386 1419 2505 1482 hoc
2550 1417 2762 1482 uoluit

463 1523 724 1609 infigere
773 1523 1066 1589 cordibus
1115 1526 1180 1588 et
1226 1525 1566 1590 memoriae
1616 1525 2097 1608 discipulorum,
2147 1543 2184 1588 a
2232 1523 2463 1608 quibus
2502 1525 2580 1588 sd
2618 1543 2757 1607 pas-

466 1631 704 1696 sionem
761 1630 1162 1714 digressurus
1221 1634 1372 1695 erat.
1431 1633 1497 1696 et
1540 1631 1683 1696 ideo
1732 1649 1853 1696 non
1901 1633 2241 1716 praecepit,
2291 1651 2413 1714 quo
2463 1631 2759 1713 deinceps

467 1737 682 1804 ordine
729 1740 1106 1816 sumeretur,
1157 1741 1232 1802 ut
1267 1738 1597 1821 apostolis,
1638 1757 1750 1821 per
1786 1757 1945 1822 quos
1987 1739 2289 1804 ecclesias
2328 1738 2758 1820 dispositurus

469 1846 619 1920 erat,
687 1848 964 1909 sacraret
1029 1845 1196 1908 hunc
1261 1845 1492 1909 locum.
1555 1865 1701 1909 nam
1770 1845 1825 1910 si
1888 1846 2010 1911 hoc
2072 1845 2181 1910 ille
2246 1846 2624 1922 monuisset,
2686 1847 2761 1909 ut

465 1953 614 2034 post
657 1950 834 2015 cibos
883 1949 1040 2016 alios
1089 1969 1336 2034 semper
1384 1951 1794 2034 acciperetur,
1844 1952 2049 2030 credo,
2098 1952 2269 2035 quod
2316 1971 2461 2016 eum
2516 1969 2759 2016 morem

468 2075 647 2123 nemo
713 2057 1047 2122 uariasset.
1116 2077 1258 2122 cum
1315 2077 1466 2123 uero
1525 2057 1617 2122 ait
1670 2061 1997 2140 apostolus
2057 2059 2132 2123 de
2188 2059 2309 2123 hoc
2365 2061 2757 2122 sacramento

466 2165 765 2246 loquens:
829 2165 1170 2246 Propter
1223 2163 1450 2246 quod,
1507 2164 1833 2240 fratres,
1892 2183 2063 2229 cum
2129 2164 2604 2229 conuenitis
2665 2163 2758 2228 ad

467 2269 1112 2349 manducandum,
1167 2270 1520 2335 inuicem
1577 2273 2039 2352 expectate3
2100 2271 2167 2334 si
2225 2271 2406 2352 quis
2465 2271 2754 2344 esurit,

469 2376 674 2442 domi
741 2376 1194 2455 manducet,
1243 2380 1330 2441 ut
1393 2395 1544 2441 non
1606 2376 1698 2441 ad
1752 2376 2155 2442 iudicium
2214 2376 2756 2453 conueniatis‚

469 2483 688 2547 statim
721 2481 1075 2547 subtexuit:
1117 2482 1406 2548 Cetera
1442 2485 1733 2560 autem,
1774 2501 1947 2546 eum
1985 2501 2301 2558 uenero,
2342 2481 2757 2547 ordinabo,

467 2587 630 2652 unde
685 2587 974 2672 intellegi
1022 2587 1227 2666 datur,
1277 2588 1426 2670 quia
1469 2588 1743 2654 multum
1796 2595 1947 2665 erat,
1995 2591 2069 2652 ut
2112 2589 2176 2652 in
2226 2589 2503 2671 epistula
2548 2591 2759 2653 totum

465 2693 886 2792 illisstgendi
953 2694 1233 2760 ordinem
1308 2694 1677 2773 insinuaret,
1752 2714 1913 2776 quae
1988 2695 2287 2760 uniuersa
2356 2713 2471 2777 per
2543 2693 2755 2759 orbem

469 2803 680 2865 seruat
736 2801 1022 2878 ecclesia,
1081 2801 1157 2865 ab
1213 2800 1356 2882 ipso
1412 2800 1773 2866 ordinatum
1830 2819 1989 2880 esse,
2046 2801 2216 2884 quod
2270 2802 2447 2865 nulla
2510 2819 2757 2866 morum

471 2905 838 2972 diuersitate
884 2907 1186 2972 uariatur.

648 3100 713 3152 15
750 3097 780 3152 1
818 3097 937 3154 Cor.
980 3099 1062 3161 11,
1101 3099 1317 3154 33-34

541 3223 566 3274 1
625 3221 836 3292 spiritu,
889 3239 959 3276 m.
980 3226 1013 3276 1
1058 3238 1198 3276 corr.
1250 3221 1466 3292 spiritui
1517 3221 1574 3274 P
1831 3221 2037 3275 honore
2088 3221 2233 3291 Euy.
2286 3221 2441 3275 codd.
2494 3221 2759 3275 nonnulli

537 3311 694 3379 prius»
733 3312 791 3364 in
842 3327 900 3364 os
954 3311 1234 3366 christiani
1288 3311 1364 3375 (in
1417 3327 1476 3364 os
1527 3327 1594 3364 ex
1642 3327 1753 3364 rae.
1809 3315 1859 3363 et
1908 3313 2070 3376 corr.)
2127 3309 2173 3364 0
2357 3327 2415 3363 os
2468 3327 2588 3374 om„
2640 3314 2760 3363 m.1
2871 3323 2877 3330 ·

468 3398 600 3452 add.
644 3399 720 3452 M
919 3401 954 3453 2
1009 3399 1337 3454 dominicum
1385 3417 1576 3470 corpus
1622 3399 1853 3452 intraret
1894 3399 2043 3468 prius
2088 3399 2233 3452 12¹³!
2444 3401 2477 3452 3
2535 3415 2649 3452 mos
2694 3414 2761 3452 ex

465 3503 578 3541 ras.
615 3493 666 3540 et
703 3503 840 3542 corr.
885 3488 932 3542 Ο
1082 3487 1404 3544 obseruatur
1446 3487 1493 3542 Ο
1670 3490 1707 3542 4
1744 3487 1885 3542 enim
1924 3504 2026 3544 om.
2063 3488 2139 3542 M
2288 3489 2418 3558 quia
2452 3487 2511 3542 id
2548 3493 2673 3558 post
2714 3487 2761 3542 Ο

465 3577 500 3629 5
544 3575 739 3628 fratres
785 3591 888 3630 om.
927 3575 981 3628 P
1159 3578 1191 3631 6
1241 3575 1478 3630 debeant
1525 3577 1578 3642 (a
1624 3579 1767 3644 exp.)
1801 3573 1881 3628 ,Ρ1
1926 3575 2176 3638 debeant,
2226 3593 2294 3630 m.
2322 3580 2357 3629 3
2395 3576 2675 3630 debebunt
2714 3573 2761 3628 0

467 3663 742 3718 debebunt
775 3663 831 3716 P
862 3664 1114 3734 Euyippi
1147 3665 1267 3720 cod.
1303 3665 1607 3718 Parisinus
1643 3667 1797 3718 2109
1834 3664 2036 3718 debent
2072 3665 2191 3718 edd.
2408 3668 2505 3718 aut
2550 3681 2651 3719 om.
2691 3665 2765 3718 M

466 3755 499 3806 9
535 3753 784 3822 infigere]
820 3753 1094 3806 insinuare
1133 3752 1207 3806 P¹
1249 3754 1452 3808 arctius
1489 3753 1715 3822 infigere
1755 3754 1822 3807 lr
1860 3753 2025 3808 altius
2061 3753 2287 3822 infigere
2312 3771 2366 3806 m
2511 3771 2542 3808 a
2578 3769 2681 3808 om.
2710 3753 2765 3805 P

470 3842 536 3895 10
574 3857 736 3910 quon
774 3841 829 3893 P
970 3840 1251 3910 dednoeps
1287 3841 1345 3894 P
1452 3843 1512 3896 11
1554 3841 1896 3910 disposuerat
1922 3841 1977 3894 P
2087 3842 2153 3896 12
2190 3845 2442 3909 sacraret,
2480 3859 2545 3895 m.
2573 3844 2610 3894 3
2647 3857 2757 3894 ser-

466 3933 623 3983 uaret
665 3927 710 3982 Ο
747 3931 988 3982 seruaret
1012 3929 1141 3983 PP¹
1179 3929 1300 3985 edd.
1405 3931 1473 3984 14
1512 3931 1654 3984 enim
1680 3930 1755 3984 M
1856 3933 1919 3984 15
1959 3932 2325 3984 conueneritis
2352 3931 2409 3984 P
2516 3932 2581 3985 16
2613 3931 2755 3999 quis]

468 4017 588 4086 quis
625 4034 754 4071 uero
798 4017 844 4071 Ο
955 4020 1020 4072 19
1059 4021 1122 4072 ut
1156 4034 1294 4074 erae.
1327 4019 1374 4074 Ο
1481 4019 1551 4073 20
1587 4019 1741 4072 11111111
1778 4019 1824 4072 O
1858 4019 1979 4074 edd.
2018 4019 2267 4089 Eugippi
2302 4020 2418 4074 cod.
2456 4019 2761 4073 Parisinus

467 4109 624 4161 2109
739 4107 980 4160 ordinem
1019 4106 1218 4177 agendi
1259 4107 1322 4159 M
1439 4108 1744 4162 insinuare·
1774 4109 1915 4176 (suit
1952 4113 1996 4176 t)
2043 4107 2089 4162 Ο
2205 4125 2307 4176 que
2344 4109 2400 4162 P
2434 4124 2593 4178 quem
2636 4105 2759 4162 ΟΡι

467 4194 587 4250 edd.
626 4193 875 4265 Eum‘ppi
908 4195 1175 4250 novenum
1209 4196 1366 4250 codd.
1478 4198 1542 4250 21
1584 4196 1721 4266 ipso,
1759 4215 1828 4251 m.
1852 4201 1882 4250 1
1919 4212 2056 4251 corr.
2096 4197 2278 4266 ipsoq:
2324 4196 2370 4250 Ο
2514 4199 2599 4250 est
2642 4195 2765 4250 OM

537 4299 743 4338 morum
791 4299 856 4337 ex
901 4299 1059 4348 corr„
1094 4285 1218 4353 fuit
1261 4284 1452 4338 horum
1498 4284 1545 4339 0
1588 4285 1781 4339 horum
1819 4284 2019 4340 PP²M
2050 4285 2301 4355 Euyippi
2348 4284 2503 4341 codd.
2540 4290 2761 4354 praeter

467 4371 792 4426 Parisinum
829 4375 984 4425 2109
1127 4374 1195 4427 22
1235 4372 1569 4437 diuersitate,
1610 4391 1675 4427 m.
1696 4379 1728 4426 1
1765 4391 1903 4428 corr.
1942 4375 2299 4445 peruersitate
2346 4374 2392 4428 Ο
