3184 4959
576 433 703 497 620
1297 429 1350 483 S.
1405 430 1680 484 Aureli
1734 429 2172 500 Augustini

575 627 868 692 dixerint!
937 645 1050 691 nec
1116 626 1240 692 sibi
1303 630 1514 691 tamen
1583 628 1855 693 alterum
1919 628 2253 711 populum,
2318 627 2385 692 in
2441 647 2567 710 quo
2636 631 2876 702 essent,

575 733 968 798 discessione
1023 733 1336 816 corporali
1389 735 1497 798 uel
1553 733 1995 818 segregatione
2052 734 2481 816 quaesierunt.
2546 734 2675 818 ipsi
2728 753 2877 817 apo-

575 841 724 906 stoli
771 841 1153 924 permixtum
1200 839 1325 905 sibi
1365 839 1689 906 diabolum
1734 840 1958 906 Iudam
2006 859 2213 924 usque
2258 841 2325 905 in
2370 840 2583 920 finem,
2633 860 2757 923 quo
2808 859 2879 904 se

574 948 710 1031 ipse
785 947 978 1012 etiam
1017 947 1278 1029 laqueo
1363 946 1661 1032 perdidit,
1746 947 1884 1012 sine
1961 947 2097 1012 ulla
2170 947 2273 1012 sui
2346 947 2880 1013 contaminatione

573 1053 940 1129 tolerarunt,
997 1053 1094 1118 ita
1131 1040 1210 1117 ut
1256 1053 1495 1118 diceret
1541 1055 1635 1118 eis
1684 1052 1981 1118 dominus
2026 1057 2287 1136 propter
2328 1052 2507 1118 illius
2553 1054 2719 1118 inter
2764 1071 2879 1117 eos
2951 1077 2981 1114 ε.

572 1161 1022 1244 praesentiam:
1073 1161 1171 1224 Et
1224 1178 1369 1225 uos
1425 1158 1702 1224 mundi
1748 1160 1953 1224 estis
2011 1160 2151 1225 sed
2206 1180 2362 1225 non
2408 1179 2702 1226 omnes.
2762 1178 2883 1224 nec

578 1267 656 1332 ob
710 1266 886 1332 illius
944 1265 1392 1332 inmunditiam
1448 1269 1779 1349 tamquam
1836 1267 2139 1332 fermento
2195 1267 2257 1332 in
2316 1266 2409 1332 eis
2468 1265 2883 1332 dissimilium

575 1392 826 1440 morum
883 1391 1096 1438 massa
1143 1376 1442 1455 corrupta
1487 1377 1607 1438 est.
1663 1393 1780 1438 nec
1824 1376 1997 1439 recte
2044 1373 2361 1438 adfirmari
2414 1378 2651 1457 potest,
2709 1373 2882 1455 quod

579 1497 686 1544 eos
723 1479 900 1544 illius
939 1479 1182 1544 latebat
1216 1478 1522 1562 nequitia,
1562 1478 1686 1544 nisi
1722 1478 1883 1546 forte
1924 1499 2050 1562 qua
2083 1480 2291 1545 fuerat
2329 1481 2523 1544 etiam
2550 1480 2883 1544 dominum

577 1587 956 1664 traditums3
1023 1606 1168 1652 nam
1232 1584 1360 1668 ipsi
1425 1585 1502 1650 de
1569 1587 1680 1651 illo
1748 1587 2159 1669 scripserunt,
2226 1586 2397 1669 quod
2458 1588 2563 1652 fur
2624 1590 2762 1651 erat
2816 1591 2884 1650 et-
2928 1611 2981 1646 ιο

579 1693 810 1772 omnia,
869 1713 1030 1775 quae
1077 1693 1517 1768 mittebantur,
1568 1692 1645 1758 de
1692 1692 2028 1760 dominicis
2074 1695 2308 1760 loculis
2358 1695 2697 1760 auferebat.
2756 1713 2880 1759 non

580 1801 672 1866 eis
755 1801 1095 1884 quisquam
1181 1799 1688 1865 calumniabatur
1767 1801 1879 1866 illo
1964 1801 2365 1868 testimonio:
2442 1801 2697 1866 Videb
2718 1801 2882 1865 atis

577 1907 836 1972 furem
875 1911 953 1971 et
991 1907 1626 1972 concurrebatis
1666 1927 1836 1974 cum
1879 1927 1995 1985 eo;
2045 1912 2109 1972 et
2146 1908 2334 1974 factis
2359 1909 2529 1973 enim
2568 1907 2883 1972 malorum

579 2033 702 2078 non
751 2017 1290 2079 sacramentorum
1329 2015 1771 2080 communione
1820 2015 1935 2080 sed
1980 2015 2325 2080 eorundem
2369 2015 2681 2080 factorum
2730 2033 2885 2078 con-

581 2120 871 2186 sensione
903 2121 1318 2186 concurritur.
1359 2121 1689 2203 apostolus
1716 2121 1960 2186 Paulus
1991 2124 2228 2203 quanta
2257 2121 2332 2186 de
2370 2122 2551 2187 falsis
2580 2121 2883 2186 fratribus
2932 2143 2985 2182 ιε

582 2228 1012 2310 conqueritur!
1075 2244 1343 2310 quorum
1399 2230 1612 2292 tamen
1661 2228 1971 2311 corporali
2024 2229 2437 2311 permixtione
2492 2249 2615 2294 non
2669 2246 2883 2292 macu-

580 2334 830 2399 labatur
887 2333 1092 2424 cordis
1149 2333 1294 2417 puri
1351 2334 1723 2400 diuersitate
1779 2331 2130 2402 seiunctus.
2184 2355 2331 2400 nam
2388 2355 2425 2399 a
2480 2333 2881 2417 quibusdam.

531 2461 742 2524 ·quos
814 2441 1068 2506 inuidos
1142 2443 1424 2518 nouerat,
1500 2429 1742 2525 gaudet
1807 2441 2132 2508 Christum
2205 2443 2441 2525 pariter
2502 2441 2879 2524 praedicari:

577 2549 801 2631 utique
859 2548 1102 2612 inuidia
1151 2547 1532 2612 diabolicum
1585 2548 1816 2612 uitium
1862 2552 1978 2614 est.

663 2656 994 2720 Postremo
1045 2656 1384 2738 episcopus
1435 2653 1785 2737 Cyprianus
1841 2655 1969 2719 iam
2027 2655 2301 2720 ecclesia
2355 2655 2676 2739 copiosius
2724 2655 2881 2720 dila·
2920 2677 2984 2716 20

575 2765 710 2828 tata
763 2763 1034 2826 uicinior
1087 2761 1482 2844 temporibus
1539 2761 1797 2839 nostris,
1855 2762 2043 2827 cuius
2112 2763 2489 2828 auctoritate
2544 2761 2881 2846 aliquando

575 2868 1017 2952 repetitionem
1049 2867 1354 2951 baptismi
1384 2867 1753 2934 confirmare
1784 2869 2118 2947 conamini,
2158 2888 2307 2934 cum
2342 2869 2505 2933 illud
2536 2868 2880 2935 concilium

577 2975 684 3042 uel
720 2976 834 3040 illa
871 2975 1128 3058 scripta,
1177 2974 1234 3039 si
1269 2993 1420 3039 uere
1457 2974 1663 3058 ipsius
1705 2979 1856 3040 sunt
1892 2979 1957 3041 et
1994 2995 2138 3056 non,
2188 2977 2361 3042 sicut
2398 2976 2595 3059 aliqui
2631 2979 2878 3059 putant.

579 3083 700 3148 sub
757 3083 894 3146 eius
961 3081 1214 3146 nomine
1270 3082 1631 3165 conscripta
1696 3085 1885 3166 atque
1944 3083 2232 3160 conficta,
2297 3083 2441 3164 ipsa
2496 3082 2879 3147 contineant.

577 3193 884 3272 quantum
922 3187 1210 3254 dilexerit
1245 3188 1577 3268 unitatem,
1629 3209 1753 3272 quo
1800 3189 1990 3255 modo
2036 3191 2099 3255 in
2140 3209 2216 3254 ea
2250 3189 2637 3267 tolerandos,
2685 3187 2875 3253 etiam
2924 3211 2987 3250 εει

581 3301 797 3364 contra
859 3315 1018 3378 quos
1089 3296 1422 3374 sentiebat,
1499 3296 1904 3380 apertissima
1968 3295 2399 3361 exhortatione
2465 3296 2877 3365 consuluerit.

579 3422 654 3467 ne
727 3403 902 3485 pacis
977 3402 1311 3468 uinculum
1385 3409 1807 3485 rumperetur,
1880 3403 1948 3469 id
2019 3403 2434 3486 potissimum
2510 3401 2879 3478 adtendens„

600 3621 606 3628 ·
757 3596 790 3648 6
827 3593 944 3648 Ioh.
987 3595 1069 3659 13,
1105 3593 1178 3652 10
1225 3671 1233 3676 .
1307 3594 1374 3648 10
1411 3593 1526 3648 Ioh.
1571 3595 1655 3654 12.
1694 3595 1727 3648 6
1860 3594 1928 3646 12
1965 3593 2054 3646 Ps.
2093 3593 2181 3657 49,
2224 3593 2290 3646 18
2430 3593 2497 3646 15
2536 3592 2593 3646 11
2632 3592 2751 3647 Cor.
2792 3594 2878 3656 11,

576 3683 791 3738 23-27
885 3683 967 3744 ,17
1007 3681 1151 3736 Phil.
1196 3684 1242 3746 1,
1285 3683 1496 3736 15-18

654 3808 679 3860 1
724 3805 971 3860 diierunt
1005 3823 1108 3860 rm
1233 3809 1268 3858 4
1308 3806 1696 3860 contaminatio
1736 3805 1792 3858 P
1916 3807 1949 3859 6
1986 3806 2295 3875 praesentia
2332 3807 2386 3860 P
2507 3807 2543 3858 7ς
2578 3807 2644 3860 ob
2684 3791 2785 3861 oin.
2826 3805 2883 3860 P

652 3897 990 3953 inmuntiam.
1030 3911 1167 3949 corr.
1211 3893 1425 3964 (m.1?)
1463 3894 1846 3948 inmunditiam
1883 3894 1939 3947 P
2063 3897 2097 3948 9
2134 3911 2197 3947 eo
2246 3893 2299 3948 U
2416 3895 2483 3950 10
2516 3894 2785 3949 traditura
2826 3895 2882 3948 P

651 3986 979 4054 scripserant
1006 3985 1115 4039 VU
1131 3985 1152 4039 l
1167 4001 1195 4039 ε
1211 4002 1242 4039 r
1335 3985 1400 4039 13
1432 3987 1488 4038 et
1507 3984 1693 4052 factis]
1718 3983 1784 4038 de
1805 3984 1966 4038 factis
1985 4001 2015 4038 s
2123 3985 2264 4038 enim
2285 4001 2407 4047 om„
2428 4003 2495 4040 m.
2516 3990 2547 4038 1
2566 3983 2652 4052 (ἓ)
2675 3983 2804 4038 add.
2826 3985 2883 4037 P

584 4075 650 4128 15
688 4073 1034 4143 conqueritur
1066 4091 1094 4127 s
1239 4077 1499 4142 quantum
1547 4072 1602 4127 V
1630 4072 1751 4126 edd.
1866 4073 1931 4126 17
1968 4089 2105 4143 pura
2141 4073 2195 4126 P
2339 4089 2367 4128 e
2404 4073 2460 4128 P
2567 4073 2633 4127 19
2664 4075 2872 4143 utique]

583 4165 642 4216 et
673 4162 863 4230 utique
909 4161 1028 4216 Um
1153 4161 1218 4214 21
1261 4162 1521 4216 uiciniore
1559 4162 1616 4215 P
1736 4163 1804 4216 24
1842 4161 1964 4231 ipsa
2001 4179 2101 4217 om.
2151 4161 2261 4218 VU
2292 4162 2416 4217 cdd.
2536 4163 2605 4218 26
2643 4161 2787 4233 quod
2824 4163 2881 4215 P

582 4267 796 4320 quoque
843 4249 945 4303 Vl)
987 4249 1099 4303 lsr
1137 4250 1394 4316 (add-in
1428 4267 1603 4320 mary.
1644 4251 1960 4306 coniectura
1999 4255 2155 4321 quos)
2197 4268 2332 4322 quos
2368 4251 2487 4322 ipse
2524 4269 2577 4306 m
2750 4267 2873 4306 con-

583 4339 776 4392 sulerit
811 4337 864 4390 P
897 4337 1169 4390 consuluit
1215 4337 1324 4391 VU
1358 4338 1424 4392 ts
1445 4355 1472 4390 r
