3184 4959
531 437 658 501 604
1231 434 1285 488 S.
1341 432 1617 488 Aureli
1673 431 2109 502 Augustini

529 627 750 704 uestri,
800 625 950 690 huic
997 625 1110 689 uni
1157 623 1506 690 sententiae
1543 622 1966 707 respondeant
2004 628 2086 700 et,
2136 623 2215 688 ad
2252 605 2421 706 quod
2468 623 2825 702 uolueriti8‚

532 731 964 797 consentimus
1039 731 1245 794 uobis,
1321 730 1536 795 uidete
1602 729 1791 808 enim,
1866 748 2055 812 quam
2128 744 2423 812 peruerse
2498 733 2565 794 et
2634 730 2829 814 impie

531 839 798 914 dicatur,
865 837 1036 920 quod
1092 837 1298 902 dicere
1355 837 1599 915 soletiS‚
1666 836 1832 919 quia,
1899 837 1954 901 si
2008 835 2215 901 bonus
2274 836 2361 902 sit
2414 837 2626 916 homo,
2686 837 2829 920 ipse

533 945 888 1010 sanctificat
926 964 1092 1025 eum,
1141 962 1331 1026 quem
1375 943 1681 1026 baptizat,
1729 944 1784 1008 si
1832 947 2047 1008 autem
2092 943 2300 1008 malus
2348 943 2435 1008 sit
2482 946 2547 1007 et
2589 943 2833 1008 nesciat

533 1050 663 1123 ille,
722 1051 833 1134 qui
887 1050 1264 1132 baptizatur,
1321 1053 1474 1114 tunc
1522 1049 1679 1115 deus
1736 1049 2112 1114 sanctificat.
2170 1050 2289 1114 hoc
2338 1051 2393 1114 si
2436 1069 2659 1114 uerum
2708 1053 2829 1129 est,
2896 1075 2926 1112 ⁵

535 1161 750 1240 optare
797 1176 946 1242 ergo
997 1157 1227 1222 debent
1279 1157 1588 1236 homines,
1646 1161 1721 1222 ut
1766 1175 1803 1220 a
1848 1157 2033 1222 malis
2082 1158 2386 1242 ignoratis
2433 1157 2834 1240 baptizentur

533 1264 748 1346 potius
796 1283 984 1346 quam
1035 1281 1073 1326 a
1116 1264 1285 1330 notis
1330 1263 1536 1341 bonis,
1591 1267 1667 1328 ut
1712 1263 1917 1348 magis
1966 1283 2001 1327 a
2048 1263 2166 1329 deo
2217 1282 2401 1345 quam
2452 1265 2530 1328 ab
2578 1253 2833 1328 homine

532 1371 782 1452 possint
845 1370 1246 1438 sanctificari.
1311 1370 1425 1435 sed
1479 1371 1649 1435 absit
1706 1389 1743 1434 a
1805 1370 1990 1435 nobis
2055 1369 2183 1435 ista
2238 1369 2576 1434 dementia.
2644 1387 2833 1452 quare

535 1496 683 1561 ergo
741 1497 865 1542 non
921 1496 1148 1542 uerum
1197 1477 1469 1542 dicimus
1519 1481 1585 1543 et
1640 1481 1811 1542 recte
1868 1477 2176 1560 sapimu8‚
2235 1478 2385 1560 quia
2438 1497 2688 1560 semper
2732 1476 2835 1540 dei

537 1587 638 1648 est
705 1584 820 1648 illa
895 1585 1098 1667 gratia
1163 1587 1228 1648 et
1291 1583 1392 1648 dei
1467 1588 1931 1648 sacramentum
2008 1583 2280 1649 hominis
2346 1588 2559 1649 autem
2626 1585 2831 1648 solum
2876 1610 2933 1650 ιο

537 1689 984 1768 ministerium,
1033 1690 1141 1772 qui
1189 1690 1244 1755 si
1291 1689 1496 1755 bonus
1546 1693 1665 1766 est,
1724 1690 2024 1755 adhaeret
2068 1691 2184 1755 deo
2234 1693 2299 1755 et
2344 1694 2643 1773 operatur
2687 1709 2831 1754 cum

539 1797 676 1874 deo,
736 1796 793 1861 si
839 1799 1052 1860 autem
1111 1797 1322 1861 malus
1371 1800 1491 1875 est,
1549 1798 1847 1880 operatur
1898 1816 2012 1879 per
2063 1797 2251 1861 illum
2299 1797 2456 1862 deus
2514 1795 2833 1860 nisibilem

539 1903 917 1966 sacramenti
953 1901 1243 1976 formam,
1281 1902 1420 1985 ipse
1455 1905 1670 1968 autem
1708 1901 1903 1968 donat
1937 1903 2325 1970 inuisibilem
2364 1903 2677 1987 gratiam?
2715 1902 2835 1966 hoc

542 2009 864 2092 sapiamus
913 2029 1129 2074 omnes
1179 2013 1242 2074 et
1287 2029 1408 2075 non
1457 2010 1587 2075 sint
1634 2011 1696 2074 in
1746 2010 1927 2075 nobis
1976 2011 2343 2076 schismata.

273 2131 360 2194 lv
405 2126 492 2189 13
633 2115 1022 2181 Concordate
1087 2117 1442 2194 nobiscum,
1509 2117 1767 2194 fratres:
1844 2117 2175 2202 diligimus
2240 2137 2389 2192 uos;
2465 2117 2585 2181 hoc
2650 2115 2834 2180 uobis
2880 2140 2937 2182 ιε.

540 2222 859 2301 uolumu8‚
911 2223 1079 2306 quod
1117 2227 1180 2288 et
1217 2224 1422 2290 nobis.
1472 2224 1528 2288 si
1565 2227 1896 2307 propterea
1932 2243 2047 2290 nos
2094 2225 2355 2308 grauius
2395 2223 2643 2298 odistiS‚
2690 2221 2839 2304 quia

543 2348 744 2394 errare
800 2349 920 2396 uos
969 2335 1032 2394 et
1087 2330 1288 2411 perire
1344 2349 1470 2396 non
1523 2329 1979 2412 permittimus,
2038 2330 2157 2396 hoc
2206 2331 2319 2395 deo
2378 2330 2590 2406 dicite,
2650 2347 2837 2411 quem

542 2436 842 2502 timemus
925 2437 1274 2502 minantem
1343 2436 1534 2501 malis
1619 2436 1982 2519 pastoribus
2058 2441 2123 2502 et
2195 2437 2537 2502 dicentem:
2615 2433 2839 2514 Quod

545 2547 982 2623 errauerat‚
1040 2564 1188 2609 non
1257 2545 1729 2609 reuocastis
1806 2548 1903 2621 et,
1960 2543 2169 2626 quod
2242 2544 2622 2626 perierat,
2686 2561 2837 2606 non

542 2651 1058 2732 inquisistis,
1115 2651 1236 2716 hoc
1291 2650 1476 2716 uobis
1531 2669 1645 2734 per
1700 2670 1815 2715 nos
1861 2650 2019 2715 deus
2072 2650 2210 2733 ipse
2266 2651 2419 2716 facit
2474 2650 2613 2716 siue
2660 2649 2839 2714 obse·
2882 2677 2939 2716 20

545 2757 772 2822 orando
831 2758 969 2822 siue
1023 2757 1318 2822 minando
1377 2757 1518 2823 siue
1566 2756 1957 2841 corripiendo
2006 2758 2145 2824 siue
2192 2756 2437 2822 damnis
2484 2756 2623 2822 siue
2666 2755 2837 2820 labo-

542 2864 718 2929 ribus
785 2864 924 2929 siue
987 2885 1098 2948 per
1163 2885 1312 2930 suas
1380 2865 1665 2930 occultas
1730 2864 2191 2930 admonitiones
2266 2866 2371 2929 uel
2434 2861 2843 2929 uisitationes

544 2970 680 3034 siue
717 2989 829 3053 per
864 2974 1260 3054 potestatum
1297 2971 1747 3055 temporalium
1784 2972 1984 3055 leges.
2021 2969 2399 3056 intellegite,
2438 2969 2594 3052 quid
2631 2969 2843 3034 uobis-

545 3094 690 3140 cum
747 3081 1002 3160 agatm:
1060 3078 1264 3160 perire
1319 3097 1438 3144 uos
1484 3097 1607 3143 non
1664 3079 1809 3143 uult
1854 3078 2013 3143 deus
2058 3078 2123 3142 in
2172 3077 2482 3162 sacrilega
2527 3075 2842 3142 discordia

547 3182 856 3248 alienatos
921 3201 958 3246 a
1019 3187 1222 3248 matre
1287 3187 1505 3248 uestra
1569 3185 1904 3252 catholica.
1970 3184 2129 3248 nihil
2193 3184 2257 3249 in
2320 3202 2435 3248 nos
2501 3181 2839 3266 aliquando
2883 3211 2937 3250 ιε

546 3287 808 3370 probare
853 3289 1191 3372 potuistis3
1239 3289 1439 3353 uestri
1479 3290 1763 3374 episcopi
1802 3290 2101 3356 conuenti
2136 3309 2175 3354 a
2208 3289 2394 3355 nobis
2431 3309 2587 3354 num
2632 3288 2843 3354 nobis·

548 3414 692 3460 cum
756 3395 1018 3476 pacifice
1075 3395 1356 3461 conferre
1410 3396 1753 3461 uoluerunt
1810 3397 1993 3479 quasi
2046 3397 2366 3481 fugientes
2423 3416 2569 3463 cum
2622 3413 2843 3480 pecca-

730 3640 795 3693 18
832 3639 1031 3694 Ezech.
1069 3641 1153 3694 34.
1192 3643 1227 3694 4

622 3815 647 3868 1
690 3817 782 3868 uni
820 3831 942 3882 om„
977 3819 1098 3871 m.1
1136 3815 1266 3869 add.
1306 3815 1379 3868 M
1474 3817 1506 3868 3
1543 3817 1666 3887 ipsa
1702 3815 1763 3870 F
1864 3818 1899 3869 4
1938 3816 2031 3886 qui
2068 3815 2143 3870 M
2284 3818 2313 3869 7
2353 3833 2385 3869 a
2414 3821 2545 3884 post
2580 3833 2736 3885 quam
2774 3818 2838 3870 in

539 3905 659 3974 fine
691 3921 748 3958 u.
787 3921 888 3958 om.
926 3906 982 3958 A
1113 3905 1171 3958 ll
1214 3905 1260 3957 si
1299 3920 1401 3960 om.
1439 3905 1502 3958 F
1535 3905 1687 3972 (add.
1728 3923 1797 3958 m.
1819 3907 1868 3972 1)
1904 3906 1961 3958 A
2110 3905 2174 3958 13
2212 3905 2503 3970 inuisibile,
2541 3921 2607 3958 m.
2632 3909 2671 3958 2
2707 3905 2838 3958 add.

551 4023 626 4040 Ν
663 4009 828 4062 super
863 4009 892 4046 e
927 3993 986 4048 R
1132 3994 1195 4046 15
1237 3991 1473 4059 dilimus,
1510 4011 1579 4047 m.
1603 3997 1643 4047 2
1678 3992 1961 4063 diligimus
1998 3995 2053 4047 A
2181 3995 2247 4048 16
2286 3993 2451 4047 oditis
2488 3993 2544 4048 R.
2680 3994 2744 4047 17
2782 3999 2840 4046 et

549 4080 722 4150 perire
761 4097 862 4135 om.
901 4081 956 4134 R
1059 4081 1128 4136 20
1167 4082 1440 4151 quesistiS,
1482 4097 1619 4136 corr.
1657 4099 1726 4135 m.
1750 4087 1778 4134 1
1816 4083 2131 4152 inquesistis
2167 4081 2244 4136 M
2347 4081 2480 4135 deus
2514 4097 2611 4152 per
2646 4097 2743 4135 nos
2768 4081 2847 4134 M

622 4171 738 4239 ipse
785 4185 906 4232 om„
954 4173 1074 4223 m.1
1120 4169 1252 4224 add.
1289 4169 1364 4222 M
1570 4169 1641 4223 23
1680 4170 1795 4224 siue
1842 4172 1959 4239 per]
2009 4171 2127 4223 siue
2176 4170 2263 4224 uel
2312 4169 2373 4223 F
2416 4170 2531 4223 siue
2570 4170 2623 4222 A
2658 4169 2747 4223 uel
2774 4169 2841 4221 M

553 4259 624 4310 24
661 4259 858 4326 agitur,
899 4273 1035 4312 corr.
1071 4275 1141 4310 m.
1162 4262 1192 4310 1
1231 4261 1426 4327 agatur
1461 4258 1536 4312 M
1700 4259 1769 4313 26
1808 4259 1957 4326 num]
1998 4265 2107 4312 nun
2160 4257 2353 4326 fuisse,
2388 4275 2457 4314 m.
2482 4262 2521 4311 2
2555 4275 2663 4311 non
2702 4274 2839 4312 corr.

553 4347 668 4400 uid.
707 4346 782 4399 M
812 4355 1048 4414 nuquam
1079 4345 1132 4398 P
1167 4346 1285 4400 edd.
1393 4347 1671 4400 uobiscum
1696 4345 1753 4400 R
1834 4349 1901 4400 27
1942 4348 2245 4412 noluerunt,
2284 4365 2353 4401 m.
2376 4353 2405 4400 1
2438 4363 2613 4416 supra
2636 4348 2663 4400 l*
2687 4363 2756 4401 uo
2786 4347 2842 4402 R
