3184 4959
459 973 498 1034 2

547 469 678 534 230
1269 465 1321 520 S.
1379 465 1657 520 Aureli
1710 465 2150 534 Augustini

547 679 668 724 non
721 659 974 725 deficiat
1020 663 1084 724 et
1129 661 1190 724 in
1248 661 1412 724 bona
1467 661 1855 726 conscientia
1914 661 2236 725 sustine
2304 660 2703 724 dominum
2768 663 2848 724 et

547 768 926 832 uiriliter
992 787 1134 852 age
1201 771 1278 832 et
1341 768 1864 832 confortetur
1920 787 2054 833 cor
2106 771 2329 832 tuum
2388 771 2465 832 et
2521 767 2843 832 sustine

550 874 974 939 dominum.

635 981 1051 1046 Manifestum
1099 983 1199 1045 est
1243 980 1520 1063 quidem,
1571 980 1761 1061 quod,
1802 980 1857 1043 si
1902 980 1982 1044 ad
2027 999 2141 1045 nos
2189 981 2438 1046 uenires
2492 979 2844 1045 uenerabili

550 1088 847 1172 episcopo
914 1087 1174 1152 Aurelio
1251 1105 1373 1151 non
1449 1087 1945 1166 communicans,
2020 1106 2135 1152 nec
2210 1087 2375 1169 apud
2442 1106 2555 1152 nos
2618 1105 2843 1170 posses
2908 1101 2936 1140 ⁵

547 1195 1044 1268 communicar03
1113 1193 1226 1258 sed
1291 1213 1364 1258 ea
1429 1193 1690 1257 caritate
1754 1211 1869 1258 nos
1932 1193 2305 1272 faceremus,
2363 1213 2488 1277 qua
2542 1197 2608 1258 et
2660 1193 2844 1256 illum

544 1301 752 1364 facere
799 1318 931 1390 *non
990 1299 1376 1364 dubitamus.
1441 1317 1558 1363 nec
1612 1291 1753 1364 ideo
1810 1301 2019 1364 tamen
2078 1319 2383 1365 onerosus
2443 1299 2625 1364 nobis
2674 1303 2847 1364 esset

547 1407 862 1471 aduentus
926 1408 1099 1482 tuus,
1167 1405 1316 1487 quia
1379 1408 1444 1470 et
1506 1409 1569 1470 te
1636 1409 1887 1489 oportet
1952 1425 2150 1489 aequo
2208 1407 2415 1472 animo
2470 1407 2675 1472 facere
2728 1425 2843 1490 pro

489 1513 856 1578 ‘ecclesiae
931 1512 1270 1595 disciplina
1338 1513 1709 1594 praesertim
1787 1513 1969 1578 salua
2040 1513 2443 1592 conscientia,
2518 1532 2709 1595 quam
2770 1515 2845 1576 tu

463 3655 505 3717 3

548 1620 718 1683 nosti
767 1623 830 1683 et
876 1618 1054 1684 deus.
1121 1638 1322 1702 neque
1371 1619 1535 1683 enim
1585 1622 1650 1684 et
1691 1619 1823 1696 ille,
1873 1619 1929 1683 si
1976 1639 2233 1684 causam
2280 1623 2456 1685 tuam
2504 1619 2845 1684 discutien·
2882 1636 2938 1677 ιο

549 1725 691 1788 dam
752 1724 1027 1804 distulit,
1086 1724 1228 1789 odio
1287 1727 1396 1790 tuo
1452 1724 1609 1790 feeit
1664 1729 1727 1790 et
1772 1745 1893 1790 non
1940 1726 2432 1792 necessitatibus
2480 1727 2637 1806 suis,
2686 1747 2843 1810 quas

547 1833 624 1894 tu
682 1833 737 1896 si
793 1832 885 1896 ita
941 1851 1184 1910 nosseS,
1232 1851 1418 1914 quem
1471 1831 1548 1895 ad
1597 1832 1857 1897 modum
1904 1836 2081 1896 tuam
2130 1834 2321 1910 nosti,
2370 1853 2481 1898 nec
2527 1833 2843 1898 mirareris

547 1957 666 2002 nec
710 1939 1192 2007 contristareris.
1242 1939 1410 2022 quod
1457 1939 1666 2003 etiam·
1698 1939 1773 2003 de
1820 1939 2054 2004 nostris
2100 1940 2378 2024 petimus
2418 1940 2657 2019 credas,
2698 1940 2849 2022 quia

546 2044 846 2109 similiter
891 2064 998 2110 eas
1055 2064 1176 2109 non
1230 2048 1415 2128 potes
1471 2065 1680 2110 nosse.
1748 2048 1900 2110 sunt
1954 2049 2167 2110 autem
2222 2047 2494 2110 maiores
2549 2047 2733 2111 nobis
2782 2049 2848 2111 et

546 2152 925 2216 auctoritate
990 2151 1307 2236 digniores
1373 2155 1437 2217 et
1498 2153 1639 2217 loeo
1706 2153 2047 2218 uiciniores
2123 2153 2423 2236 episcopi,
2497 2173 2609 2237 per
2683 2172 2843 2236 quos
2884 2169 2939 2210 15

545 2258 800 2322 facilius
857 2259 1122 2342 possitis
1181 2259 1260 2323 ad
1317 2279 1530 2324 curam
1578 2263 1861 2324 uestram
1910 2259 2296 2340 pertinentes
2346 2259 2651 2325 ecclesiae
2700 2279 2845 2325 cau-

547 2385 653 2431 sas
710 2366 950 2448 exequi.
1017 2384 1133 2432 nec
1189 2384 1306 2450 ego
1353 2370 1566 2432 tamen
1616 2367 1789 2430 tacui
1836 2366 2003 2450 apud
2051 2367 2473 2430 uenerabilem
2522 2370 2586 2431 et
2633 2366 2847 2431 debita

547 2475 706 2539 mihi
759 2493 870 2556 pro
931 2474 1066 2537 eius
1122 2473 1369 2537 meritis
1427 2472 1907 2538 honorificentia
1954 2473 2429 2555 suscipiendum
2475 2473 2733 2538 fratrem
2782 2478 2847 2538 et

548 2583 861 2664 collegam
925 2599 1142 2645 meum
1206 2599 1419 2645 senem
1481 2580 1813 2644 Aurelium
1878 2580 2354 2645 tribulationem
2428 2583 2707 2646 uestram
2784 2585 2847 2645 et

548 2689 1008 2772 querimoniam
1031 2688 1393 2751 litterarum
1420 2690 1802 2766 uestrarum,
1844 2687 1955 2752 sed
1991 2707 2105 2770 per
2140 2688 2496 2770 exemplum
2534 2687 2845 2771 epistulae
2880 2703 2943 2744 20

547 2799 694 2861 tuae
739 2794 1162 2860 innocentiam
1209 2797 1386 2858 tuam
1436 2794 1494 2858 ei
1539 2795 1813 2876 perferre
1860 2795 2100 2859 curaui.
2146 2795 2391 2859 litteras
2440 2797 2651 2859 autem
2699 2798 2846 2859 tuas

549 2903 656 2967 uel
720 2901 918 2986 pridie
983 2901 1088 2965 uel
1156 2904 1299 2965 ante
1361 2901 1631 2965 biduum
1694 2901 1923 2966 natalis
1988 2900 2229 2967 domini
2294 2901 2528 2984 accepi,
2595 2901 2843 2983 quando

549 3011 734 3073 illum
789 3007 1132 3072 insinuasti
1177 3007 1256 3070 ad
1303 3008 1638 3072 ecclesiam
1686 3008 2185 3072 Bad'esilitanam
2230 3011 2591 3081 uenturum,
2642 3027 2677 3072 a
2722 3025 2851 3090 qua

548 3115 794 3180 timetis
870 3114 970 3178 dei
1042 3113 1292 3198 plebem
1367 3115 1728 3179 conturbari
1800 3119 1989 3196 atque
2054 3115 2391 3197 corrumpi.
2466 3117 2849 3197 quapropter

549 3240 662 3305 per
704 3222 950 3285 litteras
989 3220 1242 3302 quidem
1280 3221 1535 3304 adloqui
1573 3221 1825 3304 plebem
1863 3223 2142 3285 uestram
2182 3240 2305 3286 non
2344 3221 2577 3298 audeo;
2624 3220 2845 3285 rescri·
2880 3233 2940 3274 8⁵

551 3327 699 3391 bere
747 3330 962 3391 autem
1011 3326 1122 3405 eie,
1173 3327 1282 3407 qui
1327 3327 1487 3390 mihi
1533 3327 1902 3403 scriberent,
1948 3346 2235 3410 possem3
2284 3328 2452 3392 ultro
2504 3331 2717 3392 autem
2766 3327 2846 3391 ad

550 3435 799 3518 plebem
859 3431 1150 3510 scribere,
1210 3453 1368 3516 quae
1427 3433 1885 3517 dispensationi
1939 3453 2119 3500 meae
2167 3434 2507 3500 commissa
2552 3454 2671 3500 non
2724 3437 2844 3511 est,

550 3540 716 3604 unde
761 3543 1058 3622 possem?

643 3647 880 3711 Verum
933 3649 1166 3726 tamen,
1225 3647 1393 3730 quod
1458 3648 1574 3712 tibi
1622 3647 1734 3712 uni
1779 3648 1943 3727 dico,
1992 3649 2100 3731 qui
2146 3649 2305 3713 mihi
2352 3649 2687 3733 scripsisti,
2736 3669 2848 3734 per

551 3756 615 3818 te
679 3754 890 3836 ipsum
955 3755 1286 3835 perueniat
1349 3754 1427 3818 ad-
1485 3773 1614 3833 eoS‚
1673 3755 1903 3836 quibus
1962 3773 2121 3838 opus
2182 3759 2279 3820 est
2334 3756 2479 3822 diei.
2544 3775 2664 3822 uos
2718 3757 2847 3839 ipsi
2882 3769 2947 3808 ³0

734 3980 760 4033 1
800 3979 890 4036 Ps.
930 3981 1016 4044 26,
1059 3981 1124 4034 14

631 4101 690 4155 11
733 4106 826 4154 tuo
867 4119 968 4156 om.
1010 4101 1072 4153 Η
1109 4102 1190 4154 tui
1230 4101 1349 4156 edd.
1461 4103 1587 4164 tuis,
1629 4119 1763 4159 corr.
1804 4108 1923 4157 m.1
1959 4103 2071 4156 suis
2108 4103 2164 4158 R
2275 4106 2341 4158 12
2378 4105 2665 4166 mii-eretis,
2704 4121 2845 4160 corr.

553 4207 619 4243 m.
642 4195 673 4243 1
707 4191 976 4243 mirareris
1013 4190 1070 4245 R
1207 4192 1274 4245 13
1311 4192 1508 4244 uestris
1557 4191 1666 4246 VU
1809 4195 1872 4247 16
1910 4195 2152 4246 nostram
2200 4193 2309 4248 VU
2430 4193 2756 4262 pertinentis
2792 4211 2850 4249 m

557 4279 618 4331 17
657 4278 806 4330 tacui
845 4279 922 4347 (ta
957 4280 1021 4331 in
1055 4296 1200 4347 ras.;
1234 4279 1415 4345 fuitne
1451 4279 1519 4333 do
1542 4279 1594 4346 ἓ)
1634 4282 1689 4334 R
1871 4281 1935 4334 19
1971 4297 2145 4334 meam
2184 4281 2251 4335 H
2453 4285 2693 4336 nostram
2742 4283 2855 4338 VU

555 4368 620 4419 21
663 4369 789 4419 tuae
827 4383 928 4420 om.
977 4366 1087 4421 VU
