3184 4959
200 1077 337 1142 185

288 1637 337 1676 10

278 2709 335 2747 20

1102 458 1632 526 epistularum
1686 459 1952 514 LXXXII.
2539 468 2667 530 369

374 653 554 717 brare
621 653 845 718 debere
912 656 1023 718 aut
1086 654 1183 717 eis
1236 653 1369 718 ullo
1426 652 1614 718 modo
1671 653 1882 732 licere,
1941 673 2088 718 cum
2134 655 2296 721 illud
2344 657 2418 720 de
2465 659 2668 724 Paulo

376 779 624 842 semper
677 761 771 824 ita
824 761 1149 838 senserim,
1198 743 1279 824 ⁷ex
1337 779 1461 842 quo
1516 759 1694 825 illius
1741 760 1898 825 mihi
1944 762 2194 828 litterae
2239 763 2671 842 innotuerunt,

376 867 546 931 sicut
606 886 723 932 nec
777 867 897 932 tibi
953 866 1208 931 uidetur
1262 867 1382 932 hoc
1435 868 1722 949 tempore
1770 867 2066 951 cuiquam
2113 868 2239 934 ista
2283 889 2424 936 esse
2473 871 2668 936 simu-

372 973 579 1054 landa,
628 992 775 1039 cum
822 974 943 1038 hoc
988 973 1217 1038 fecisse
1267 975 1593 1056 apostolos
1645 975 1882 1040 credas,

460 1080 751 1158 Proinde,
809 1079 980 1144 sicut
1030 1083 1103 1144 tu
1160 1099 1193 1144 e
1252 1080 1563 1146 contrario
1619 1082 1900 1164 loqueris
1957 1085 2024 1146 et
2067 1082 2220 1148 licet
2264 1083 2668 1162 reclamante,

376 1187 545 1252 sicut
616 1187 865 1266 scribis,
938 1188 1175 1253 mundo
1244 1188 1445 1253 libera
1524 1207 1684 1254 uoce
1775 1190 2148 1272 pronuntias
2247 1193 2670 1257 caeremonias

372 1293 750 1360 Iudaeorum
815 1297 881 1359 et
940 1295 1325 1378 perniciosas
1392 1313 1533 1360 esse
1599 1299 1666 1360 et
1728 1297 2084 1360 mortiferas
2143 1295 2520 1362 Christianis
2585 1303 2670 1375 et,

374 1401 757 1484 quicumque
806 1421 911 1466 eas
961 1401 1399 1467 obseruauerit
1446 1401 1585 1467 siue
1634 1423 1706 1468 ex
1741 1403 1994 1467 Iudaeis
2044 1404 2182 1470 siue
2229 1422 2301 1467 ex
2348 1405 2667 1487 gentibue,

374 1527 517 1572 eum
581 1508 645 1572 in
710 1509 1075 1574 barathrum
1143 1509 1377 1588 diaboli
1442 1509 1840 1586 deuolutum,
1905 1510 1996 1574 ita
2053 1529 2170 1593 ego
2227 1511 2386 1574 hanc
2443 1529 2665 1576 uocem

372 1619 549 1680 tuam
597 1615 847 1680 omnino
897 1615 1195 1680 confirmo
1245 1618 1309 1678 et
1364 1615 1556 1680 addo:
1625 1618 2010 1699 quicumque
2069 1635 2176 1681 eas
2233 1617 2670 1686 obseruauerit

376 1743 493 1787 non
542 1723 747 1787 solum
795 1723 1104 1787 ueraciter
1150 1742 1371 1787 uerum
1422 1723 1614 1786 etiam
1654 1723 1974 1800 simulate,
2015 1743 2162 1787 eum
2199 1722 2262 1787 in
2299 1723 2668 1792 barathrum

373 1828 608 1894 diaboli
652 1828 1046 1894 deuolutum.
1114 1828 1264 1910 quid
1314 1828 1561 1910 quaeris
1611 1829 1930 1912 amplius?
1979 1829 2091 1894 sed
2139 1829 2310 1896 sicut
2353 1835 2426 1896 tu
2474 1831 2668 1896 simu-

372 1935 669 2000 lationem
719 1935 1149 2016 apostolorum
1200 1935 1275 1999 ab
1325 1935 1516 2000 huius
1564 1935 1868 2018 temporis
1924 1936 2166 2001 ratione
2225 1939 2522 2016 secerniS,
2577 1939 2668 2001 ita

374 2061 489 2124 ego
536 2042 721 2106 Pauli
768 2043 1039 2125 apostoli
1088 2061 1379 2108 ueracem
1424 2045 1577 2106 tunc
1623 2043 1688 2107 in
1733 2042 1834 2106 his
1892 2041 2186 2107 omnibus
2243 2044 2668 2110 conuersatio-

308 2175 333 2212 5
370 2167 511 2212 nem
566 2147 643 2212 ab
702 2147 893 2213 huius
949 2149 1251 2232 temporis
1310 2149 1605 2230 quamuis
1662 2149 1924 2212 minime
1990 2149 2291 2214 simulata
2356 2169 2670 2216 caeremo-

372 2255 615 2318 niarum
670 2255 1067 2320 Iudaicarum
1128 2255 1564 2321 obseruatione
1631 2274 1908 2332 secerno,
1966 2255 2264 2337 quoniam
2327 2258 2480 2321 tunc
2543 2257 2670 2322 fuit

372 2361 769 2442 adprobanda
816 2381 980 2426 nunc
1029 2361 1417 2426 detestanda.
1469 2362 1559 2426 ita
1605 2362 1898 2444 quamuis
1949 2362 2326 2445 legerimus:
2389 2363 2532 2427 Lex
2597 2366 2670 2427 et

371 2470 779 2551 prophetae
825 2488 1064 2552 usque
1113 2471 1200 2534 ad
1244 2471 1650 2534 Iohannem
1689 2469 2120 2552 Baptistam
2162 2474 2225 2535 et
2265 2470 2414 2552 quia
2451 2489 2668 2554 prop-

372 2581 577 2640 terea
652 2577 1112 2658 quaerebant
1180 2577 1445 2641 Iudaei
1501 2575 1885 2641 Christum
1961 2577 2424 2654 interficere,
2490 2578 2668 2659 quia

371 2701 509 2746 non
580 2683 821 2747 solum
888 2683 1237 2748 soluebat
1303 2683 1721 2758 sabbatum,
1792 2685 1922 2747 sed
1979 2686 2054 2748 et
2106 2688 2394 2767 patrem
2449 2703 2664 2748 suum

373 2789 677 2854 dicebat
723 2789 935 2854 deum
986 2791 1371 2873 aequalem
1414 2809 1488 2854 se
1527 2790 1816 2854 faciens
1856 2790 2013 2872 de0,
2055 2793 2119 2854 et
2158 2790 2306 2871 quia
2344 2790 2664 2874 gratiam

370 2915 501 2976 pro
583 2897 831 2980 gratia
905 2897 1337 2979 accepimns
1413 2898 1477 2959 et
1552 2897 1898 2978 quoniam
1975 2896 2092 2960 lex
2165 2916 2292 2978 per
2356 2897 2663 2979 Moysen

548 3141 689 3193 5-9
728 3163 794 3184 =
834 3157 884 3209 p.
924 3139 1045 3199 305,
1086 3141 1257 3193 7—-11
1376 3141 1567 3210 17—p.
1600 3140 1722 3204 370,
1760 3142 1793 3194 4
1834 3165 1900 3185 =
1941 3159 1990 3210 p.
2030 3141 2154 3202 305.
2197 3139 2462 3202 14-306,
2507 3141 2570 3193 17

446 3301 468 3352 1
512 3301 629 3367 aut]
671 3315 739 3352 an
778 3298 835 3352 P
976 3298 1151 3352 dicere
1188 3298 1245 3352 P
1384 3299 1477 3352 illo
1516 3298 1618 3353 HI
1721 3299 1754 3352 2
1794 3315 2006 3369 semper
2043 3315 2146 3356 om.
2185 3297 2252 3352 H
2389 3297 2458 3366 it!
2481 3315 2664 3352 sense-

368 3387 468 3440 rim
504 3389 559 3442 A
704 3387 887 3441 nillius
929 3388 1029 3454 (sic
1049 3391 1089 3452 l)
1121 3387 1178 3439 P
1281 3388 1313 3442 3
1351 3388 1456 3442 hoc
1489 3393 1734 3456 tempore
1773 3387 1994 3440 uidetur
2019 3387 2060 3442 Ι
2199 3403 2316 3440 esse
2356 3387 2664 3441 simulanda

370 3477 479 3528 ista
513 3475 633 3530 edd.
778 3475 909 3544 ista]
948 3477 1029 3530 ita
1064 3475 1133 3529 H
1260 3477 1295 3529 4
1334 3477 1642 3546 apostolum
1680 3475 1741 3529 E
1872 3479 1904 3530 5
1942 3476 2029 3544 tu]
2068 3479 2166 3530 tua
2202 3475 2257 3527 P
2399 3492 2426 3528 e
2465 3493 2566 3530 om.
2605 3476 2660 3528 A

374 3567 403 3617 7
443 3581 557 3618 esse
597 3565 670 3633 et]
713 3569 856 3618 esset
892 3565 947 3617 P
1050 3565 1083 3618 8
1122 3564 1496 3618 obseruaberit
1532 3565 1635 3616 HI
1739 3567 1770 3618 9
1809 3563 2028 3618 baratro
2059 3565 2126 3616 H
2264 3565 2572 3617 inuolutum
2600 3564 2667 3617 Η

374 3653 439 3708 10
478 3655 691 3706 omnino
726 3659 815 3720 (no
844 3654 907 3706 in
937 3669 1047 3706 ras.
1076 3668 1144 3706 m.
1164 3656 1221 3718 2)
1252 3653 1328 3706 M
1431 3651 1806 3706 obseruaberit
1833 3653 1938 3706 HI
2041 3652 2416 3705 obseruanerit
2455 3653 2568 3704 siue
2601 3669 2662 3704 ex

368 3742 585 3796 Iudaeis
622 3743 739 3796 siue
777 3759 839 3796 ex
877 3741 1131 3810 gentibus
1160 3759 1267 3794 non
1298 3741 1471 3794 solum
1498 3741 1620 3794 edd.
1733 3741 1800 3794 12
1839 3742 1964 3810 quic
1991 3740 2058 3794 H
2157 3741 2220 3794 13
2261 3739 2326 3794 ab
2359 3757 2460 3794 om.
2491 3739 2664 3792 PMA

440 3832 643 3885 ratione
691 3830 934 3885 decernis
978 3831 1045 3884 H
1197 3831 1449 3896 secernis,
1497 3831 1561 3884 in
1606 3847 1780 3898 mary.
1831 3847 2047 3899 separas
2087 3831 2128 3883 I
2232 3831 2298 3882 14
2335 3827 2572 3882 ueracim
2618 3829 2664 3896 Q

440 3925 570 3975 tunc
608 3936 709 3975 om.
746 3921 788 3974 I
892 3922 957 3974 15
997 3919 1269 3982 simulate,
1310 3935 1447 3973 cor-r.
1484 3936 1553 3972 m.
1576 3923 1606 3972 1
1643 3919 1898 3972 simulata
1934 3917 2011 3971 M
2126 3919 2192 3972 16
2231 3917 2564 3970 iudaicorum
2603 3915 2670 3968 H

440 4027 679 4076 secerno,
714 4011 777 4063 in
812 4026 985 4078 mary.
1023 4025 1213 4078 separo
1252 4009 1291 4062 Ι
1324 4011 1530 4062 secerto
1568 4008 1624 4060 P
1784 4009 2063 4076 quoniam]
2103 4024 2207 4076 quo
2253 4005 2298 4074 Q
2461 4008 2574 4058 tum
2613 4005 2668 4056 P

440 4096 549 4151 fuit
593 4097 663 4152 ad
710 4097 1059 4167 adprobanda
1100 4097 1147 4166 Q
1328 4099 1393 4150 17
1440 4097 1522 4150 ita
1569 4113 1670 4150 om.
1718 4096 1790 4148 M
1835 4097 2022 4165 itaque
2074 4094 2182 4164 ΘΕ
2225 4099 2281 4148 et
2315 4093 2422 4148 HI
2460 4097 2574 4146 tam
2611 4093 2667 4146 Ρ

369 4191 551 4240 tamen
590 4187 645 4240 A
775 4187 841 4242 18
877 4204 941 4240 us
982 4193 1105 4253 (ona.
1145 4189 1272 4257 quc)
1309 4187 1363 4239 P
1491 4185 1555 4238 19
1592 4185 1915 4239 interfecere
1954 4186 2007 4238 A
2143 4184 2214 4237 20
2252 4183 2426 4236 solum
2463 4197 2572 4234 non
2609 4182 2662 4234 A

442 4277 639 4346 solum]
679 4277 768 4330 hic
806 4277 873 4330 H
1048 4276 1300 4330 solbebat
1336 4274 1439 4327 HI
1578 4279 1635 4327 et
1671 4290 1773 4330 om.
1813 4274 2025 4328 PMIA
2171 4283 2250 4336 sil,
2287 4289 2357 4326 m.
2379 4274 2419 4324 2
2456 4279 2558 4323 suti
2593 4270 2666 4323 M

369 4366 433 4419 21
478 4365 722 4435 aqualem
762 4366 817 4417 A
961 4365 1194 4432 gratiam
1233 4381 1327 4436 pro
1368 4363 1602 4433 gratiam
1641 4362 1708 4416 H
1812 4365 1882 4416 22
1919 4362 2212 4432 accipimus
2257 4361 2364 4431 ΘΕ

426 4491 657 4542 xxxnn,
686 4491 803 4538 Aug.
834 4497 941 4530 sect.
973 4491 1015 4529 11
1036 4501 1138 4540 pars
1160 4492 1201 4530 2.
2521 4468 2588 4520 24
