3184 4959
529 432 655 495 482
1246 429 1299 482 S.
1358 429 1628 483 Aureli
1686 429 2122 500 Augustini

528 623 921 690 sacramenta
984 643 1131 690 cum
1196 624 1639 707 peccatoribus
1707 625 2262 702 communicandO,
2330 625 2502 691 sicut
2562 626 2827 709 putatiS,

528 732 717 815 periit
755 731 1046 811 ecclesia,
1098 751 1257 814 quae
1303 731 1513 796 fuerat
1553 732 1620 796 in
1661 732 1810 797 orbe
1855 734 2162 797 terrarum
2201 769 2290 778 —
2325 751 2474 796 nam
2519 751 2638 798 uos
2684 732 2828 798 ideo

528 838 873 922 separastis
948 877 1056 916 ——,
1140 839 1265 904 iam
1343 840 1518 922 prius
1592 842 1733 903 tota
1804 840 2097 922 perierat,
2183 858 2352 919 cum,
2436 838 2608 905 sicut
2672 839 2832 904 dicit

531 945 901 1030 Cyprianus,
967 946 1030 1010 in
1088 965 1229 1010 eam
1287 946 1421 1011 sine
1476 946 1796 1029 baptismo
1854 946 2369 1025 admittebantur,
2437 966 2510 1012 ac
2567 947 2658 1012 sic
2713 965 2828 1011 nec

526 1054 665 1135 ipse
742 1052 1093 1138 Cyprianus
1167 1052 1460 1134 habebat,
1518 1053 1579 1116 in
1641 1072 1766 1136 qua
1829 1053 2099 1118 ecclesia
2151 1057 2536 1132 nasceretur,
2593 1058 2828 1138 quanto
2893 1079 2920 1116 5

531 1161 737 1244 magis
801 1159 1007 1224 multo
1074 1157 1390 1242 posterior
1452 1162 1670 1224 uester
1737 1165 1957 1224 auctor
2019 1161 2322 1244 paterque
2387 1160 2705 1225 Donatus!
2773 1160 2829 1224 si

532 1271 745 1332 autem
794 1266 904 1331 illo
954 1269 1258 1347 tempore,
1308 1284 1453 1330 cum
1500 1264 1563 1329 in
1607 1284 1744 1330 eam
1782 1266 1916 1330 sine
1955 1266 2270 1349 baptismo
2312 1265 2828 1343 admittebantur,

532 1377 667 1438 erat
740 1375 953 1436 tamen
1026 1371 1316 1450 ecclesia,
1404 1391 1563 1454 quae
1637 1374 1890 1453 pareret
1961 1370 2362 1455 Cyprianum,
2445 1375 2694 1454 pareret
2765 1376 2828 1436 et

531 1481 873 1556 Donatum,
948 1479 1357 1544 manifestum
1428 1481 1526 1544 est
1601 1498 1722 1545 non
1784 1479 2199 1544 contaminari
2268 1480 2478 1544 iustos
2550 1481 2830 1561 peccatis

532 1585 779 1664 alieniS,
826 1586 1073 1669 quando
1124 1605 1269 1650 cum
1319 1586 1410 1650 eis
1460 1589 1855 1650 sacramenta
1899 1584 2386 1652 communicant.
2433 1605 2507 1652 ac
2552 1605 2665 1670 per
2709 1587 2829 1652 hoc
2869 1611 2920 1648 m

532 1693 1013 1776 separationem,
1062 1713 1189 1775 qua
1235 1693 1453 1758 existis
1502 1692 1577 1757 ab
1629 1691 1891 1769 unitate,
1950 1711 2074 1775 qua
2121 1694 2521 1759 excusatione
2566 1694 2828 1777 possitis

530 1800 807 1876 abluere,
864 1818 987 1864 non
1044 1801 1290 1866 habetis
1336 1800 1768 1882 impleturque
1815 1799 1878 1862 in
1924 1798 2110 1865 uobis
2169 1802 2422 1864 sanctae
2479 1801 2828 1884 scripturae

532 1907 692 1971 illud
768 1905 1124 1970 oraculum:
1210 1905 1462 1970 Filius
1536 1905 1782 1970 malus
1867 1905 2032 1988 ipse
2109 1925 2184 1970 se
2259 1907 2544 1972 iustum
2618 1907 2827 1985 dicit,

534 2013 815 2077 exitum
864 2018 1113 2077 autern
1163 2031 1381 2077 suum
1429 2031 1571 2078 non
1621 2011 1888 2076 abluit.

427 2117 511 2182 38
620 2118 867 2183 Meritis
915 2123 1129 2184 autem
1178 2119 1473 2203 Cypriani
1520 2119 1614 2184 sic
1661 2137 1782 2184 non
1832 2123 2154 2202 aequatur,
2195 2119 2304 2202 qui
2353 2124 2612 2204 propter
2655 2121 2828 2205 paria
2869 2145 2920 2184 15

534 2230 927 2291 sacramenta
982 2245 1097 2290 nec
1152 2225 1329 2309 ipsos
1387 2225 1742 2290 haereticos
1800 2225 1992 2290 audet
2035 2227 2444 2309 rebaptizare,
2493 2228 2665 2292 sicut
2705 2247 2828 2292 non

534 2336 841 2414 aequatur
893 2332 1139 2397 meritis
1196 2333 1390 2410 Petri,
1458 2332 1752 2416 quisquis
1807 2351 1932 2398 non
1988 2334 2160 2416 cogit
2215 2335 2437 2418 gentes
2491 2333 2828 2400 iudaizare.

536 2440 645 2504 sed
701 2440 813 2504 illa
858 2439 1033 2504 Petri
1088 2459 1211 2504 non
1266 2443 1515 2504 tantum
1565 2439 1946 2505 claudicatio
2003 2457 2230 2504 uerum
2285 2441 2480 2506 etiam
2527 2441 2829 2507 correctio

536 2547 864 2630 scripturis
942 2547 1259 2611 canonicis
1346 2545 1732 2622 continetur3
1819 2545 2170 2630 Cyprianus
2255 2551 2468 2614 autem
2553 2548 2828 2614 sensisse

534 2653 717 2717 aliter
762 2652 837 2718 de
886 2653 1224 2735 baptismO,
1272 2672 1463 2736 quam
1509 2654 1714 2718 forma
1760 2657 1826 2718 et
1871 2654 2264 2720 consuetudo
2312 2654 2588 2720 habebat
2632 2655 2830 2720 eccle·
2867 2679 2923 2718 20

535 2758 686 2837 siae,
764 2778 886 2823 non
958 2759 1025 2822 in
1090 2760 1407 2825 canonicis
1483 2759 1598 2824 sed
1659 2760 1726 2824 in
1802 2760 1936 2825 suis
2003 2763 2066 2826 et
2139 2760 2204 2824 in
2271 2761 2524 2826 concilii
2598 2762 2830 2826 litteris

533 2867 876 2932 inuenitur.
946 2868 1289 2932 correxisse
1346 2869 1561 2930 autem
1619 2867 1810 2931 istam
1869 2867 2250 2932 sententiam
2303 2887 2426 2933 non
2478 2869 2829 2936 inuenitur:

535 2992 657 3038 non
705 2973 1191 3056 incongruenter
1234 2977 1444 3038 tamen
1486 2973 1561 3038 de
1609 2974 1726 3038 tali
1771 2974 1906 3040 uiro
1957 2974 2446 3040 existimandum
2493 2979 2612 3054 est,
2663 2975 2832 3058 quod

536 3079 872 3166 correxerit
925 3084 989 3144 et
1052 3079 1320 3144 fortasse
1379 3099 1794 3163 suppressum
1853 3080 1938 3146 sit
1993 3080 2069 3145 ab
2131 3081 2244 3160 eis,
2297 3082 2406 3164 qui
2451 3083 2572 3147 hoc
2628 3101 2834 3148 errore

533 3186 802 3251 nimium
832 3185 1129 3251 delectati
1168 3190 1317 3251 sunt
1346 3191 1409 3251 et
1435 3191 1614 3251 tanto
1644 3187 1828 3252 uelut
1863 3187 2208 3271 patrocinio
2241 3207 2448 3254 carere
2475 3190 2832 3255 noluerunt.
2871 3215 2926 3254 25

536 3310 917 3374 quamquam
947 3309 1070 3355 non
1101 3291 1331 3370 desint,
1371 3293 1481 3374 qui
1518 3292 1638 3357 hoc
1671 3293 2053 3375 Cyprianum
2090 3312 2349 3375 prorsus
2390 3314 2513 3361 non
2551 3295 2834 3360 sensisse

538 3397 937 3473 contendant,
1004 3397 1117 3462 sed
1183 3397 1300 3462 sub
1369 3398 1507 3462 eius
1572 3399 1822 3462 nomine
1887 3417 1924 3462 a
1987 3401 2576 3482 praesumptoribus
2641 3403 2834 3485 atque

721 3644 785 3696 13
824 3643 981 3696 Prou.
1022 3645 1107 3704 24,
1148 3644 1216 3697 35
1256 3644 1365 3709 (12)
1404 3659 1507 3698 sec.
1548 3644 1813 3714 Septuag.

612 3801 644 3854 3
689 3801 839 3870 prius
886 3817 988 3856 om.
1027 3801 1077 3853 L
1292 3803 1436 3870 tota]
1488 3800 1635 3870 quod
1680 3805 1800 3856 tota
1843 3803 1943 3856 GP
2119 3804 2150 3857 9
2192 3803 2386 3858 alienis
2431 3805 2670 3876 peccatis
2709 3805 2831 3860 edd.

542 3889 610 3942 10
645 3889 801 3951 hanc,
838 3906 909 3942 m.
932 3893 971 3942 2
1014 3889 1119 3943 hoc
1155 3891 1207 3942 P
1390 3891 1455 3944 12
1500 3890 1760 3960 impletur
1799 3897 1924 3959 (om.
1965 3893 2090 3962 que)
2128 3892 2180 3945 L
2366 3893 2431 3948 13
2466 3895 2642 3964 ipsum
2681 3894 2837 3960 MA,-

540 3978 609 4045 cf.
638 3995 700 4046 p.
744 3979 877 4040 484,
916 3980 993 4030 19
1130 3980 1197 4033 15
1234 3978 1406 4048 paria]
1446 3979 1729 4048 uelparia
1764 3981 1982 4049 propria
2018 3981 2071 4032 P
2101 3980 2320 4050 propria
2355 3980 2410 4034 L
2549 3983 2614 4035 16
2653 3982 2834 4052 bapti-

540 4082 658 4119 zare
694 4065 747 4119 L
878 4065 943 4120 18
980 4073 1113 4130 tum,
1152 4085 1218 4121 m.
1244 4071 1283 4120 2
1320 4071 1533 4121 tantum
1572 4069 1628 4121 P
1755 4068 1820 4122 19
1857 4069 1914 4122 in
1953 4069 2232 4139 scripturis
2269 4069 2338 4122 M
2470 4070 2540 4125 20
2577 4069 2746 4126 habet
2787 4072 2840 4124 C

540 4155 602 4208 21
646 4154 703 4207 in
740 4155 981 4210 conciliis
1012 4155 1060 4209 0
1094 4157 1307 4211 concilii
1346 4159 1469 4222 (om.
1508 4158 1587 4222 in)
1615 4157 1669 4211 L
1765 4157 1835 4212 24
1873 4159 2161 4212 correxerit
2193 4175 2292 4212 ras
2344 4175 2410 4212 ex
2438 4163 2738 4214 correxerat-
2763 4161 2840 4214 M

540 4243 768 4296 correxit
804 4241 859 4296 R
968 4245 1036 4298 25
1074 4247 1302 4313 patrono
1342 4244 1394 4297 L
1539 4245 1815 4299 noluerint
1841 4246 1896 4298 A
1995 4245 2063 4300 26
2103 4245 2299 4300 desunt
2332 4245 2379 4300 0
2519 4246 2620 4302 hoc
2647 4263 2749 4302 om.
2780 4250 2838 4304 R

538 4331 606 4384 27
647 4329 1048 4384 contendebant
1085 4331 1172 4396 (eb
1212 4336 1352 4400 exp.)
1390 4332 1445 4386 P
