3184 4959
155 1886 234 1947 11

243 1583 294 1621 10

241 2114 295 2157 15

237 3184 293 3224 25

1067 402 1601 474 epistularum
1661 402 1905 461 CXVIII.
2502 410 2635 475 675

328 599 616 682 ipsorum
673 600 1001 665 auctorum
1056 599 1238 665 libris
1288 598 1546 665 Graecis
1603 604 1743 667 tota
1797 604 1988 685 atque
2046 604 2337 667 contexta
2391 602 2634 668 discere

331 705 640 785 maluisti,
707 709 770 770 et
841 704 1193 784 indoctum,
1262 708 1371 790 qui
1439 726 1584 773 cum
1650 710 1781 772 tam
1846 708 2051 773 multa
2113 708 2177 774 in
2240 712 2355 775 tua
2416 710 2635 796 lingua

331 812 602 889 nesciaS‚
659 831 874 879 earum
929 832 1140 877 rerum
1195 813 1400 879 frusta
1465 814 1528 879 in
1585 814 1791 881 aliena
1846 815 2141 900 colligere
2198 816 2487 881 ambisti!
2558 836 2633 881 an

330 920 492 985 forte
545 920 708 984 illud
760 919 1196 1003 respondebis,
1252 939 1374 985 non
1429 924 1494 985 te
1553 919 1829 986 Graecos
1887 921 1965 985 de
2026 922 2128 986 his
2182 922 2373 987 rebus
2437 922 2634 988 libros

333 1026 790 1109 contempsisse
874 1026 986 1091 sed
1068 1027 1244 1110 prius
1317 1028 1577 1093 Latinos
1653 1048 1911 1093 curasse
1984 1048 2386 1114 cognoscere,
2470 1049 2637 1095 nunc

332 1135 544 1198 autem
607 1134 774 1197 uelle
827 1136 894 1199 te
956 1133 1022 1197 in
1075 1133 1318 1199 Latinis
1376 1134 1637 1199 doctum
1696 1134 1935 1199 Graeca
1996 1136 2126 1200 iam
2182 1140 2522 1220 quaerere?
2580 1136 2635 1203 si

330 1240 450 1305 hoc
507 1259 630 1304 non
686 1239 903 1323 pudet,
953 1240 1274 1305 hominem
1341 1239 1653 1305 Graecum
1708 1242 1933 1306 Latina
1984 1262 2252 1325 puerum
2310 1243 2631 1319 didicisse,

330 1365 496 1411 nunc
557 1347 726 1411 uelle
791 1347 1032 1412 discere
1098 1346 1337 1413 Graeca
1409 1346 1767 1427 barbatum,
1839 1349 2186 1430 pudebitne
2248 1349 2507 1415 tandem
2570 1350 2633 1414 in

332 1454 492 1535 ipsis
547 1453 790 1518 Latinis
855 1454 1142 1537 ignorare
1200 1453 1434 1536 aliqua,
1493 1473 1654 1537 quae
1711 1474 1900 1537 quam
1956 1456 2147 1520 multi
2198 1455 2411 1522 Latini
2466 1456 2637 1522 docti

331 1562 544 1624 tecum
599 1559 905 1637 nesciant,
974 1560 1077 1624 uel
1142 1560 1262 1625 hoc
1325 1562 1466 1642 ipso
1533 1562 1754 1641 sentis,
1814 1562 1983 1645 quod
2036 1566 2099 1627 te
2166 1563 2347 1628 nobis
2403 1582 2637 1647 magna

333 1667 713 1731 necessitate
788 1666 948 1731 dicis
1024 1686 1358 1733 onerosum
1431 1668 1495 1731 in
1569 1670 1747 1732 tanta
1820 1669 2151 1734 doctorum
2223 1669 2633 1735 multitudine

335 1772 502 1855 apud
549 1771 993 1857 Carthaginem
1041 1774 1473 1839 constitutus?

419 1879 750 1944 Postremo
807 1880 906 1944 fac
963 1883 1026 1944 te
1074 1880 1151 1945 de
1207 1881 1523 1965 omnibus,
1583 1900 1745 1965 quae
1802 1900 1838 1945 a
1892 1882 2073 1947 nobis
2124 1882 2397 1966 quaeriS,
2444 1882 2633 1947 inter-

331 1988 624 2071 rogatum
699 1986 1076 2069 respondere
1149 1987 1458 2069 potuisse.
1535 2007 1680 2053 ecce
1751 1988 1880 2053 iam
1955 1988 2366 2055 doctissimus
2442 1992 2632 2071 atque

333 2092 746 2157 acutissimus
785 2093 1032 2171 diceris,
1085 2113 1230 2159 ecce
1277 2096 1402 2159 iam
1441 2097 1505 2159 te
1552 2094 1849 2160 laudibus
1888 2095 1953 2159 in
1994 2096 2238 2161 caelum
2279 2095 2633 2161 Graeculus

330 2199 519 2265 flatus
577 2200 860 2276 adtollit-,3
918 2206 994 2266 tu
1048 2204 1298 2265 tantum
1353 2204 1669 2267 memento
1736 2200 2073 2285 grauitatis
2129 2203 2277 2267 tuae
2337 2204 2401 2265 et
2460 2202 2629 2265 illam

329 2306 556 2371 mereri
611 2306 866 2371 laudem
930 2327 1052 2390 quo
1099 2308 1222 2372 fine
1268 2309 1572 2387 uolueris,
1620 2310 1695 2373 ut
1742 2308 1989 2373 scilicet
2036 2328 2143 2374 eos
2190 2310 2421 2375 leuiter
2464 2310 2635 2374 leuia

329 2412 456 2477 ista
500 2414 762 2479 miratos
811 2417 875 2479 et
929 2414 1519 2479 beniuolentissime
1567 2418 1758 2497 atque
1806 2414 2177 2480 auidissime
2231 2416 2360 2481 iam
2409 2415 2471 2480 in
2520 2418 2633 2480 tua

332 2537 438 2583 ora
492 2539 836 2602 suspensos
895 2520 1350 2605 grauissimum
1409 2520 1651 2603 aliquid
1708 2524 1773 2585 et
1836 2520 2322 2586 saluberrimum
2380 2521 2629 2589 doceas.

327 2624 396 2690 id
439 2628 675 2710 ipsum,
724 2627 1029 2710 quicquid
1075 2630 1174 2692 est
1227 2626 1684 2713 grauissimum
1732 2632 1797 2692 et
1853 2628 2359 2701 saluberrimum,
2415 2630 2631 2693 utrum

328 2738 546 2801 teneas
597 2736 662 2799 et
705 2738 876 2799 recte
921 2734 1166 2800 tradere
1213 2734 1490 2812 noueris,
1537 2735 1773 2799 uellem
1824 2753 2223 2818 cognoscere.
2287 2734 2629 2799 ridiculum

329 2845 432 2907 est
485 2840 672 2917 enim,
740 2860 887 2905 cum
950 2844 1282 2924 propterea
1345 2840 1667 2923 superflua
1730 2842 1933 2905 multa
1990 2840 2306 2919 didiceriS,
2374 2844 2447 2905 ut
2510 2841 2629 2906 tibi

330 2968 512 3014 aures
579 2947 906 3012 hominum
974 2947 1053 3011 ad
1115 2947 1472 3012 necessaria
1535 2950 2007 3030 praeparentur,
2072 2948 2214 3030 ipsa
2276 2947 2632 3011 necessaria

329 3074 452 3119 non
489 3058 722 3134 tenere,
764 3053 995 3136 quibus
1035 3054 1420 3137 excipiendis
1459 3072 1564 3117 eas
1614 3074 1727 3137 per
1773 3054 2091 3135 superflua
2136 3053 2629 3135 praeparaueris,

332 3162 414 3239 et,
490 3159 641 3225 dum
708 3162 1059 3245 occuparis,
1133 3166 1208 3224 ut
1271 3160 1504 3237 discas,
1581 3160 1747 3225 unde
1820 3160 2017 3225 facias
2084 3160 2383 3239 intentos,
2459 3160 2627 3225 nolle

329 3267 592 3347 discere,
641 3267 810 3349 quod
855 3268 1224 3334 infundatur
1258 3268 1543 3333 intentis.
1593 3267 1708 3332 sed
1748 3266 1804 3332 si
1840 3268 1961 3333 hoe
2001 3269 2064 3331 te
2104 3266 2265 3331 scire
2304 3267 2431 3331 iam
2469 3267 2627 3332 dicis

401 3512 427 3565 1
469 3514 605 3575 tota,
642 3527 712 3564 m.
735 3514 775 3565 2
809 3512 959 3565 torta
993 3510 1069 3564 M
1209 3510 1385 3566 dicere
1421 3510 1558 3565 P¹V
1664 3512 1698 3564 2
1736 3510 1959 3565 indocta
1996 3510 2103 3576 Qui
2142 3512 2197 3575 (u
2240 3509 2285 3575 Q
2323 3526 2391 3564 ex
2426 3526 2538 3563 ras.
2578 3515 2629 3563 et

327 3616 465 3654 corr.
501 3617 569 3653 m.
593 3604 652 3665 2)
691 3600 768 3654 M
978 3602 1010 3655 3
1051 3617 1251 3664 eorum,
1291 3617 1427 3655 corr.
1465 3605 1587 3655 m.1
1624 3617 1807 3655 earum
1844 3600 1919 3653 P¹
2150 3598 2355 3653 frustra
2392 3599 2550 3655 codd.
2591 3616 2627 3651 a

327 3690 360 3743 5
398 3705 552 3742 curas
588 3689 644 3743 A
805 3689 839 3744 6
875 3704 1038 3759 grece
1073 3688 1182 3742 iam
1217 3686 1273 3740 P
1311 3704 1502 3757 graece
1540 3688 1650 3741 iam
1684 3687 1823 3739 P¹V
1856 3687 2127 3757 graeciam
2162 3686 2239 3740 M
2270 3686 2379 3758 (am
2413 3686 2479 3739 in
2511 3702 2626 3741 ras.

325 3795 394 3831 m.
416 3780 474 3845 2)
511 3776 566 3831 A
603 3778 712 3831 iam
749 3777 982 3847 greciam
1021 3776 1078 3832 Β
1111 3776 1220 3829 iam
1247 3792 1445 3845 graeca
1471 3793 1524 3829 m
1551 3777 1663 3829 iam
1689 3792 1881 3845 graece
1907 3781 2024 3831 cett.
2056 3775 2176 3830 edd.
2296 3791 2549 3845 querere·
2579 3778 2627 3840 (s

323 3883 464 3921 eras.
485 3864 536 3935 ?)
571 3865 649 3921 M
797 3867 828 3919 7
865 3866 1054 3930 latina,
1091 3869 1221 3919 m.2
1257 3865 1430 3919 latina
1465 3865 1540 3919 M
1725 3866 1759 3919 8
1805 3864 2093 3919 barba-tum
2130 3880 2291 3933 greca
2329 3863 2535 3918 discere
2571 3863 2627 3920 R

399 3955 590 4019 dicere,
629 3971 768 4009 corr.
805 3972 874 4013 m.
894 3959 926 4009 1
963 3954 1168 4009 discere
1195 3954 1250 4009 A
1359 3953 1645 4009 barbarum
1674 3953 1819 4007 MPl
1906 3956 1941 4008 9
1969 3954 2151 4025 latini]
2184 3953 2286 4007 lati
2312 3953 2369 4006 P
2444 3952 2510 4007 10
2538 3954 2630 4009 uel

321 4046 382 4099 iu
415 4044 519 4099 hoc
553 4044 611 4099 Β
723 4044 788 4099 13
827 4044 971 4099 facte
1010 4043 1076 4097 de
1113 4043 1297 4097 MAP
1405 4045 1470 4098 15
1508 4042 1763 4098 laudibus
1800 4046 1857 4097 te
1895 4042 1969 4095 M
2076 4043 2143 4096 19
2180 4058 2473 4112 suspensus
2502 4041 2627 4097 MA

395 4132 604 4203 aliquid
640 4150 742 4187 om.
780 4133 836 4187 A
980 4135 1146 4203 atque
1182 4133 1239 4189 Β
1364 4134 1434 4188 20
1472 4136 1637 4203 atque
1672 4131 1730 4187 R
1858 4132 1927 4187 22
1966 4132 2109 4185 enim
2148 4135 2233 4185 est
2266 4131 2323 4187 Β
2450 4132 2518 4185 23
2556 4129 2626 4185 ad

321 4223 628 4277 necessaria
663 4221 721 4277 Β
865 4222 935 4276 24
973 4238 1408 4292 praeparaueras,
1448 4238 1586 4275 corr.
1624 4238 1693 4275 m.
1714 4225 1746 4275 1
1782 4220 2191 4291 praeparaueris
2226 4219 2303 4273 M
2442 4220 2511 4274 25
2552 4218 2625 4289 et]

323 4314 387 4365 ut
433 4310 485 4363 V
587 4312 656 4365 26
692 4312 938 4365 intentus
977 4313 1033 4367 A

2454 4412 2558 4467 43*
