3184 4959
471 372 479 384 “
579 384 664 446 26
1285 380 1339 435 S.
1397 378 1673 434 Aureli
1730 378 2163 450 Augustini

579 578 656 641 ab
715 576 1014 659 episcopo
1082 595 1197 640 suo
1265 575 1633 641 mandatum
1700 578 2033 660 acceperit,
2102 578 2270 661 quod
2336 577 2544 643 officio
2608 580 2868 662 publico

576 683 988 760 renuntiauit,
1037 703 1110 747 an
1160 682 1341 757 forte,
1391 702 1537 747 cum
1586 688 1648 747 et
1694 684 1832 766 ipse
1880 684 2103 749 Victor
2140 686 2311 749 aliud
2350 686 2595 761 dixerit,
2633 686 2867 751 falsum

575 789 672 852 illi
723 790 888 871 apud
937 793 1077 855 acta
1121 790 1444 873 prosecuti
1494 790 1643 869 sint,
1693 810 1838 855 cum
1887 791 2016 855 sint
2053 792 2513 857 communionis
2551 791 2865 865 eiusdem3

576 901 708 976 aut,
739 899 819 962 ·si
879 896 1213 975 consentit,
1280 900 1353 963 ut
1415 898 1620 980 ipsam
1682 902 1883 963 totam
1952 898 2383 981 quaestionem
2451 897 2867 963 dissensionis

574 1008 825 1069 nostrae
880 1006 1128 1088 placide
1185 1008 1665 1088 pertractemus,
1731 1008 1805 1068 ut
1870 1025 2055 1083 error,
2125 1006 2233 1088 qui
2296 1006 2421 1069 iam
2490 1004 2867 1068 manifestus
2933 1030 2960 1071 5

577 1114 692 1189 est,
741 1112 1143 1175 manifestius
1201 1112 1580 1189 innotescat,
1636 1110 1911 1175 libenter
1966 1111 2333 1193 amplector.
2402 1110 2622 1175 audiui
2678 1110 2867 1187 enim,

575 1218 743 1298 quod
793 1218 1035 1297 dixerit,
1083 1222 1159 1281 ut
1205 1220 1340 1283 sine
1387 1218 1674 1282 tumultu
1721 1218 2007 1301 populari
2068 1219 2281 1283 adsint
2334 1218 2669 1283 nobiscum
2726 1217 2869 1283 deni

577 1345 647 1389 ex
695 1330 962 1409 utraque
1008 1330 1186 1408 parte
1233 1345 1462 1410 graues
1511 1328 1577 1390 et
1621 1325 1875 1389 honesti
1920 1323 2044 1389 uiri.
2092 1329 2157 1389 et
2202 1326 2551 1391 secundum
2600 1324 2867 1407 scriptu-

575 1454 696 1507 ras,
755 1434 911 1516 quid
963 1433 1023 1497 in
1082 1452 1232 1497 uero
1292 1432 1397 1509 sit,
1453 1432 1913 1516 perquiramus
1982 1452 2125 1495 nam
2181 1432 2361 1509 illud,
2422 1434 2593 1515 quod
2644 1454 2865 1500 rursus

575 1561 722 1605 eum
769 1540 1000 1604 dixisse
1045 1540 1332 1605 nonnulli
1387 1539 1462 1604 ad
1511 1560 1613 1604 me
1661 1540 2074 1623 pertulerunt,
2127 1559 2240 1603 cur
2294 1558 2413 1603 non
2472 1541 2652 1605 ierim
2710 1541 2866 1605 Con·
2908 1565 2957 1602 ιο

575 1648 938 1727 stantinam‚
997 1646 1246 1729 quando
1303 1646 1392 1711 ibi
1447 1648 1663 1730 plures
1719 1646 1845 1727 ipsi
1904 1648 2098 1724 erant,
2157 1646 2263 1709 uel
2316 1666 2419 1711 me
2486 1647 2713 1713 debere
2776 1647 2867 1712 ire

572 1754 860 1830 Mileum,
911 1754 1081 1836 quod
1126 1753 1283 1829 illic,
1336 1754 1506 1818 sicut
1551 1754 1904 1837 perhibent,
1964 1753 2301 1817 concilium
2358 1753 2638 1837 proxime
2694 1754 2867 1818 habi-

573 1862 699 1927 turi
756 1865 924 1937 sunt,
989 1859 1331 1925 ridiculum
1389 1864 1490 1925 est
1545 1860 1771 1937 dicere,
1831 1861 2012 1943 quasi
2070 1860 2149 1923 ad
2202 1878 2304 1925 me
2360 1862 2673 1943 pertineat
2718 1880 2867 1925 cura

574 1968 826 2050 propria
869 1966 994 2031 nisi
1040 1967 1494 2051 Hipponiensis
1541 1968 1867 2033 ecclesiae.
1916 1966 2074 2030 mihi
2120 1966 2255 2030 tota
2300 1966 2492 2031 huius
2551 1968 2866 2049 quaestio-

577 2076 674 2139 nis
731 2074 888 2140 ratio
946 2076 1215 2139 maxime
1273 2094 1415 2140 cum
1475 2075 1852 2140 Proculiano
1910 2080 2023 2140 est.
2094 2076 2207 2141 sed
2263 2075 2315 2139 si
2370 2076 2533 2139 forte
2580 2076 2865 2158 inparem
2904 2098 2955 2136 ιι,

576 2202 644 2246 se
693 2185 896 2266 putat,
945 2184 1130 2247 cuius
1196 2184 1490 2259 uoluerit,
1559 2183 1841 2267 collegae
1908 2184 2007 2247 sui
2072 2182 2345 2266 inploret
2407 2184 2734 2247 auxilium.
2799 2183 2862 2246 in

577 2288 720 2353 aliis
787 2289 954 2353 enim
1019 2290 1393 2354 ciuitatibus
1457 2293 1707 2354 tantum
1784 2290 2054 2374 agimus,
2129 2290 2299 2372 quod
2373 2290 2451 2354 ad
2530 2288 2863 2354 ecclesiam

572 2396 866 2476 pertinet,
945 2402 1250 2478 quantum
1324 2397 1427 2462 uel
1503 2416 1617 2461 nos
1691 2396 2069 2479 permittunt
2141 2398 2245 2461 uel
2310 2396 2492 2461 nobis
2556 2396 2867 2479 inponunt

575 2503 913 2568 earundem
961 2505 1319 2569 ciuitatium
1371 2504 1674 2587 episcopi,
1722 2504 1947 2569 fratres
1997 2506 2061 2567 et
2108 2503 2589 2568 consacerdotes
2646 2502 2863 2567 nostri.

485 2612 524 2675 6
662 2608 1058 2693 Quamquam
1118 2616 1182 2676 et
1236 2612 1380 2687 iste,
1440 2611 1548 2694 qui
1606 2631 1674 2677 se
1730 2614 1829 2675 tot
1885 2630 2185 2675 annorum
2249 2611 2619 2693 episcopum
2684 2609 2859 2685 dicit,
2899 2629 2948 2666 κο

573 2715 728 2798 quid
781 2717 844 2781 in
901 2738 1002 2782 me
1066 2720 1266 2783 tirone
1332 2719 1576 2794 timeat,
1644 2718 1984 2800 quominus
2045 2735 2296 2781 mecum
2359 2716 2520 2780 uelit
2584 2716 2861 2781 conferre

573 2840 942 2900 sermonem,
992 2846 1110 2889 non
1163 2824 1320 2889 satis
1369 2824 1701 2907 intellego:
1770 2824 1825 2887 si
1882 2823 2231 2888 doctrinam
2285 2822 2644 2887 liberalium
2690 2822 2858 2886 litte-

569 2950 799 3008 rarum,
851 2952 1006 3015 quas
1053 2932 1214 2996 forte
1260 2933 1398 3014 ipse
1445 2933 1558 2995 aut
1604 2950 1725 2994 non
1765 2929 1989 2993 didicit
2026 2934 2138 2993 aut
2174 2929 2385 2993 minus
2426 2928 2667 3004 didicit,
2709 2928 2860 3010 quid

569 3038 689 3101 hoc
735 3039 1009 3121 pertinet
1054 3037 1133 3102 ad
1179 3058 1316 3103 eam
1365 3036 1821 3120 quaestionem,
1881 3055 2040 3119 quae
2100 3038 2196 3100 uel
2257 3036 2333 3099 de
2380 3036 2617 3100 sanctis
2667 3034 2859 3117 scrip-

569 3144 730 3208 turis
796 3144 898 3208 uel
957 3143 1354 3209 documentis
1421 3142 1873 3207 ecclesiasticis
1941 3148 2053 3206 aut
2115 3142 2389 3225 publicis
2460 3141 2857 3205 discutienda
2894 3162 2947 3203 85

568 3254 686 3327 est,
735 3251 797 3315 in
847 3251 1077 3332 quibus
1123 3250 1231 3313 ille
1278 3270 1390 3333 per
1437 3252 1534 3313 tot
1579 3268 1773 3313 annos
1812 3252 2126 3325 uersatur,
2166 3249 2330 3313 unde
2368 3248 2430 3312 in
2472 3250 2562 3313 eis
2604 3247 2857 3312 deberet

639 3496 670 3548 2
709 3494 850 3564 ipse]
889 3494 981 3547 ille
1017 3493 1092 3547 M
1267 3494 1298 3547 3
1337 3492 1446 3545 illi·
1479 3492 1681 3559 (fuitne
1716 3492 1871 3545 illum
1892 3492 1940 3557 1³)
1981 3491 2043 3544 F
2252 3492 2385 3561 sint]
2430 3491 2633 3545 fuerint
2658 3492 2855 3560 flrm

564 3586 599 3637 4
635 3588 852 3637 nostrae
891 3582 1243 3635 dissensionis
1279 3580 1336 3635 R
1417 3583 1450 3635 5
1479 3584 1653 3634 terror
1690 3580 1925 3635 MFAP
1959 3585 2045 3640 (m.
2070 3584 2109 3631 2
2142 3581 2169 3633 ζ
2206 3584 2371 3647 error)
2476 3582 2505 3633 7
2544 3581 2853 3650 popularius

564 3673 676 3725 sint
709 3672 784 3726 M
815 3671 1098 3741 popularia
1135 3671 1248 3724 sint
1282 3671 1336 3723 A
1446 3670 1478 3723 8
1518 3678 1701 3739 partes
1737 3668 1813 3722 M
1918 3669 1983 3722 10
2022 3668 2089 3721 ad
2128 3685 2213 3721 me
2250 3668 2499 3722 nonnulli
2535 3670 2590 3724 R
2696 3670 2851 3723 ierim

565 3760 632 3813 ad
671 3760 1072 3814 constantinam
1109 3758 1184 3812 M
1307 3759 1368 3812 11
1408 3758 1592 3828 plures
1630 3758 1707 3810 ibi
1744 3758 1801 3811 R
1942 3758 2040 3826 ibi]
2080 3756 2180 3816 illi,
2218 3772 2355 3809 corr.
2398 3756 2608 3822 (m.1?)
2648 3758 2765 3813 illic
2801 3760 2856 3812 P

637 3850 807 3917 plure,
843 3866 912 3903 m.
934 3851 974 3901 2
1009 3848 1188 3917 plures
1218 3848 1273 3900 P
1373 3848 1492 3916 ipse
1520 3846 1580 3900 F
1615 3850 1702 3910 (m.
1725 3846 1814 3899 2?
1849 3846 1978 3915 ipsi)
2005 3847 2059 3897 A
2137 3846 2202 3899 12
2229 3845 2487 3899 milenum
2519 3864 2555 3899 a
2590 3848 2853 3902 Mileuum

563 3956 590 3992 e
626 3938 868 3991 Msseuim
907 3942 1024 3991 cett.
1065 3921 1186 3993 edd.
1406 3937 1472 3989 14
1507 3934 1859 4006 hipponensis
1896 3935 1949 3987 A
1988 3934 2107 3989 edd.
2302 3935 2367 3987 15
2414 3934 2763 3991 proculeiano
2802 3953 2855 3991 m

567 4028 633 4081 18
672 4026 760 4080 uel
797 4024 954 4079 nobis
991 4026 1258 4095 inponunt
1295 4043 1396 4079 om.
1435 4026 1490 4077 A
1692 4025 1758 4077 19
1807 4024 2111 4077 ciuitatium
2161 4022 2221 4075 F
2264 4024 2304 4087 (i
2344 4029 2475 4091 post
2518 4028 2544 4077 t
2591 4030 2755 4089 eras.)
2803 4026 2858 4078 P

563 4116 604 4181 (i
631 4119 762 4184 post
812 4118 838 4167 t
887 4120 1029 4182 exp.)
1083 4114 1362 4167 ciuitatum
1411 4112 1539 4167 MR
1589 4112 1710 4167 edd.
1928 4112 1997 4165 20
2051 4112 2221 4173 anniS.
2260 4116 2380 4166 m.1
2415 4128 2589 4179 supra
2625 4113 2652 4165 ἕ
2688 4130 2854 4167 anno-

559 4222 676 4257 rum
716 4204 771 4259 R
968 4202 1136 4266 ducit,
1173 4217 1311 4255 corr.
1350 4220 1418 4259 m.
1441 4207 1470 4254 1
1509 4202 1644 4255 dicit
1680 4202 1753 4255 M
1911 4202 1975 4255 21
2020 4200 2177 4255 uellit
2222 4200 2283 4255 F
2440 4200 2509 4253 22
2547 4200 2851 4255 liberalium

560 4292 860 4347 doctrinam
899 4292 954 4347 R
