3184 4959
1133 462 1658 532 epistularum
1715 461 1912 517 XCIII.
2557 471 2686 534 481

210 661 295 724 36
476 657 721 723 Deinde
778 658 833 723 si
881 656 1195 742 Cypriani,
1253 658 1455 723 sancti
1504 657 1788 742 episcopi
1837 661 1904 723 et
1949 659 2212 744 gloriosi
2261 661 2579 744 martyria,
2625 664 2692 726 te

388 765 665 830 delectat
746 765 1111 842 auctoritaS,
1197 783 1387 847 quam
1462 765 1754 846 quidem,
1839 765 2011 831 sicut
2085 767 2230 845 dixi,
2315 787 2350 832 a
2433 769 2690 833 canonis

388 873 765 938 auctoritate
832 871 1313 956 distinguimus„
1380 891 1495 937 cur
1555 873 1622 937 in
1689 891 1762 939 eo
1826 877 1893 939 te
1957 893 2078 939 non
2147 875 2447 952 delectat,
2522 874 2692 958 quod

386 979 699 1044 unitatem
767 979 936 1044 orbis
1002 982 1204 1043 terrae
1271 981 1463 1061 atque
1530 980 1816 1046 omnium
1885 982 2170 1064 gentium
2241 986 2305 1046 ct
2367 981 2689 1068 diligendo

324 1107 351 1144 5
388 1087 597 1151 tenuit
660 1090 725 1151 et
787 1085 1170 1168 disputando
1240 1085 1543 1164 defendit,
1619 1087 1790 1170 quod
1856 1107 1986 1165 eos,
2055 1089 2163 1171 qui
2231 1107 2300 1153 se
2361 1092 2690 1171 tamquam

386 1195 595 1259 iustos
654 1192 730 1258 ab
788 1212 862 1258 ea
917 1211 1205 1275 separare
1260 1193 1643 1268 uoluissent,
1720 1194 2287 1280 adrogantissimos
2356 1199 2421 1260 et
2473 1214 2690 1280 supcr-

386 1301 689 1366 bissimos
736 1299 1053 1364 iudicauit
1104 1299 1384 1364 inridens
1434 1319 1542 1364 eos
1602 1299 1723 1364 hoc
1780 1301 1904 1366 sibi
1952 1301 2305 1378 adsumere,
2363 1302 2531 1386 quod
2576 1321 2691 1367 nec

389 1406 696 1490 apostolis
736 1407 1053 1472 concessit
1089 1406 1405 1484 dominuS,
1453 1409 1529 1471 ut
1566 1409 1710 1472 ante
1746 1411 2002 1492 tempus
2042 1408 2280 1474 zizania
2318 1410 2693 1494 colligerent

389 1518 520 1591 aut,
566 1517 891 1597 tamquam
938 1513 1095 1596 ipsis
1141 1513 1391 1594 paleam
1436 1514 1599 1578 ferre
1637 1517 1701 1578 et
1749 1533 1955 1580 aream
2005 1535 2275 1600 purgare
2314 1535 2688 1581 concessum

302 1641 351 1681 10
390 1621 495 1701 sit,
550 1622 767 1704 paleas
816 1623 1190 1686 conarentur
1237 1640 1273 1684 a
1326 1619 1540 1686 tritico
1590 1639 1901 1705 separare,
1960 1621 2130 1705 quod
2177 1641 2689 1706 unumquemque

389 1727 610 1792 alienis
675 1727 957 1812 peccatis
1022 1727 1328 1792 maculari
1393 1746 1515 1792 non
1580 1747 1771 1809 posse
1827 1729 2230 1808 monstrauit,
2310 1748 2498 1812 quam
2567 1730 2691 1794 sibi

389 1853 607 1899 omnes
664 1833 897 1916 impiae
955 1832 1285 1898 seditionis
1344 1835 1637 1898 auctores
1696 1835 1898 1900 solam
1956 1853 2213 1900 causam
2271 1836 2687 1918 separationis

389 1941 755 2018 adsumunt,
822 1939 993 2022 quod
1055 1940 1120 2004 in
1176 1959 1249 2005 eo
1314 1940 1477 2024 ipsc,
1544 1940 1610 2004 in
1669 1960 1793 2024 quo
1859 1941 2044 2006 aliter
2109 1942 2341 2024 sapuit,
2409 1943 2686 2028 collegas

388 2047 640 2113 diuersa
702 2049 1047 2113 sentientes
1112 2067 1228 2112 nec
1302 2047 1675 2112 iudicandos
1742 2067 1856 2112 nec
1923 2067 1960 2112 a
2022 2050 2157 2113 iure
2223 2049 2686 2114 communionis

300 2173 351 2212 1⁵
388 2155 773 2220 amonendos
829 2174 970 2221 esse
1018 2155 1320 2234 decreuit,
1372 2155 1539 2238 quod
1584 2155 1650 2220 in
1708 2175 1781 2220 ea
1833 2155 1975 2239 ipsa
2022 2157 2299 2238 epistula
2355 2155 2431 2220 ad
2477 2156 2688 2220 Iubai-

389 2281 598 2336 anum,
647 2281 806 2346 quae
852 2261 917 2326 in
967 2262 1256 2335 concilio,
1306 2263 1489 2328 cuius
1538 2263 1982 2328 auctoritatem
2032 2264 2109 2328 ad
2163 2263 2685 2346 rebaptizandum

388 2371 569 2451 sequi
614 2389 733 2434 uos
783 2369 1017 2445 dicitis,
1065 2369 1365 2453 primitus
1414 2370 1681 2434 recitata
1719 2373 1838 2448 est,
1888 2388 2034 2435 cum
2081 2371 2358 2434 fateatur
2401 2370 2468 2436 in
2510 2389 2687 2453 prae-

386 2476 646 2541 teritum
694 2475 787 2541 sic
834 2495 976 2541 esse
1024 2476 1451 2542 admissos-in
1499 2476 1858 2556 ecclesiam,
1898 2477 2006 2560 qui
2051 2476 2302 2541 fuerant
2348 2476 2500 2542 alibi
2536 2476 2686 2559 bap-

386 2583 586 2663 tizati,
643 2587 717 2648 ut
770 2583 974 2648 denuo
1032 2603 1153 2648 non
1208 2583 1697 2665 baptizarentur,
1754 2583 1923 2648 unde
1977 2583 2126 2648 illos
2185 2584 2320 2648 sine
2365 2583 2684 2666 baptismo

300 2707 353 2745 2⁰
388 2691 588 2756 fuisse
635 2690 995 2768 arbitratur,
1042 2692 1293 2755 tautum
1342 2693 1551 2755 tamen
1601 2690 1783 2773 pouit
1825 2689 2128 2756 utilitatis
2177 2693 2242 2756 et
2289 2690 2685 2754 salubritatis

387 2798 451 2862 in
497 2815 651 2881 pace
692 2797 1015 2872 ecclesiae,
1064 2799 1139 2862 ut
1182 2800 1439 2881 propter
1482 2797 1662 2862 illam
1700 2817 1821 2862 non
1863 2816 1972 2861 eos
2012 2797 2228 2862 credat
2264 2797 2341 2861 ab
2381 2796 2686 2862 ecclesiae

384 2904 756 2969 muneribus
806 2904 1127 2988 separari?

210 3019 293 3080 37
478 3009 618 3090 Qua
673 3011 736 3075 in
792 3031 880 3090 re,
940 3013 1108 3077 sicut
1160 3011 1492 3095 ingenium
1550 3013 1736 3075 tuum
1793 3009 1964 3086 noui,
2021 3008 2324 3074 facillime
2377 3008 2685 3093 perspicis

386 3122 585 3183 totam
636 3137 893 3183 causam
939 3121 1222 3182 uestram
1266 3119 1521 3200 penitus
1569 3135 1856 3183 euersam
1907 3121 1970 3182 et
2015 3117 2376 3181 extinctam.
2425 3115 2479 3179 si
2517 3115 2684 3179 enim

566 3362 597 3415 τ
635 3361 831 3416 matth.
876 3363 960 3428 13,
998 3361 1237 3426 28—30;
1278 3362 1329 3426 3,
1370 3361 1436 3414 12
1583 3363 1650 3417 15
1689 3361 1846 3434 cypr.
1886 3378 1971 3432 ep.
2013 3362 2079 3416 73
2117 3377 2170 3430 p.
2208 3335 2315 3414 ‘778
2355 3358 2437 3415 ed.
2477 3358 2686 3412 Hartel.

464 3489 489 3540 1
531 3489 600 3556 si]
641 3487 687 3542 si
724 3491 781 3541 tc
820 3491 942 3551 (om.
981 3492 1039 3542 te
1066 3493 1198 3556 post
1233 3487 1507 3556 martyris)
1544 3487 1602 3542 R
1759 3487 1934 3540 sancti
1975 3484 2226 3556 Cypriani
2265 3483 2385 3539 edd.
2545 3497 2687 3534 mar-

388 3580 553 3648 tyres,
594 3593 733 3632 corr.
770 3580 892 3630 m.1
928 3576 1177 3644 martyris
1214 3575 1290 3628 ΙΙΙ
1427 3575 1460 3628 2
1501 3574 1742 3644 quidem]
1781 3573 1854 3644 qd
1891 3575 1980 3641 (=
2019 3573 2171 3644 quid)
2215 3571 2262 3626 Ο
2418 3589 2450 3625 a
2487 3587 2590 3626 om.
2629 3569 2698 3622 N

460 3665 731 3719 canonicis
766 3665 843 3718 M
884 3664 953 3729 (ci
1000 3666 1141 3731 exp.)
1181 3663 1339 3717 ACP
1384 3663 1646 3717 canonica
1691 3661 1812 3718 edd.
1994 3663 2026 3715 5
2067 3659 2333 3730 defendit]
2379 3659 2578 3712 terruit
2615 3658 2690 3727 (rr

388 3758 519 3809 m.2
552 3755 617 3808 in
652 3757 790 3820 ras.)
832 3751 1080 3806 defendit
1116 3751 1191 3804 M
1224 3751 1405 3805 tenuit
1443 3755 1500 3804 et
1537 3749 1785 3805 defendit
1820 3749 1886 3804 N
2097 3749 2170 3819 qd
2215 3749 2274 3820 (d
2319 3749 2382 3801 in
2428 3763 2540 3800 ras.
2581 3751 2610 3798 1
2650 3747 2686 3799 l.

392 3861 455 3896 m.
479 3845 537 3908 2)
574 3841 649 3895 M
754 3841 785 3894 7
825 3840 929 3893 sibi
966 3839 1071 3893 hoc
1106 3838 1163 3894 R
1272 3838 1305 3891 8
1345 3837 1608 3908 apostolis
1645 3853 1758 3890 ras.
1799 3853 1865 3890 ex
1903 3837 2180 3907 apostolus
2218 3835 2293 3889 M
2396 3835 2430 3888 9
2467 3832 2593 3904 pala
2628 3832 2696 3886 N

461 3932 665 4000 aream]
708 3946 825 3983 eam
863 3930 917 3982 A
1100 3943 1413 3982 concessum
1454 3933 1511 3992 (u
1548 3943 1618 3980 ex
1651 3943 1765 3980 ras.
1806 3931 1858 3980 et
1893 3929 2056 3993 corr.)
2091 3925 2168 3978 M
2346 3923 2408 3976 11
2449 3921 2690 3990 peccatis

390 4021 581 4076 alienis
611 4019 663 4072 L
701 4019 821 4073 edd.
970 4016 1115 4086 quod
1141 4017 1193 4070 L
1339 4033 1522 4071 omnes
1562 4015 1668 4070 sibi
1696 4015 1752 4070 R
1856 4016 1920 4068 14
1960 4013 2321 4084 sentenlties,
2359 4029 2428 4066 m.
2451 4014 2491 4064 2
2515 4025 2691 4078 supra

391 4111 686 4164 sentientes
728 4107 799 4160 M
830 4108 1084 4173 scienteS,
1121 4109 1249 4160 m.2
1286 4105 1590 4160 sencientes
1629 4104 1681 4158 L
1880 4120 1981 4157 nec
2017 4101 2358 4170 iudicandos]
2399 4115 2509 4152 non
2545 4097 2690 4152 iudi-

392 4199 591 4253 candos
628 4197 745 4252 NR
890 4195 1394 4250 communicationis
1431 4194 1488 4247 A
1609 4193 1674 4246 15
1716 4209 1780 4246 ea
1817 4209 1918 4248 om.
1957 4191 2013 4246 R
2160 4190 2396 4260 epistola
2431 4188 2580 4258 ipsa·
2621 4185 2696 4240 M

461 4287 740 4341 iubianum
776 4285 834 4342 R
926 4285 991 4340 18
1031 4284 1163 4338 alibi
1200 4284 1419 4338 fuerant
1445 4283 1500 4338 R
1603 4283 1670 4336 19
1709 4299 1818 4335 non
1856 4298 1958 4336 om.
1988 4281 2041 4336 L
2131 4279 2200 4334 20
2241 4277 2612 4334 arbitrabatur
2638 4275 2690 4328 L

390 4378 455 4432 21
498 4392 589 4430 eas
627 4375 677 4430 A
791 4376 859 4428 23
899 4375 1061 4444 sicut]
1102 4374 1147 4427 si
1187 4373 1252 4426 N
1391 4371 1656 4443 perspicit
1693 4370 1760 4425 N

444 4499 683 4550 xxxnn,
715 4499 832 4548 Aug.
864 4501 973 4538 sect.
1004 4497 1049 4536 11
1078 4507 1183 4546 pars
1211 4499 1255 4540 s.
2547 4471 2612 4524 31
