3184 4959
167 982 292 1049 XII
322 984 404 1048 27

437 367 520 429 56
1151 362 1204 416 S.
1259 362 1532 417 Aureli
1588 362 2030 433 Augustini

436 560 860 622 iustorum.
901 558 967 621 hi
1009 561 1176 637 sunt,
1218 559 1344 642 qui,
1386 560 1633 641 quando
1674 559 2073 637 manducant,
2112 580 2233 625 non
2273 560 2725 625 manducantes

439 686 553 729 non
607 670 930 747 spernunt,
982 665 1228 747 quando
1277 684 1399 731 non
1448 666 1849 745 manducant,
1898 667 2351 733 manducantes
2396 686 2515 732 non
2564 666 2723 732 iudi—

438 775 601 849 cant,
653 772 765 835 sed
812 791 920 836 eos
969 771 1172 855 plane,
1223 773 1330 854 qui
1375 793 1488 855 per
1534 772 1941 839 offensionem
1990 794 2109 839 non
2158 774 2542 839 manducant
2586 775 2723 840 siue

439 878 840 953 manducant,
889 878 994 941 uel
1043 884 1348 960 spernunt
1393 880 1499 944 uel
1547 880 1851 945 iudicant.

531 986 612 1049 Et
657 984 732 1049 de
773 984 871 1049 die
911 985 1166 1068 quidem
1205 986 1454 1051 sabbati
1490 986 1737 1052 facilior
1774 1008 1966 1052 causa
2004 992 2123 1065 est,
2162 988 2311 1070 quia
2348 991 2413 1052 et
2448 987 2727 1053 Romana
2792 1009 2827 1046 ⁵

435 1091 675 1156 ieiunat
739 1092 1008 1156 ecclesia
1066 1095 1129 1157 et
1185 1092 1345 1157 aliae
1399 1094 1735 1158 nonnullae
1784 1095 1977 1159 etiam
2033 1095 2092 1159 si
2142 1114 2381 1179 paucae
2438 1096 2576 1161 siue
2630 1095 2725 1158 illi

434 1199 752 1279 proximae
801 1198 940 1262 siue
986 1198 1387 1282 longinquae.
1457 1200 1556 1265 die
1602 1204 1817 1265 autem
1868 1202 2179 1267 dominico
2228 1202 2505 1266 ieiunare
2552 1220 2727 1267 scau·

437 1304 651 1368 dalum
692 1309 792 1370 est
827 1324 1150 1389 maguum,
1189 1306 1458 1371 maxime
1504 1312 1731 1389 postea
1778 1328 1968 1391 quam
2012 1309 2293 1374 innotuit
2330 1308 2725 1374 detestabilis

437 1412 842 1493 multumque
901 1411 1048 1476 fidei
1104 1413 1453 1478 catholicae
1511 1414 1971 1498 scripturisque
2032 1415 2265 1479 diuinis
2332 1414 2729 1497 apertissime

437 1519 748 1583 contraria
819 1518 1100 1582 haeresis
1173 1519 1707 1597 Manichaeorum,
1786 1522 1893 1604 qui
1970 1522 2103 1585 suis
2178 1521 2575 1587 auditoribus
2650 1521 2727 1585 ad
2769 1540 2831 1579 ιο

435 1624 847 1689 ieiunandum
919 1626 1120 1691 istum
1187 1629 1512 1708 tamquam
1579 1628 1942 1711 legitimum
2007 1627 2477 1693 constituerunt
2541 1627 2725 1692 diem.

436 1750 548 1813 per
604 1731 772 1814 quod
827 1732 1066 1797 factum
1125 1736 1245 1809 est,
1304 1737 1378 1798 ut
1431 1734 1739 1798 ieiunium
1806 1734 1929 1799 diei
1997 1734 2297 1799 dominici
2360 1734 2727 1799 horribilius

436 1838 792 1915 haberetur,
841 1839 966 1903 nisi
1011 1839 1172 1903 forte
1222 1840 1452 1921 aliquis
1497 1840 1765 1905 idoneus
1814 1841 1900 1905 sit
1944 1840 2121 1905 nulla
2164 1841 2505 1907 refectione
2542 1842 2729 1905 inter-

435 1945 650 2027 posita
721 1946 893 2009 ultra
964 1945 1424 2011 hebdomadem
1496 1952 1869 2029 perpetuare
1944 1948 2273 2025 ieiunium,
2348 1952 2423 2012 ut
2490 1946 2727 2013 ieiunio

439 2051 855 2135 quadraginta
920 2051 1184 2129 dierum,
1253 2058 1560 2135 quantum
1634 2054 1932 2135 potuerit,
2008 2054 2490 2138 adpropinquet,
2564 2054 2729 2119 sicut
2768 2074 2831 2113 ιε,

437 2158 688 2239 aliquos
735 2157 965 2222 fecisse
1014 2159 1453 2241 cognouimus.
1501 2179 1647 2224 nam
1686 2164 1753 2224 et
1788 2160 1866 2223 ad
1902 2160 2115 2243 ipsum
2165 2160 2730 2243 quadragenarium

441 2284 772 2329 numerum
844 2264 1212 2346 peruenisse
1288 2265 1601 2347 quendam
1666 2284 1701 2329 a
1768 2265 2067 2330 fratribus
2140 2266 2264 2332 fide
2338 2265 2731 2351 dignissimis

438 2370 663 2447 nobiS,
712 2371 1156 2435 adseueratum
1241 2376 1358 2436 est.
1443 2390 1633 2455 quem
1708 2373 1788 2436 ad
1860 2374 2121 2437 modum
2196 2373 2359 2437 enim
2442 2376 2732 2437 ueterum
2828 2424 2832 2429 .

439 2482 690 2561 patrum
765 2478 1158 2561 temporibus
1224 2478 1480 2561 Moyses
1549 2483 1613 2543 et
1674 2478 1894 2545 Helias
1964 2479 2124 2544 nihil
2193 2483 2411 2545 contra
2473 2478 2733 2563 prandia

441 2584 848 2649 sabbatorum
911 2584 1214 2662 fecerunt,
1283 2602 1427 2649 cum
1493 2584 1717 2649 diebus
1786 2584 2205 2669 quadragenis
2269 2586 2729 2662 ieiunauerunt2
2768 2606 2831 2645 20

440 2691 551 2769 ita,
602 2691 710 2773 qui
755 2692 1038 2773 potuerit
1083 2695 1328 2773 septem
1378 2691 1512 2757 dies
1557 2690 1894 2757 ieiunando
1952 2693 2239 2772 transire,
2294 2712 2417 2757 non
2476 2693 2599 2757 sibi
2655 2692 2733 2757 ad

441 2798 844 2862 ieiunandum
907 2798 1102 2882 elegit
1149 2798 1536 2863 dominicum
1587 2798 1776 2877 diem,
1826 2798 1937 2863 sed
1986 2798 2047 2863 in
2109 2799 2209 2864 his
2267 2818 2414 2864 eum
2468 2800 2731 2876 inuenit,

442 2923 600 2986 quos
668 2904 1097 2969 ieiunatur-um
1165 2924 1232 2969 se
1298 2906 1484 2969 uouit
1547 2904 1855 2987 plurimos
1924 2905 2078 2971 dies.
2153 2906 2458 2971 ieiunium
2522 2910 2730 2971 tamen

445 3010 636 3075 etiam
712 3010 1146 3076 continuatum
1217 3013 1273 3077 si
1337 3012 1399 3075 in
1465 3012 1859 3077 hebdomade
1928 3013 2305 3078 soluendum
2372 3017 2491 3088 est,
2558 3012 2732 3077 nullo

444 3118 895 3201 congruentius
971 3138 1160 3200 quam
1237 3117 1548 3182 dominico
1628 3118 1727 3183 die
1803 3118 2097 3186 soluitur.
2174 3120 2230 3184 si
2304 3122 2517 3184 autem
2591 3123 2733 3202 post
2769 3136 2833 3177 25

442 3224 900 3289 hebdomadem
953 3244 1182 3307 corpus
1228 3224 1528 3301 reficitur,
1579 3243 1701 3289 non
1750 3226 1974 3310 utique
2023 3227 2096 3291 ad
2143 3226 2550 3291 ieiunandum
2603 3226 2735 3291 dies

443 3330 798 3395 dominicus
874 3331 1152 3416 eligitur,
1230 3332 1341 3396 sed
1414 3332 1478 3395 in
1553 3350 1848 3411 numero,
1926 3353 2113 3415 quem
2179 3333 2399 3397 uoueri
2475 3332 2734 3417 placuit,

441 3436 781 3502 inuenitur.
1475 3516 1518 3559 Ο

519 3646 540 3697 1
584 3645 664 3698 hii
699 3640 779 3697 12³
814 3644 854 3697 ii
890 3642 1076 3711 flrm
1184 3643 1214 3695 3
1252 3644 1383 3712 non]
1423 3650 1514 3697 ma
1547 3641 1629 3696 Ρ2
1734 3644 1770 3697 4
1806 3642 1895 3695 uel
1934 3648 2194 3713 spernunt
2229 3642 2319 3697 uel
2354 3641 2598 3697 iudicant
2634 3658 2738 3698 om.

443 3734 518 3787 Ρ1
636 3738 668 3791 5
706 3750 926 3788 romane
964 3732 1042 3787 P²
1159 3736 1188 3787 7
1231 3732 1384 3787 dhio*
1411 3734 1479 3787 H
1596 3732 1629 3784 8
1666 3749 1923 3803 magnum
1964 3735 2049 3785 est
2082 3732 2215 3785 P²T
2331 3732 2397 3786 10
2435 3732 2570 3800 suis]
2611 3730 2743 3784 solis

444 3824 563 3878 ΗΡ
669 3822 730 3877 11
775 3822 1172 3877 constituerunt
1205 3820 1512 3891 legitimum
1553 3821 1675 3875 edd.
1788 3823 1853 3875 12
1892 3820 1997 3886 die,
2034 3839 2103 3875 m.
2127 3825 2167 3875 2
2202 3821 2310 3875 diei
2346 3821 2422 3873 P¹
2564 3819 2737 3872 horri-

440 3912 645 3967 bilibus
681 3910 761 3972 P?
897 3912 963 3965 14
998 3911 1222 3980 ieiunio]
1262 3909 1524 3964 ieiunium
1560 3909 1635 3963 P¹
1775 3911 1839 3965 17
1877 3927 2157 3965 numerum
2196 3926 2296 3964 om.
2345 3910 2395 3963 T
2534 3907 2741 3977 dignis·

445 4002 610 4055 simus
668 4001 824 4056 nobis
887 4000 1210 4063 adseratum,
1271 4015 1406 4053 corr.
1457 4017 1526 4054 m.
1557 4004 1588 4053 1
1638 3999 1971 4069 dignissimis
2028 4000 2187 4053 nobis
2244 3998 2622 4052 adseueratum
2678 3994 2743 4049 Η

443 4090 512 4145 20
541 4108 688 4145 *cum
727 4088 806 4144 P²
981 4089 1074 4142 XL
1112 4088 1246 4141 P³a
1284 4088 1651 4159 quadraginta
1684 4089 1739 4142 P
1772 4094 1889 4144 cett.
1929 4088 2049 4143 edd.
2234 4087 2301 4141 22
2340 4086 2499 4152 eligit
2536 4082 2750 4139 P¹P²T

515 4180 582 4233 iis
619 4179 806 4247 flrm
949 4180 1017 4233 23
1057 4177 1415 4231 ieiunatorum
1459 4176 1537 4231 Ρ2
1680 4182 1865 4232 tamen
1902 4194 2023 4243 om„
2060 4181 2180 4233 m.1
2218 4175 2348 4231 add.
2388 4174 2468 4228 P³
2588 4174 2657 4227 24
2696 4173 2743 4225 si

443 4270 523 4338 in]
570 4268 650 4321 sin
687 4266 767 4320 Ρ2
