3184 4959
317 1646 368 1686 10

41 1826 202 1890 VIII
232 1827 317 1890 24

320 2179 369 2219 15

315 2713 367 2751 20

1174 465 1707 533 epistularum
1753 465 1948 520 XCIII.
2573 471 2705 537 469

406 656 670 722 callidae
698 655 1003 720 falsitatis
1026 653 1330 732 offundat,
1360 652 1533 720 sicut
1560 655 1898 721 anathema
1925 655 2064 735 erit,
2095 657 2204 740 qui
2235 659 2709 727 adnuntiauerit

408 764 733 830 Christum
797 779 1001 845 neque
1064 779 1329 844 passum
1386 780 1526 826 esse
1582 781 1786 845 neque
1851 763 2041 831 tertio
2099 765 2202 831 die
2264 767 2704 846 resurrexisse,

406 871 705 954 quoniam
798 870 865 934 in
956 868 1231 933 ueritate
1316 868 1684 952 euangelica
1767 870 2161 954 accepimus:
2255 873 2708 957 Oportebat

408 977 827 1044 Christum
885 977 1059 1057 pati
1117 977 1197 1039 et
1250 993 1687 1060 resurgere
1746 995 1781 1039 a
1835 979 2186 1044 mortuis
2244 981 2500 1045 tertia
2557 980 2704 1060 die,

406 1085 498 1150 sic
564 1084 685 1148 erit
748 1082 1103 1157 anathema,
1169 1081 1461 1164 quisquis
1530 1081 2004 1148 adnuntiauerit
2067 1086 2402 1152 ecclesiam
2459 1090 2709 1171 praeter

405 1191 911 1257 communionem
971 1188 1253 1253 omnium
1312 1189 1621 1272 gentium,
1682 1191 1832 1272 quia
1887 1191 2107 1256 eadem
2163 1193 2434 1258 ueritate
2489 1211 2706 1258 conse-

404 1303 671 1382 quenter
698 1295 1089 1379 accepimus:
1127 1295 1225 1358 Et
1260 1295 1716 1378 praedicari
1753 1297 1834 1360 in
1868 1298 2186 1362 nomine
2225 1299 2403 1364 eius
2441 1299 2704 1382 paeni-

416 1404 759 1470 tentiam
836 1407 913 1467 et
984 1401 1551 1466 remissionem
1626 1405 2150 1485 peccatorum
2222 1423 2362 1487 per
2425 1424 2700 1470 omnes

405 1515 693 1596 gentes
769 1507 1377 1591 incipientibus
1453 1508 1541 1572 ab
1609 1508 2131 1575 Hierusalem
2199 1514 2263 1575 et
2325 1511 2704 1578 inconcusse

404 1624 617 1684 tenere
639 1617 973 1682 debemus:
998 1614 1391 1698 Quisquis
1423 1615 1653 1680 uobis
1687 1615 2704 1701 adnuntiauerit,praeter-

409 1744 637 1808 quam
687 1722 899 1806 quod
948 1722 1425 1804 accepistis,
1476 1722 1906 1788 anathema
1951 1724 2084 1790 sit.

500 1831 566 1898 Si
607 1833 821 1896 autem
858 1830 1195 1895 uniuersos
1233 1828 1606 1894 Donatistae
1644 1848 1766 1894 non
1815 1828 2112 1895 audimus
2159 1849 2228 1896 se
2273 1850 2386 1915 pro
2436 1832 2708 1898 ecclesia

410 1937 647 2004 Christi
687 1938 1093 2020 opponenteS,
1141 1935 1292 2018 quia
1326 1935 1576 2000 nullum
1614 1954 1728 2018 pro
1769 1955 1838 2000 se
1874 1937 2314 2002 testimonium
2354 1937 2430 2004 de
2471 1937 2704 2004 diuinis

404 2042 587 2108 libris
662 2042 1009 2126 proferunt,
1088 2061 1209 2124 quo
1286 2041 1351 2106 id
1427 2042 1712 2122 doceant,
1791 2046 2022 2124 quanto
2089 2045 2322 2122 minus,
2396 2063 2552 2128 rogo
2618 2051 2704 2122 te,

406 2149 774 2236 Rogatistas
833 2149 1047 2215 audire
1096 2149 1421 2226 debemus,
1480 2150 1588 2232 qui
1635 2169 1750 2214 nec
1795 2150 1957 2214 illud
2011 2168 2123 2234 pro
2183 2169 2252 2216 se
2305 2151 2704 2234 interpretari

407 2257 823 2330 conabuntur,
881 2256 1053 2338 quod
1110 2256 1420 2339 scriptum
1480 2259 1608 2321 est:
1675 2256 1826 2322 Ubi
1891 2257 2190 2339 pasciS,
2257 2257 2396 2322 ubi
2453 2259 2703 2324 cubas

404 2365 481 2429 in
528 2363 913 2428 meridie?
964 2363 1019 2428 si
1067 2364 1235 2428 enim
1283 2364 1405 2429 hoc
1448 2364 1591 2428 loco
1642 2364 2100 2447 scripturarum
2146 2365 2444 2430 meridies
2490 2365 2706 2429 Africa

404 2471 831 2556 intellegenda
887 2475 987 2535 est
1041 2471 1107 2534 in
1164 2473 1341 2551 parte
1388 2469 1648 2548 Donati,
1705 2469 1875 2551 quod
1930 2470 2050 2534 sub
2107 2469 2266 2535 caeli
2319 2471 2704 2536 feruentiore

404 2579 593 2662 plaga
666 2581 785 2655 est,
870 2595 1090 2642 omnes
1167 2595 1284 2640 uos
1358 2575 1866 2641 Maximianistae
1942 2577 2352 2660 superabunt,
2436 2597 2702 2662 quorum

406 2685 687 2749 schisma
728 2685 793 2748 in
841 2682 1149 2768 Byzantio
1198 2686 1263 2746 et
1306 2683 1370 2747 in
1420 2682 1662 2766 Tripoli
1708 2683 1960 2748 exarsit.
2009 2683 2123 2749 sed
2168 2683 2514 2769 confligant
2557 2703 2704 2750 cum

407 2791 498 2856 eis
544 2791 831 2875 Arzuges
880 2792 947 2854 et
991 2791 1112 2854 hoc
1157 2790 1365 2874 magis
1416 2789 1495 2854 ad
1542 2809 1612 2854 se
1656 2791 1971 2872 pertinere
2019 2790 2420 2856 contendant.
2457 2791 2706 2856 Maure-

404 2898 577 2962 tania
638 2903 849 2963 tamen
911 2895 1337 2963 Caesariensis
1404 2896 1782 2962 occidentali
1840 2916 2030 2980 quam
2097 2897 2476 2963 meridianae
2538 2897 2704 2980 parti

405 3003 695 3084 uicinior,
772 3003 1021 3086 quando
1086 2995 1203 3068 nec
1268 3003 1546 3068 Africam
1613 3021 1682 3068 se
1747 3002 1894 3068 uult
1955 3003 2103 3080 dici,
2181 3023 2304 3086 quo
2369 3003 2558 3070 modo
2625 3003 2704 3069 de

405 3108 667 3175 meridie
733 3108 1129 3194 gloriabitur,
1196 3129 1316 3174 non
1376 3109 1516 3174 dico
1574 3107 1884 3174 aduersus
1943 3109 2156 3174 orbem
2219 3114 2526 3175 terrarum
2593 3111 2704 3175 sed

584 3389 617 3443 3
654 3389 783 3444 Luc.
822 3389 911 3454 24,
948 3391 1019 3445 46
1166 3391 1197 3444 7
1234 3388 1361 3442 Luc.
1400 3389 1491 3456 24,
1524 3390 1596 3444 47
1747 3389 1814 3444 10
1852 3388 1972 3444 Gal.
2015 3391 2062 3458 1,
2101 3391 2136 3444 9
2275 3389 2340 3444 16
2379 3387 2538 3446 Cant.
2582 3390 2631 3453 1,
2668 3389 2702 3442 6

481 3568 505 3620 1
550 3566 855 3626 offundunt,
895 3582 1032 3620 corr.
1070 3581 1139 3619 m.
1161 3569 1193 3618 1
1230 3564 1475 3619 offundat
1500 3565 1577 3618 M
1611 3563 1870 3628 effundat,
1908 3569 2035 3620 m.2
2068 3565 2096 3618 l
2133 3564 2380 3620 offundat
2405 3565 2462 3619 P
2531 3565 2564 3618 2
2592 3568 2702 3618 ter·

406 3655 486 3710 tia
523 3655 630 3712 PR
668 3655 789 3709 edd.
983 3656 1017 3710 3
1058 3654 1350 3724 accipimus
1385 3653 1441 3707 A
1633 3653 1668 3706 4
1705 3655 1822 3722 pati
1861 3653 2122 3708 christum
2159 3654 2242 3720 Β,-
2279 3655 2349 3722 cf.
2379 3671 2442 3724 p.
2487 3655 2622 3717 466,
2667 3655 2701 3706 5

407 3747 439 3798 6
478 3743 607 3813 quia
646 3759 705 3797 ex
746 3741 933 3796 eadem
970 3741 1023 3795 L
1132 3742 1166 3796 8
1200 3743 1547 3812 peccatorum
1584 3757 1686 3798 om.
1724 3741 1781 3796 R
1889 3743 1924 3796 9
1958 3742 2170 3798 incusse
2207 3745 2264 3796 Α
2383 3743 2454 3797 10
2487 3743 2704 3811 praeter

408 3831 552 3902 quod
578 3833 661 3898 A,-
688 3833 759 3900 cf.
779 3847 843 3901 p.
880 3835 1013 3895 468,
1046 3834 1115 3885 21
1191 3831 1257 3884 12
1288 3830 1491 3900 autem]
1526 3831 1670 3884 enirn
1699 3829 1774 3882 M
1877 3828 2183 3884 audiuimus
2201 3829 2310 3886 PL
2384 3832 2450 3885 13
2481 3829 2702 3894 christo,

407 3937 545 3978 cor-r.
582 3939 651 3974 m.
673 3925 703 3974 1
741 3920 932 3975 christi
968 3919 1042 3972 M
1146 3921 1515 3988 supponentes
1553 3919 1676 3972 edd.
1705 3923 1991 3987 praetera
2110 3919 2202 3988 qui
2241 3919 2313 3972 M
2417 3917 2486 3972 de
2513 3934 2618 3974 om.
2645 3917 2703 3972 R

410 4011 477 4064 14
514 4009 657 4079 quod
695 4009 753 4064 id
790 4009 913 4062 MA
951 4006 1083 4077 quid
1120 4007 1175 4060 P
1355 4007 1419 4060 17
1460 4007 1846 4077 scripturarum
1891 4007 1994 4061 boc
2030 4008 2149 4062 loco
2186 4007 2244 4062 R
2427 4007 2492 4062 18
2532 4005 2699 4076 quod]

408 4115 547 4169 quae
582 4099 689 4153 PL
726 4097 848 4152 edd.
879 4101 1106 4166 praeter
1122 4113 1175 4150 m
1212 4113 1316 4166 que
1359 4096 1406 4150 C
1572 4095 1892 4150 feruentiori
1929 4097 2038 4152 PR
2075 4096 2197 4150 edd.
2353 4097 2418 4151 19
2457 4097 2701 4150 maximi·

409 4190 589 4244 auitae
628 4190 683 4242 A
862 4186 931 4242 20
970 4191 1027 4240 et
1061 4186 1141 4254 in]
1190 4189 1247 4238 et
1281 4185 1347 4239 N
1520 4185 1585 4240 21
1629 4185 1828 4254 magis]
1875 4185 2106 4240 maxime
2142 4184 2198 4240 R
2375 4185 2703 4240 mauritania

409 4277 565 4333 codd.
604 4276 725 4331 edd.
898 4275 967 4330 23
1006 4273 1313 4344 quodmodo
1352 4273 1421 4327 M
1458 4277 1571 4342 (pr.
1611 4272 1646 4327 d
1687 4273 1790 4328 del.
1828 4278 1968 4342 m.1)
2004 4275 2060 4328 ,1
2205 4275 2273 4329 24
2314 4274 2474 4339 orbis,
2511 4276 2642 4331 m.2
2675 4274 2704 4326 l·

409 4365 590 4421 orbem
628 4365 685 4420 P
