3184 4959
517 383 646 499 14-8
1237 429 1291 484 S.
1347 429 1620 484 Aureli
1675 429 2113 498 Augustini

510 628 846 693 debebant.
916 625 1030 692 sed
1084 625 1216 690 noli
1267 626 1524 702 timere;
1583 625 1755 690 sicut
1801 629 2043 690 certum
2092 629 2191 690 est
2237 644 2381 691 cum
2430 624 2649 690 eodem
2698 624 2811 689 illo

507 736 904 818 episcopatu,
953 751 1100 797 cum
1147 750 1271 814 quo
1311 731 1607 811 exierant,
1646 751 1985 812 remeasse,
2023 733 2115 798 ita
2152 735 2397 797 ceitum
2436 739 2537 798 est
2573 751 2809 810 omma,

512 859 672 924 quos
728 842 791 904 in
847 838 1216 905 Maximiani
1271 839 1616 904 schismate
1670 839 2093 924 baptizarunt,
2144 840 2279 905 sine
2326 839 2461 904 ulla
2504 837 2809 922 baptismi

507 947 885 1030 repetitione
933 965 1000 1011 se
1051 965 1191 1012 cum
1241 949 1458 1011 uestra
1505 948 1946 1011 communione
1990 944 2460 1011 reconciliasse.

417 1051 462 1115 5
601 1053 848 1134 Quibus
895 1053 1097 1138 igitur
1133 1053 1488 1120 sufficimus
1525 1053 1807 1119 lacrimis
1846 1053 2142 1136 plangere
2181 1051 2377 1134 recipi
2413 1050 2805 1134 baptismum
2869 1078 2895 1118 ο

509 1161 1124 1226 Maximianistarum
1203 1165 1267 1224 et
1339 1159 1658 1226 exsufflari
1738 1159 2133 1244 baptismum
2206 1159 2378 1224 orbis
2454 1160 2803 1222 terrarum?

505 1268 646 1332 siue
707 1266 958 1332 auditos
1015 1267 1154 1332 siue
1208 1266 1530 1333 inauditos
1579 1267 1717 1332 siue
1764 1266 1934 1332 iuste
1982 1266 2121 1330 siue
2168 1264 2405 1330 iniuste
2452 1264 2801 1328 damnastis

504 1371 918 1453 Felieianum‚
976 1373 1325 1438 damnastis
1383 1373 1879 1452 Praetextatum‚
1936 1373 2037 1438 dic
2092 1373 2279 1438 mihi:
2335 1392 2526 1455 quem
2586 1369 2801 1436 Corin-

499 1480 782 1546 thiorum
849 1481 1220 1563 episcopum
1287 1480 1536 1545 audiuit
1600 1483 1713 1545 aut
1776 1480 2101 1545 damnauit
2162 1479 2393 1562 aliquis
2467 1481 2797 1544 uestrum?

501 1605 692 1670 quem
773 1587 1162 1662 Galatarum,
1239 1606 1428 1669 quem
1500 1588 1941 1671 Ephesiorum,
2026 1605 2215 1670 quem
2298 1585 2794 1660 colossensium,
2839 1617 2885 1654 ιο

499 1693 1027 1778 Philippensium,
1076 1694 1739 1759 Thessalonicensium
1787 1696 2265 1776 ceterarumque
2314 1693 2597 1758 omnium
2644 1691 2793 1755 ciui-

498 1801 752 1878 tatium,
803 1801 880 1866 de
928 1801 1159 1884 quibus
1209 1800 1448 1866 dictum
1499 1803 1626 1866 est:
1692 1801 2167 1866 Adorabunt
2212 1800 2287 1864 in
2336 1801 2791 1881 conspectu

498 1906 675 1970 eius
723 1905 1167 1971 uniuersae
1214 1909 1533 1991 patriae
1583 1909 1999 1993 gentium?
2049 1926 2198 1992 ergo
2244 1907 2517 1974 istorum
2555 1906 2791 1989 baptis-

495 2031 641 2077 mus
707 2015 1074 2095 acceptatur
1141 2017 1205 2078 et
1268 2013 1524 2078 illorum
1583 2015 1974 2092 exsufflatur,
2034 2016 2143 2098 qui
2197 2034 2311 2079 nec
2366 2014 2634 2079 istorum
2690 2017 2792 2077 est

495 2137 608 2184 nec
675 2119 930 2184 illorum
995 2120 1107 2186 sed
1171 2120 1370 2196 illius,
1439 2121 1512 2185 de
1579 2141 1703 2204 quo
1772 2121 2011 2186 dictum
2072 2125 2197 2186 est:
2248 2120 2396 2184 Hic
2456 2123 2601 2196 est,
2651 2119 2784 2202 qui
2824 2149 2877 2190 ιε.

491 2224 885 2308 baptizat.
956 2226 1069 2292 sed
1133 2246 1254 2294 non
1319 2227 1466 2314 hinc
1531 2247 1679 2312 ago;
1749 2228 1828 2293 ad
1891 2229 2023 2307 illa,
2090 2247 2249 2311 quae
2304 2232 2557 2311 praesto
2614 2231 2783 2304 sunt,

491 2333 779 2410 aduerte3
838 2352 930 2411 ea,
990 2353 1150 2416 quae
1209 2335 1428 2401 oculos
1477 2334 1668 2400 etiam
1717 2355 1940 2402 caecos
1986 2336 2241 2401 feriunt.
2287 2332 2562 2400 intuere:
2612 2334 2783 2399 dam-

491 2438 624 2502 nati
669 2439 904 2504 habent
951 2440 1338 2522 baptismum
1389 2447 1454 2506 et
1498 2442 1769 2508 inauditi
1814 2463 1934 2507 non
1982 2443 2241 2508 habent!
2300 2442 2673 2508 nominatim
2716 2442 2779 2506 in

487 2545 726 2611 scelere
781 2546 1144 2613 schismatis
1199 2549 1479 2630 expressi
1536 2552 1601 2614 et
1656 2549 1839 2615 eiecti
1896 2551 2131 2616 habent
2187 2552 2252 2615 et
2303 2551 2525 2635 ignoti,
2588 2549 2779 2633 longe

485 2653 820 2737 peregrini,
877 2673 1222 2736 numquam
1279 2653 1580 2732 accusati,
1639 2675 1985 2740 numquam
2032 2656 2300 2722 iudicati
2346 2676 2465 2722 non
2513 2657 2773 2722 habent!
2812 2687 2867 2726 20

486 2759 596 2841 qui
643 2758 720 2824 de
767 2759 1051 2842 praecisa
1097 2763 1272 2843 parte
1321 2760 1568 2827 Africae
1614 2781 1835 2829 rursus
1884 2764 2151 2847 praecisi
2200 2768 2369 2838 sunt,
2418 2763 2653 2829 habent
2690 2767 2774 2840 et,

665 3021 730 3073 12
767 3019 854 3073 Ps.
895 3021 980 3084 21,
1019 3021 1089 3074 28
1203 3023 1267 3077 15
1305 3021 1423 3078 Ioh.
1467 3024 1512 3086 1,
1551 3022 1621 3078 33

557 3194 581 3246 1
626 3191 862 3248 debeant
897 3193 1022 3247 MA
1181 3195 1352 3250 nolite
1389 3198 1441 3251 A
1605 3197 1727 3268 illo]
1768 3198 1887 3253 loco
1922 3199 2001 3253 M
2030 3201 2154 3253 illos
2192 3201 2247 3254 P
2279 3201 2399 3256 edd.
2582 3205 2617 3258 2
2654 3205 2767 3272 epi·

477 3285 699 3350 scopato
736 3281 846 3336 FA
955 3283 988 3338 3
1028 3285 1127 3353 qu
1169 3285 1331 3352 (εἰσί)
1370 3285 1442 3339 M
1583 3288 1925 3344 maximianis
1965 3293 2011 3356 (s
2050 3307 2171 3358 exp.
2210 3295 2349 3356 m.1)
2389 3291 2444 3344 Ρ
2585 3291 2765 3362 bapti-

475 3373 667 3424 zarunt
705 3375 853 3438 (runt
889 3372 952 3424 in
988 3389 1102 3426 ras.
1141 3377 1281 3441 m.1)
1319 3373 1381 3428 F
1409 3375 1827 3446 baptizauerunt
1861 3377 1917 3432 R
2026 3380 2147 3433 sinu
2186 3378 2299 3433 ulla
2334 3379 2409 3434 M
2510 3382 2545 3434 4
2583 3397 2761 3434 secum

475 3463 711 3512 uestram
757 3460 1130 3515 communione
1171 3463 1230 3516 F
1273 3449 1460 3518 secum'
1495 3469 1708 3519 uestrae
1748 3467 2120 3522 communione
2159 3471 2247 3534 (m.
2288 3475 2349 3522 ut
2384 3469 2503 3524 uid.
2544 3475 2583 3524 2
2619 3486 2761 3524 com-

473 3547 737 3618 munioni)
783 3549 838 3602 P
881 3567 1062 3604 secum
1109 3555 1344 3606 uestram
1394 3556 1823 3610 communionem
1861 3555 2091 3610 MAae
2138 3575 2317 3612 secum
2368 3563 2581 3614 uestrae
2618 3577 2759 3616 com-

472 3635 714 3689 munioni
762 3643 880 3692 cett.
929 3637 1048 3692 edd.
1231 3643 1263 3695 5
1309 3643 1505 3710 recepi.
1543 3647 1665 3699 m.1
1711 3661 1847 3702 corr.
1896 3646 2063 3716 recipi
2101 3645 2162 3699 F
2334 3647 2367 3700 6
2406 3651 2462 3702 et
2496 3665 2599 3703 om.
2636 3650 2759 3704 MA

472 3723 504 3774 7
542 3723 657 3777 siue
698 3723 914 3779 auditus
943 3729 1058 3781 siue
1087 3728 1366 3782 inauditus
1397 3729 1574 3785 MFA
1684 3731 1989 3804 dampnatis
2028 3735 2333 3789 felicianum
2376 3735 2681 3808 dampnatis
2707 3743 2760 3795 R

473 3813 540 3866 10
577 3813 879 3882 galatorum
917 3815 979 3869 F
1011 3817 1352 3889 galathorum
1393 3819 1502 3874 AR
1538 3820 1845 3890 legatorum
1872 3823 1949 3877 M
2052 3825 2367 3894 epheson-um
2398 3826 2459 3880 F
2529 3829 2589 3882 11
2624 3829 2757 3883 ciui-

465 3904 641 3954 tatum
681 3902 804 3956 MR
841 3904 962 3958 edd.
1148 3907 1213 3961 14
1253 3908 1380 3976 quia
1415 3908 1490 3961 M
1670 3911 1731 3964 15
1773 3913 1901 3982 quo]
1950 3919 2026 3976 to,
2064 3929 2203 3970 corr.
2240 3917 2353 3978 tuo,
2392 3934 2461 3970 m.
2486 3921 2523 3970 3
2560 3933 2665 3987 quo
2702 3917 2765 3972 F

470 3991 535 4043 17
576 4006 640 4042 ea
687 3993 844 4062 quae]
897 3999 1024 4063 caq3
1061 3995 1134 4048 M
1349 4013 1536 4051 caecos
1583 4000 1747 4053 etiam
1784 4001 1841 4056 R
2056 4003 2287 4068 sci-eunt,
2325 4019 2463 4060 corr.
2500 4007 2603 4060 univ
2636 4013 2755 4060 m.1

463 4077 665 4133 feriunt
701 4079 761 4132 F
884 4082 950 4136 18
994 4099 1100 4136 non
1149 4082 1356 4138 habent
1403 4085 1500 4150 bis,
1540 4087 1773 4142 alterum
1814 4091 1917 4144 del.
1955 4091 2012 4144 P
2190 4095 2253 4147 19
2291 4093 2585 4159 schismati,
2626 4099 2755 4150 m.‚2

462 4167 731 4221 scismatis
773 4169 828 4221 P
975 4172 1046 4224 20
1093 4174 1382 4242 peregrina
1430 4191 1609 4244 quam,
1652 4182 1783 4232 m.2
1822 4181 2096 4249 peregrini
2136 4189 2369 4252 nuquam
2412 4184 2469 4237 P
2644 4201 2749 4239 non

461 4270 564 4308 om.
602 4255 678 4308 M
781 4257 843 4311 21
895 4260 1138 4328 praecisa
1186 4265 1383 4330 (poslr.
1433 4263 1464 4316 l.
1515 4264 1577 4318 in
1625 4281 1735 4320 ras.
1784 4284 1851 4322 m.
1896 4275 1961 4322 ut
2004 4270 2118 4324 uid.
2175 4275 2231 4337 3)
2282 4277 2435 4342 parte
2476 4273 2535 4326 F
2576 4274 2747 4345 precis

459 4349 647 4412 aperte
685 4349 738 4398 Α
