3184 4959
1168 384 1701 452 epistularum
1758 385 1943 440 XMV.
2586 394 2713 456 119

417 577 471 641 si
528 575 679 657 quid
732 575 894 640 forte
949 576 1130 641 nobis
1186 577 1409 643 inuitis
1467 579 1572 644 uel
1630 580 1845 656 etiam,
1903 581 1959 645 si
2006 581 2417 664 ualuerimus,
2468 587 2712 648 contra-

417 681 770 748 dicentibus
825 681 1068 746 factum
1122 683 1334 762 fuerit,
1393 703 1538 750 cum
1593 685 1991 752 tolerantiam
2048 687 2377 771 pacificam
2426 689 2713 754 didiceri-

418 807 560 852 mus
617 788 863 852 dicente
920 788 1244 870 apostolo:
1311 789 1835 856 sufferentes
1902 793 2255 859 inuicem
2333 793 2411 859 in
2472 795 2713 860 dilec-

418 894 660 974 tione,
753 893 1190 960 studentes
1283 917 1616 962 seruare
1708 899 2113 964 unitatem
2199 902 2555 984 spiritus
2638 903 2712 966 in

351 1025 380 1064 ε
421 1001 751 1066 uinculo
819 1001 1065 1082 paciS.
1135 1021 1322 1084 quam
1387 1023 1611 1088 pacem
1678 1009 1867 1088 atque
1932 1007 2334 1072 tolerantiam
2390 1007 2537 1074 illos
2592 1027 2713 1073 non

415 1108 700 1172 tenuisse
739 1107 1130 1184 dicebamus,
1171 1109 1278 1192 qui
1327 1111 1609 1176 schisma
1652 1111 1957 1192 fecerunt,
2004 1115 2079 1178 ut
2122 1133 2287 1178 nunc
2330 1113 2495 1178 inter
2540 1133 2715 1180 suae.

419 1216 528 1298 qui
574 1216 856 1281 mitiores
905 1235 1122 1282 eorum
1169 1221 1336 1296 sunt,
1387 1219 1681 1302 grauiora
1716 1219 2008 1296 tolerent,
2048 1239 2125 1285 ne
2163 1219 2509 1294 scindatur,
2548 1220 2717 1302 quod

419 1323 691 1388 scissum
758 1325 878 1400 est,
943 1342 1089 1388 cum
1153 1324 1390 1390 leuiora
1455 1326 1701 1390 nollent
1764 1346 1877 1410 pro
1942 1327 2082 1410 ipsa
2136 1328 2381 1392 unitate
2424 1327 2715 1392 tolerare.

420 1430 788 1496 dicebamus
855 1430 1046 1496 etiam
1111 1430 1387 1496 nondum
1442 1431 1645 1498 fuisse
1700 1433 2095 1517 temporibus
2151 1437 2439 1499 ueterum
2496 1451 2717 1516 pacem

329 1559 386 1598 ιο
421 1537 686 1602 unitatis
771 1540 835 1602 et
913 1538 1316 1602 tolerantiam
1398 1542 1576 1602 tanta
1660 1539 2201 1605 commendatione
2293 1540 2715 1622 praedicatam

421 1643 594 1708 sicut
649 1644 935 1727 exemplo
993 1643 1230 1709 domini
1286 1649 1352 1708 et
1403 1645 1550 1710 noui
1612 1646 1981 1710 testamenti
2047 1646 2309 1710 caritate
2376 1650 2443 1710 et
2504 1649 2717 1710 tamen

421 1751 762 1834 prophetas
840 1751 988 1816 illos
1052 1754 1118 1816 et
1181 1754 1434 1816 sanctos
1500 1751 1675 1816 uiros
1740 1751 1945 1816 dicere
2012 1752 2215 1816 solere
2280 1753 2343 1816 in
2408 1752 2719 1836 populum

425 1856 663 1920 scelera
727 1875 966 1932 eorum,
1031 1875 1176 1922 cum
1242 1861 1453 1922 tamen
1511 1877 1580 1921 se
1639 1858 1716 1922 ab
1771 1857 1948 1922 illius
2006 1857 2225 1942 populi
2282 1859 2527 1924 unitate
2574 1862 2639 1923 et
2684 1879 2719 1924 a

425 1962 866 2028 communione
913 1964 1146 2046 pariter
1190 1963 1699 2048 accipiendorum
1750 1967 2306 2042 sacramentorum,
2359 1984 2519 2048 quae
2565 1967 2721 2028 tunc

333 2091 388 2131 ιε»
424 2068 700 2147 fuerunt,
747 2069 1048 2135 diuellere
1094 2090 1215 2136 non
1261 2073 1703 2154 temptassent.

243 2183 328 2245 12
515 2174 668 2238 Inde
733 2176 944 2242 nescio
1011 2195 1134 2260 quo
1199 2176 1387 2243 modo
1444 2182 1711 2242 uentum
1767 2183 1867 2244 est
1922 2177 2000 2242 ad
2056 2177 2719 2243 commemorationem

428 2283 650 2346 beatae
707 2283 1043 2348 memoriae
1101 2282 1424 2348 Genethlii
1481 2283 1787 2368 episcopi,
1845 2283 2015 2367 quod
2069 2283 2283 2349 nescio
2344 2303 2531 2365 quam
2580 2301 2721 2348 con-

431 2387 828 2453 stitutionem
922 2389 1134 2454 datam
1219 2394 1438 2454 contra
1517 2391 1667 2455 illos
1750 2390 2199 2473 compresserit
2280 2392 2345 2454 et
2426 2389 2723 2453 effectum

431 2493 658 2560 habere
724 2515 848 2560 non
906 2495 1150 2561 sinerit.
1205 2496 1550 2562 laudabant
1610 2497 1793 2562 illum
1854 2515 2072 2562 omnes
2139 2499 2205 2560 et
2266 2495 2721 2580 benignissime

335 2625 394 2664 20
431 2589 890 2684 praeferebant,
969 2605 1134 2670 inter
1216 2623 1374 2687 quas
1455 2605 1679 2670 laudes
1754 2625 1791 2670 a
1866 2605 2049 2670 nobis
2150 2605 2511 2670 subiectum
2602 2606 2722 2680 est,

431 2709 601 2790 quod
657 2710 847 2774 etiam
900 2711 1041 2796 ipse
1094 2714 1303 2777 tamen
1363 2711 1763 2790 Genethlius‚
1820 2712 1877 2778 si
1922 2712 1985 2776 in
2034 2730 2253 2777 eorum
2301 2729 2523 2775 manus
2569 2709 2723 2774 inci·

432 2814 650 2893 disset,
714 2815 1200 2898 rebaptizandus
1266 2820 1646 2882 censeretur.
1715 2821 1779 2881 et
1834 2816 1991 2880 haec
2046 2816 2173 2880 iam
2222 2818 2462 2880 stantes
2506 2816 2723 2897 loque-

428 2920 672 2997 bamur,
721 2922 870 3004 quia
915 2922 1279 2988 discedendi
1325 2926 1580 3007 tempus
1630 2926 1951 3008 urgueret.
2016 2923 2103 2987 ibi
2150 2923 2334 3004 plane
2382 2921 2488 2986 ille
2537 2939 2726 2986 senex

432 3028 586 3094 dixit
629 3028 756 3093 iam
801 3029 1066 3094 formam
1113 3049 1252 3096 esse
1298 3029 1552 3108 factam,
1602 3035 1695 3109 ut,
1746 3028 2037 3112 quisquis
2086 3028 2166 3094 ad
2211 3047 2321 3093 eos
2366 3027 2651 3092 fidelium
2690 3047 2725 3091 a

343 3157 392 3194 τῇ
431 3135 612 3201 nobis
665 3135 932 3214 uenerit,
988 3137 1366 3221 baptizetur,
1426 3137 1593 3220 quod
1652 3155 1797 3200 eum
1853 3136 2131 3201 inuitum
2189 3137 2255 3200 et
2308 3153 2452 3198 cum
2510 3133 2725 3198 dolore

433 3241 660 3322 dicere,
733 3247 1040 3324 quantum
1113 3246 1381 3326 poterat,
1459 3243 1821 3327 apparebat.
1898 3261 2047 3307 sane
2121 3261 2267 3307 cum
2332 3241 2524 3305 etiam
2586 3240 2725 3322 ipse

433 3350 635 3414 multa
709 3351 876 3414 mala
947 3369 1208 3415 suorum
1273 3350 1673 3434 apertissime
1740 3351 2023 3434 gemeret
2087 3352 2277 3430 atque
2344 3347 2723 3422 ostenderet,

435 3454 601 3537 quod
655 3455 856 3520 totius
913 3456 1194 3521 ciuitatis
1251 3457 1390 3520 eius
1445 3455 1811 3522 testimonio
1868 3455 2271 3538 probabatur,
2321 3472 2511 3536 quam
2558 3454 2729 3516 esset

613 3631 643 3684 3
683 3627 822 3699 Eph.
858 3631 912 3693 4,
949 3629 1092 3684 2—3

509 3755 533 3806 1
575 3753 665 3806 uel
702 3753 892 3822 etiam]
931 3753 1081 3806 ualet
1115 3753 1220 3806 iam
1259 3751 1438 3806 MFA
1583 3751 1877 3806 ualerimus
1914 3753 1967 3804 A
2090 3749 2123 3802 8
2162 3749 2349 3802 nolent
2386 3747 2447 3801 F
2566 3747 2633 3800 12
2671 3747 2727 3800 in

439 3841 632 3910 populo
661 3840 716 3894 R
828 3843 894 3896 13
933 3857 1116 3895 eorum
1154 3857 1220 3896 σω
1255 3847 1430 3896 torum
1460 3841 1515 3894 P
1657 3859 1691 3896 a
1726 3858 1849 3908 om„
1886 3857 1954 3894 m.
1978 3843 2007 3892 1
2047 3838 2178 3892 add.
2205 3837 2279 3890 Μ
2386 3837 2451 3890 16
2490 3834 2632 3888 unde
2662 3835 2735 3888 M

447 3931 504 3982 17
534 3929 816 4000 genethlii,
848 3935 978 3984 ante
1005 3929 1022 3983 l
1051 3947 1118 3984 m.
1147 3936 1212 3984 ut
1234 3931 1349 3984 uid.
1381 3935 1410 3983 1
1432 3947 1611 3999 supra
1641 3930 1769 3987 add.
1804 3930 1820 3983 i
1848 3929 1909 3983 F
1939 3926 2228 3998 genethilii
2265 3925 2319 3978 A
2452 3922 2729 3979 Genethlii

441 4017 882 4088 Carthaginensis
933 4023 1060 4074 ante
1109 4019 1386 4074 Aurelium
1441 4020 1681 4091 episcopi
1727 4037 1777 4074 m
1976 4019 2042 4071 19
2094 4016 2323 4069 sinuerit
2376 4017 2432 4082 (n
2482 4017 2624 4082 exp.)
2680 4013 2734 4066 P

440 4109 504 4162 21
543 4113 726 4162 tamen
763 4125 864 4162 om.
903 4109 976 4162 M
1078 4109 1412 4178 genethilius
1449 4108 1629 4163 MFA
1746 4109 1792 4162 si
1830 4125 1932 4160 om.
1970 4105 2024 4160 P
2130 4105 2199 4158 22
2237 4103 2367 4172 iarn]
2405 4101 2624 4172 quidem
2662 4100 2733 4154 M

440 4199 506 4250 23
546 4196 788 4250 discendi
823 4197 884 4252 F
987 4199 1056 4253 25
1096 4197 1282 4252 dolore
1319 4199 1487 4253 animi
1524 4197 1703 4252 dicere
1741 4197 1807 4264 fl
1830 4213 1925 4250 rm
2033 4195 2101 4248 28
2146 4209 2251 4263 quo
2288 4192 2344 4247 R
2470 4189 2733 4260 probatur

443 4286 562 4340 MP
597 4285 789 4352 (m.1?
824 4303 961 4343 corr.
1000 4286 1352 4358 probabatur)
