3184 4959
497 442 624 506 156
1199 440 1252 494 S.
1309 439 1584 494 Aureli
1641 441 2077 509 Augustini

493 633 789 712 Romam;
839 637 1022 718 gesta
1065 653 1319 716 quoque
1365 633 1430 697 in
1479 634 1633 699 urbe
1680 634 1903 714 Roma,
1950 635 2063 700 ubi
2110 635 2187 700 ab
2237 635 2572 718 episcopis,
2621 655 2780 719 quos

493 739 602 806 ille
658 741 938 820 miserat,
995 759 1189 806 causa
1243 741 1498 826 cognita
1551 745 1740 824 atque
1788 741 2079 808 discussa
2126 746 2251 816 est:
2298 743 2579 826 itemque
2626 742 2781 808 alias

491 846 760 926 litteras,
825 847 936 912 ubi
1003 848 1280 913 declarat
1341 851 1730 914 memoratus
1792 849 2135 932 imperator
2190 868 2297 915 eos
2356 848 2525 933 apud
2578 869 2647 914 se
2704 848 2781 917 de

493 955 881 1038 collegarum
954 973 1214 1020 suorum
1287 954 1546 1034 iudicio,
1622 955 1688 1022 id
1762 958 1862 1020 est
1934 955 2393 1040 episcoporum,
2470 975 2627 1039 quos
2702 954 2781 1020 ad

493 1062 713 1128 urbem
778 1063 1048 1126 Romam
1111 1061 1392 1139 miserat,
1455 1062 1659 1126 fuisse
1727 1061 2126 1145 conquestoS,
2192 1063 2327 1127 ubi.
2370 1063 2565 1128 etiam
2621 1062 2779 1128 alios
2840 1088 2865 1127 5

493 1168 822 1252 episcopos
877 1168 1089 1232 uoluit
1135 1168 1303 1251 apud
1346 1168 1677 1233 Arelatum
1722 1168 2021 1248 iudicare,
2070 1169 2181 1234 ubi
2223 1170 2336 1235 isti
2380 1173 2450 1234 et
2492 1170 2569 1234 ab
2614 1169 2783 1252 ipso-

491 1294 630 1338 rum
669 1274 904 1340 iudicio
945 1275 1024 1338 ad
1061 1274 1330 1340 eundem
1365 1275 1807 1357 imperatorem
1850 1276 2347 1359 appellauerunt,
2386 1276 2495 1342 ubi
2542 1279 2781 1359 postre-

491 1402 595 1448 mo
645 1401 900 1446 causam
938 1381 1104 1446 inter
1136 1383 1348 1464 partes
1386 1381 1524 1465 ipse
1563 1383 1887 1465 cognouit,
1926 1381 2035 1448 ubi
2074 1402 2183 1448 eos
2222 1383 2781 1448 uehementissime

492 1489 846 1554 detestatur
887 1489 1242 1554 innocentia
1289 1487 1629 1554 Caeciliani
1675 1490 1876 1554 fuisse
1932 1494 2283 1572 superatos,
2340 1509 2522 1572 quae,
2570 1489 2627 1554 si
2674 1507 2784 1553 uo-

491 1596 705 1674 luerit,
753 1594 970 1660 audiet
1016 1597 1082 1660 et
1123 1595 1364 1660 tacebit
1411 1599 1477 1660 et
1523 1595 1772 1662 desinet
1812 1595 2097 1662 insidiari
2147 1595 2424 1662 ueritati.
2820 1621 2869 1660 ιο

315 1695 468 1760 1116
582 1699 980 1784 Quamquam
1027 1721 1142 1768 nos
1188 1721 1310 1768 non
1355 1705 1488 1766 tam
1533 1701 1612 1767 de
1656 1702 1803 1768 istis
1850 1703 2249 1768 documentis
2304 1721 2780 1785 praesumamus

493 1828 682 1891 quam
714 1809 790 1873 de
821 1808 1150 1891 scripturis
1189 1809 1446 1887 sanctis,
1479 1809 1588 1874 ubi
1620 1809 1935 1875 hereditas
1969 1809 2205 1876 Christi
2232 1829 2436 1893 usque
2464 1809 2543 1874 ad
2569 1810 2781 1874 termi-

489 1934 603 1980 nos
641 1919 846 1983 terrae
881 1915 1196 1997 promissa
1243 1919 1342 1982 est
1385 1917 1449 1980 in
1497 1917 1791 1982 omnibus
1840 1917 2158 2002 gentibus.
2196 1917 2363 1982 unde
2398 1916 2512 1982 isti
2546 1916 2779 1982 nefario

493 2021 835 2089 schismate
873 2022 1147 2104 separati
1181 2022 1422 2088 iactant
1457 2023 1720 2088 crimina
1752 2023 1817 2088 in
1854 2025 2102 2106 paleam
2138 2024 2370 2090 messis
2408 2023 2783 2103 dominicae,

489 2147 652 2210 quae
713 2147 972 2194 necesse
1037 2131 1140 2194 est
1198 2147 1402 2210 usque
1467 2129 1546 2194 ad
1600 2129 1789 2194 finem
1844 2130 2153 2212 permixta
2204 2132 2529 2208 toleretur,
2584 2129 2782 2196 donec
2821 2150 2869 2189 15

491 2234 722 2299 ultimo
769 2235 1004 2300 iudicio
1051 2239 1190 2301 tota
1237 2255 1380 2300 area
1424 2237 1790 2302 uentiletur.
1838 2237 2004 2301 unde
2049 2236 2459 2301 manifestum
2506 2239 2607 2301 est
2656 2237 2783 2300 ista

491 2341 752 2406 crimina
807 2361 922 2408 seu
978 2362 1130 2407 uera
1185 2362 1298 2407 seu
1355 2343 1518 2408 salsa
1573 2363 1695 2408 non
1742 2345 2051 2426 pertinere
2098 2344 2539 2409 adfrumenta
2584 2343 2783 2410 domi-

491 2448 651 2527 nica,
701 2468 861 2532 quae
905 2468 1019 2530 per
1059 2452 1274 2513 totum
1319 2469 1562 2533 agrum,
1608 2450 1676 2514 id
1726 2453 1827 2518 est
1870 2451 2067 2516 istum
2114 2451 2421 2517 mundum
2468 2456 2671 2534 usque
2718 2451 2781 2514 in

489 2555 679 2620 finem
743 2555 981 2620 saeculi
1047 2559 1296 2638 oportet
1364 2575 1663 2633 crescere,
1731 2557 1901 2621 sicut
1966 2575 2085 2622 non
2140 2556 2343 2622 falsus
2398 2557 2663 2640 angelus
2716 2555 2780 2620 in

489 2661 681 2727 huius
737 2681 940 2728 errore
995 2661 1109 2727 sed
1164 2662 1454 2726 dominus
1507 2663 1572 2726 iu
1634 2662 1962 2750 euangelio
2030 2664 2329 2746 loquitur.
2393 2663 2663 2746 ideoque
2714 2663 2779 2727 in
2814 2682 2869 2723 20

491 2767 882 2834 Christianos
929 2770 1314 2847 innocenteS,
1364 2770 1472 2853 qui
1519 2789 1633 2852 per
1676 2773 1885 2834 totum
1926 2771 2139 2835 orbem
2176 2770 2363 2836 malis
2404 2769 2780 2835 Christianis

489 2879 815 2958 tamquam
870 2876 1087 2959 paleae
1145 2895 1296 2940 suae
1352 2876 1459 2940 uel
1515 2876 1768 2942 zizaniis
1814 2877 2106 2959 permixti
2152 2881 2321 2954 sunt,
2372 2877 2575 2941 multa
2618 2877 2779 2941 falsa

491 2981 756 3046 crimina
827 2986 894 3047 et
961 3001 1126 3046 uana
1198 2982 1583 3047 iactantibus
1652 2983 1750 3048 his
1816 2984 2067 3048 miseris
2132 2983 2487 3049 Donatistis
2550 2983 2777 3048 merito

489 3087 647 3153 deus
701 3088 995 3166 reddidit,
1053 3089 1128 3153 ut
1179 3088 1681 3154 Maximianistas
1738 3091 1909 3172 apud
1966 3090 2406 3174 Carthaginem
2473 3090 2777 3156 schisma-

487 3193 649 3258 ticos
689 3212 860 3272 suos,
899 3193 1202 3259 Primiani
1239 3195 1658 3276 damnatores,
1698 3200 1871 3262 extra
1904 3197 2294 3262 Primianum
2331 3197 2777 3280 baptizatores,
2816 3215 2868 3258 25

671 3457 736 3510 12
771 3457 864 3512 Ps.
902 3457 952 3524 2,
991 3457 1025 3510 8
1117 3429 1204 3511 '14
1240 3459 1437 3512 matth.
1483 3459 1564 3524 13,
1603 3460 1697 3522 303
1737 3461 1787 3523 3,
1830 3461 1895 3512 12

563 3633 587 3686 1
629 3633 697 3686 ab
735 3647 858 3696 om„
897 3636 1018 3686 m.1
1054 3633 1185 3688 add.
1223 3633 1280 3686 P
1383 3633 1416 3686 2
1455 3633 1570 3702 ipse
1608 3660 1637 3686 s
1670 3633 1879 3701 (fuitne
1914 3651 1949 3703 p
1972 3633 2021 3701 ?)
2058 3633 2281 3688 miserat
2314 3633 2371 3688 R
2523 3633 2775 3704 idemque

483 3721 612 3774 MA
757 3723 789 3777 6
826 3720 949 3774 istis
985 3722 1042 3774 A
1181 3723 1248 3776 10
1284 3725 1341 3775 et
1376 3723 1584 3776 tacebit
1620 3739 1741 3788 om„
1780 3723 1843 3776 in
1876 3738 2052 3791 mara.
2090 3727 2210 3776 m.1
2248 3723 2379 3777 add.
2417 3723 2493 3776 M
2631 3722 2775 3777 desi·

485 3811 642 3864 nebit
667 3809 741 3863 M
837 3811 904 3864 14
943 3811 1179 3878 separari
1203 3811 1260 3866 R
1363 3813 1428 3865 15
1467 3827 1605 3881 quae
1642 3827 1862 3865 necesse
1900 3815 1987 3866 est
2019 3827 2141 3875 om„
2176 3828 2221 3866 a.
2248 3829 2305 3865 u.
2347 3829 2450 3880 que
2468 3829 2539 3866 m.
2566 3817 2631 3866 ut
2656 3811 2771 3866 uid.

483 3903 516 3952 1
554 3897 684 3952 add.
713 3897 788 3952 M
927 3899 1226 3962 tolleratur‚
1267 3915 1403 3954 corr.
1442 3899 1803 3963 tollerat-etur,
1839 3901 1937 3954 sed
1968 3917 2027 3954 re
2066 3899 2166 3954 del.
2196 3917 2264 3954 m.
2286 3905 2317 3953 1
2341 3901 2417 3954 M
2450 3900 2775 3954 toleraretur

485 3987 545 4041 F
650 3990 714 4042 17
754 3987 823 4042 ad
861 3987 1130 4042 dominica
1165 3988 1450 4050 frumenta,
1491 4005 1629 4042 corr.
1668 3989 1939 4044 frumenta
1974 3988 2043 4043 ad
2082 3989 2354 4044 dominica
2390 3989 2465 4043 M
2588 3989 2653 4042 18
2690 3989 2771 4057 in}

485 4076 554 4130 ad
589 4077 652 4130 F
779 4077 849 4132 20
884 4076 1008 4130 ideo
1050 4093 1186 4146 quae
1221 4077 1334 4131 ΡΑ
1369 4081 1462 4146 (m.
1501 4083 1566 4130 ut
1600 4078 1717 4132 uid.
1756 4084 1787 4131 1
1822 4095 1959 4133 corr.
1998 4078 2253 4149 ideoque)
2400 4079 2457 4133 iu
2494 4094 2615 4142 om„
2654 4094 2719 4132 m.
2742 4082 2774 4130 1

486 4166 616 4220 add.
656 4166 730 4219 M
833 4167 902 4220 22
941 4167 1154 4229 zizania,
1194 4183 1328 4223 corr.
1369 4172 1488 4220 m.1
1525 4168 1743 4220 zizaniis
1780 4167 1841 4221 F
1944 4169 2014 4222 24
2052 4167 2183 4221 deus
2221 4183 2343 4232 om„
2382 4171 2503 4220 m.1
2539 4165 2673 4222 add.
2702 4165 2778 4219 M

485 4257 554 4310 25
597 4255 965 4324 baptizatores
1011 4259 1138 4324 post
1179 4256 1502 4324 primianum
1541 4255 1909 4326 baptizatores
1944 4260 2072 4326 post
2106 4255 2429 4325 primianum
2466 4255 2769 4325 rebaptiza-

482 4348 625 4398 tores
667 4347 815 4413 (post
851 4344 1172 4414 primianum
1209 4344 1575 4414 baptizatores
1616 4344 1715 4398 del.
1754 4361 1823 4398 m.
1845 4345 1896 4415 1)
1933 4345 1988 4400 R
