3184 4959
1146 449 1672 518 epistularum
1733 451 1994 504 LXXXII.
2593 461 2720 518 :5523

178 646 245 712 II
278 647 317 708 4
515 643 697 723 Quod
756 645 809 708 si
868 649 929 707 te
989 644 1201 726 ipsum
1259 645 1758 709 consideratione
1819 646 1989 710 uitae
2045 666 2117 711 ac
2165 667 2414 712 morum
2464 652 2726 714 tuorum

426 772 544 817 non
630 751 947 828 simulate,
1034 769 1151 814 non
1227 752 1540 815 fallaciter
1615 752 1850 817 dixisse
1924 754 2130 831 credo,
2207 759 2440 838 quanto
2521 758 2725 840 magis

428 878 695 942 aequum
765 861 865 923 est
928 877 1029 922 me
1096 857 1345 922 credere
1413 860 1775 940 apostolum
1833 859 2104 923 Paulum
2169 881 2289 925 non
2357 862 2530 925 aliud
2591 881 2725 925 sen-

428 967 608 1043 sisse,
658 986 845 1048 quam
903 965 1249 1047 scripserit.
1308 965 1423 1028 ubi
1488 965 1576 1030 ait
1644 966 1718 1029 de
1777 967 1964 1031 Petro
2032 969 2094 1030 et
2150 968 2466 1033 Barnaba:
2539 969 2724 1033 Cum

365 1094 391 1132 s
430 1074 807 1150 uiderem,
849 1071 1037 1154 quia
1077 1091 1223 1136 non
1264 1077 1485 1136 recte
1526 1073 2112 1156 ingrediuntur
2150 1075 2237 1138 ad
2279 1074 2726 1140 ueritatem

432 1180 873 1263 euangelii.
924 1179 1086 1243 dixi
1137 1179 1381 1243 Petro
1432 1199 1696 1244 coram
1749 1181 2156 1246 omnibus:
2225 1181 2326 1247 ‘Si
2383 1187 2490 1253 tu,
2555 1201 2724 1246 cum

432 1287 544 1351 sis
601 1287 974 1362 Iudaeus,
1036 1287 1479 1370 gentiliter
1536 1292 1614 1352 et
1671 1308 1814 1353 non
1875 1288 2200 1353 iudaice
2269 1289 2513 1362 uiuiS,
2581 1308 2726 1371 quo

430 1394 654 1458 modo
734 1399 1019 1478 gentes
1090 1395 1316 1477 cogis
1387 1395 1876 1459 iudaiza1·e?’
1945 1397 2020 1460 de
2089 1415 2210 1478 qno
2282 1396 2448 1460 enim
2518 1399 2727 1460 certus

432 1503 572 1579 sim,
622 1501 785 1584 quod
838 1521 939 1565 me
997 1501 1327 1566 scribendo
1386 1502 1489 1565 uel
1548 1501 1864 1585 loquendo
1921 1521 2043 1567 non
2099 1502 2298 1576 fallat,
2357 1503 2410 1566 si
2469 1503 2732 1567 fallebat

348 1636 394 1670 ιο
434 1607 759 1691 apostolus
816 1607 981 1672 filios
1041 1627 1212 1674 suoS.
1274 1628 1430 1691 quos
1488 1609 1722 1673 iterum
1778 1609 2191 1692 parturiebat.
2249 1611 2446 1674 donec
2504 1609 2568 1672 in
2637 1609 2727 1672 eis

434 1716 744 1780 Christus.
792 1715 855 1778 id
906 1718 1004 1778 est
1052 1715 1287 1779 ueritas
1336 1716 1732 1793 formaretur,
1790 1715 2022 1798 quibus
2090 1735 2234 1780 cum
2287 1715 2733 1800 praemisisset

436 1823 677 1889 dicens:
736 1819 946 1898 Quae
1007 1825 1269 1885 autem
1331 1823 1602 1886 scribo
1665 1823 1922 1900 uobiS,
1983 1843 2166 1889 ecee
2233 1842 2494 1888 coram
2565 1823 2728 1897 deo,

438 1931 621 2012 quia
694 1949 839 1994 non
913 1929 1286 1992 mentior.
1360 1949 1477 1992 non
1554 1933 1766 1994 tamen
1847 1931 2154 1994 ueraciter
2219 1930 2554 2006 scribebat,
2622 1928 2732 1992 sed

436 2037 645 2100 nescio
738 2055 861 2119 qua
946 2035 1405 2118 dispensatoria
1493 2036 1898 2100 simulatione
1973 2037 2259 2114 fallebat,
2345 2037 2586 2102 uidisse
2665 2055 2732 2100 se

348 2171 397 2209 ιε,
436 2145 693 2209 Petrum
774 2147 837 2208 et
899 2142 1227 2206 Barnaban
1302 2162 1422 2206 non
1498 2145 1666 2207 recte
1742 2143 2166 2226 ingredientes
2245 2145 2324 2207 ad
2400 2143 2732 2207 ueritatem

440 2250 751 2335 euangelii
818 2270 887 2314 ac
956 2251 1141 2314 Petro
1212 2251 1271 2312 in
1340 2249 1563 2314 faciem
1631 2250 1946 2314 restitisse
2012 2269 2134 2314 non
2202 2251 2279 2314 ob
2350 2249 2543 2322 aliud,
2610 2248 2732 2312 nisi

440 2358 608 2440 quod
656 2360 877 2442 gentes
927 2360 1185 2441 cogeret
1230 2356 1589 2420 iudaizare?

262 2469 300 2528 5
524 2465 610 2528 At
658 2464 820 2528 enim
874 2465 1075 2528 satius
1124 2467 1223 2527 est
1270 2463 1521 2527 credere
1580 2463 1938 2544 apostolum
1987 2463 2258 2526 Paulum
2317 2461 2556 2544 aliquid
2609 2479 2730 2524 non

442 2591 585 2635 uere
654 2569 1007 2653 scripsisse,
1076 2589 1261 2650 quam
1331 2569 1690 2651 apostolum
1751 2569 2008 2632 Petrum
2076 2587 2196 2632 non
2261 2569 2429 2631 recte
2494 2567 2728 2648 aliquid

350 2698 405 2738 20
442 2678 669 2761 egisse.
738 2677 857 2742 hoc
914 2677 971 2742 si
1026 2679 1117 2740 ita
1172 2681 1289 2754 est,
1351 2676 1656 2752 dicamuS‚
1718 2676 1884 2757 quod
1931 2674 2116 2751 absit,
2167 2675 2367 2739 satius
2419 2693 2557 2738 esse
2607 2693 2732 2737 cre-

440 2785 581 2850 dere
620 2784 871 2848 mentiri
900 2783 1323 2867 euangelium,
1355 2801 1544 2865 quam
1582 2786 1885 2866 negatum
1921 2801 2060 2846 esse
2102 2801 2136 2844 a
2163 2782 2352 2845 Petro
2387 2779 2732 2854 Christum,

440 2895 503 2955 et
574 2892 820 2955 mentiri
898 2909 1236 2975 regnorum
1307 2891 1563 2965 librum,
1643 2909 1828 2973 quam
1905 2893 2153 2952 tantum
2243 2887 2615 2970 prophetam
2700 2905 2735 2950 a

442 2999 691 3062 domino
767 2997 880 3062 deo
960 3003 1088 3062 tam
1165 2997 1542 3061 excellenter
1617 2997 1892 3061 electum
1969 2999 2032 3060 et
2101 2995 2165 3059 in
2233 2993 2737 3076 concupiscenda

442 3109 624 3186 atque
692 3104 1058 3170 abducenda
1122 3123 1312 3168 uxore
1379 3103 1583 3167 aliena
1649 3103 2047 3168 commisisse
2112 3099 2494 3166 adulterium
2553 3103 2617 3163 et
2669 3099 2733 3163 in

352 3231 405 3272 85
444 3213 663 3276 marito
751 3212 886 3276 eius
976 3211 1249 3276 necando
1336 3215 1467 3274 tam
1556 3210 1936 3275 horrendum
2019 3208 2456 3274 homicidium.
2539 3207 2734 3270 immo

617 3485 653 3536 4
691 3482 808 3538 Gal.
848 3485 897 3543 2,
942 3484 1005 3534 14
1120 3481 1183 3534 10
1216 3479 1317 3534 Gal
1374 3483 1423 3541 4,
1466 3482 1553 3542 19;
1599 3480 1625 3532 Ι
1662 3479 1775 3532 Ioh.
1807 3482 1854 3542 5,
1883 3482 1916 3533 6
2021 3479 2088 3532 12
2117 3477 2233 3532 Gal.
2267 3478 2312 3540 1,
2345 3477 2414 3530 20
2517 3476 2582 3528 16
2616 3473 2732 3529 Gal.

442 3575 491 3638 2,
533 3572 592 3624 11
708 3573 771 3624 21
812 3571 1007 3624 Matth.
1045 3571 1130 3629 26,
1171 3571 1238 3623 69
1297 3561 1303 3568 ’
1480 3569 1560 3656 22
1599 3569 1654 3622 11
1691 3570 1824 3638 Reg.
1867 3571 1948 3624 11.
1989 3567 2164 3620 2—17

1464 3677 1489 3723 ἰ

1450 3765 1460 3774 ·
1484 3657 1604 3825 'TPR
1620 3747 1656 3812 f
1670 3746 1689 3798 l
1711 3762 1736 3796 r
1755 3763 1806 3798 m
1919 3745 1950 3799 3
1978 3769 2036 3794 u
2063 3743 2368 3814 apostolum
2398 3741 2486 3805 (ad
2518 3757 2656 3794 eras,
2681 3739 2730 3804 ,9)

1755 3833 2152 3903 ingrediuntur,
2191 3835 2321 3884 m..2
2359 3828 2740 3899 ingredieban-

1515 3835 1635 4066 ἰξιε
1676 3926 1828 3992 petro
1867 3923 1926 3976 E
2057 3923 2085 3974 7
2127 3919 2355 3974 iudeaus
2391 3919 2446 3971 P
2587 3917 2739 3969 uiues

1583 4011 1758 4066 cribat
1785 4013 1840 4064 A
1944 4011 2009 4064 14
2050 4008 2428 4079 dispensatori,
2469 4021 2604 4060 corr.
2625 4009 2743 4060 m.1

512 3751 545 3802 2
583 3765 687 3802 non
726 3747 1015 3817 fallaciter]
1056 3763 1153 3800 nec
1192 3747 1373 3800 fallaci

442 3838 503 3892 E
535 3837 605 3892 ad
642 3837 947 3907 apostolum
984 3837 1031 3908 Q
1201 3839 1232 3890 5
1271 3836 1397 3889 uide

446 3937 532 3981 tur
564 3928 627 3981 Ε
730 3929 762 3982 6
803 3926 939 3979 dixit
976 3927 1031 3979 P
1172 3940 1347 3978 coram
1387 3942 1415 3977 o

446 4021 495 4071 et
531 4032 691 4086 coges
730 4015 841 4084 QE
943 4015 975 4068 9
1017 4031 1133 4068 snm
1176 4013 1353 4084 QME

446 4105 839 4176 dispensatoria
875 4105 950 4158 Μ
1095 4106 1157 4157 15
1196 4102 1487 4156 barnabam
1528 4101 1582 4156 R
1621 4101 1741 4155 edd.
1916 4098 1984 4153 ad
2023 4097 2294 4167 euangelii
2333 4095 2621 4149 ueritatem
2658 4095 2741 4146 in·

444 4193 751 4263 gredientes
789 4194 908 4247 edd.
1016 4193 1081 4246 18
1120 4194 1199 4260 εἴ]
1241 4209 1309 4246 sn
1336 4191 1411 4243 Ρι
1558 4187 1766 4259 aliquid
1791 4189 1921 4242 noui
1958 4187 2295 4257 rescripsisse
2331 4185 2438 4254 QE
2469 4185 2548 4252 (re
2579 4185 2740 4246 eras.)

450 4283 515 4336 19
552 4284 965 4351 quam—egisse
1005 4299 1105 4335 om.
1146 4281 1271 4334 PM
1276 4281 1321 4334 A
1448 4280 1512 4333 21
1556 4279 1786 4332 mentire
1831 4277 1878 4348 Q
2005 4278 2075 4330 22
2113 4275 2342 4330 mentire
2385 4272 2431 4342 Q
2540 4271 2610 4324 24
2647 4269 2742 4324 ab·

448 4370 691 4424 duc-anda
733 4370 779 4439 Q
816 4370 1133 4425 adducenda
1170 4373 1221 4422 A
1370 4370 1651 4423 commisse
1691 4367 1814 4420 PM

1476 4015 1512 4074 Β

2576 4467 2674 4519 23*
