3184 4959
246 637 281 699 6

289 1623 339 1661 10

289 2155 340 2194 15

1131 439 1661 509 epistularum
1719 436 1915 494 CVIII.
2540 445 2666 509 617

461 631 672 698 Finita
717 636 818 699 est
865 651 1076 710 causa,
1132 633 1326 698 frater
1369 633 1683 711 Macrobi;
1742 635 1899 700 deus
1954 637 2078 701 hoc
2124 636 2275 721 egit,
2332 637 2491 703 deus
2546 638 2668 705 boc

372 740 608 822 uoluit3
678 741 965 805 occultae
1028 739 1207 805 illius
1272 740 1707 823 prouidentiae
1771 742 1915 819 fuit,
1982 744 2165 808 utin
2226 763 2421 812 causa
2472 746 2671 810 Maxi-

373 846 566 911 miani
641 848 970 929 speculum
1045 847 1230 914 uobis
1306 847 1713 913 correctionis
1786 849 2245 934 propinaretur,
2322 854 2398 915 ut
2462 853 2667 918 omnis

374 954 712 1018 aduersum
777 973 914 1034 noS,
979 955 1174 1019 immo
1241 954 1551 1020 aduersus
1610 953 1847 1021 Christi
1912 956 2247 1022 ecclesiam
2312 961 2449 1023 toto
2518 959 2667 1024 orbe

374 1064 762 1127 crescentem
819 1080 940 1127 non
998 1061 1140 1127 dico
1195 1065 1432 1140 uestra,
1497 1081 1576 1128 ne
1631 1063 1693 1128 in
1750 1067 1815 1128 te
1872 1063 2089 1129 uidear
2144 1064 2668 1144 contumeliosae,

375 1169 486 1232 sed
542 1173 712 1232 certe
768 1171 1126 1234 uestrorum
1178 1169 1514 1234 criminosa
1562 1169 1880 1234 calumnia
1933 1168 2237 1235 finiretur.
2294 1171 2455 1236 nihil
2501 1171 2671 1237 enim

372 1275 676 1340 remansit
704 1275 954 1340 omnino
987 1295 1224 1354 eorum,
1266 1295 1427 1358 quae
1457 1279 1675 1341 contra
1711 1295 1827 1342 nos
1864 1280 2191 1360 tamqnam
2220 1277 2297 1352 de
2338 1278 2668 1362 scripturis

375 1382 452 1446 ab
517 1381 880 1446 hominibus
938 1401 1060 1447 non
1115 1383 1642 1466 intellegentibus
1696 1384 1961 1466 proferri
2018 1386 2245 1451 solent.
2311 1403 2455 1450 nam
2514 1384 2669 1448 haec

374 1489 604 1553 habere
657 1487 722 1552 in
773 1506 877 1553 ore
927 1493 1418 1555 consueueruntt
1465 1489 1575 1554 Ab
1626 1509 1830 1573 aqua
1874 1491 2141 1555 aliena
2186 1489 2511 1556 abstine
2556 1495 2664 1566 te3

361 1597 488 1661 sed
532 1595 974 1678 respondetur:
1021 1595 1164 1660 Non
1203 1599 1302 1660 est
1348 1615 1513 1679 aqua
1558 1596 1786 1674 aliena,
1835 1597 2129 1680 quamuis
2178 1597 2265 1664 sit
2308 1599 2373 1662 in
2422 1597 2669 1676 alienis,

376 1704 546 1768 sicut
592 1721 706 1767 nec
745 1721 910 1785 aqua
952 1702 1064 1768 illa
1101 1703 1466 1769 Maximiani
1511 1704 1654 1781 fuit,
1705 1704 1868 1770 unde
1907 1723 2023 1770 uos
2072 1723 2193 1769 non
2244 1705 2666 1770 abstinuistis.

376 1811 530 1874 item
603 1809 974 1892 proponitur
1045 1811 1254 1877 nobis:
1329 1809 1558 1876 Facti
1644 1816 1833 1876 sunt
1903 1810 2101 1876 mihi
2175 1812 2397 1877 sicut
2468 1829 2670 1894 aqua

377 1916 708 1981 mendax
753 1935 901 1982 non
951 1917 1252 1982 habens
1299 1917 1574 1993 fidem3
1616 1917 1729 1982 sed
1764 1917 2207 2001 respondetur:
2246 1917 2385 1983 Hoc
2425 1917 2665 1982 dictum

378 2027 478 2089 est
532 2023 610 2088 de
663 2023 832 2088 fictis
886 2023 1249 2088 hominibus
1306 2043 1428 2089 non
1474 2024 1937 2107 pertinentibus
1986 2024 2063 2088 ad
2110 2024 2212 2089 dei
2258 2025 2671 2102 sacramenta,

380 2149 536 2213 quae
591 2150 708 2196 nec
759 2131 822 2195 in
878 2130 1287 2197 mendacibus
1334 2135 1607 2214 possunt
1652 2149 1793 2195 esse
1839 2131 2188 2196 mendacia.
2244 2151 2391 2196 nam
2448 2131 2668 2212 utique

375 2238 708 2302 mendaces
753 2237 1030 2315 fuerunt,
1080 2239 1190 2320 qui
1227 2238 1639 2315 Primianum,
1688 2239 1857 2302 sicut
1900 2239 2025 2320 ipsi
2068 2237 2440 2319 perhibetis,
2488 2236 2669 2301 falsis

376 2344 744 2411 criminibus
781 2345 1257 2422 damnauerunt,
1305 2363 1418 2408 nec
1465 2348 1675 2409 tamen
1727 2363 1890 2426 aqua
1934 2344 2197 2410 mendax
2242 2344 2386 2422 fuit,
2433 2345 2496 2408 in
2548 2361 2671 2426 qua

378 2451 650 2534 separati
697 2471 735 2515 a
776 2451 986 2528 nobie,
1043 2470 1206 2534 quos
1252 2455 1615 2535 potuerunt,
1670 2451 2171 2543 baptizauerunt.
2229 2471 2373 2515 nam
2423 2449 2669 2533 quando

377 2577 514 2622 eam
551 2558 616 2622 in
653 2558 776 2634 his,
815 2576 975 2640 quos
1003 2557 1364 2623 Felicianus
1403 2562 1468 2622 et
1496 2558 1935 2622 Praetextatus
1972 2557 2125 2622 foris
2162 2557 2671 2640 baptizauerunt,

380 2666 780 2748 suscepistis,
855 2664 1044 2729 etiam
1119 2665 1182 2729 in
1257 2665 1667 2730 mendacibus
1732 2683 2017 2729 ueracem
2084 2665 2285 2729 fuisse
2356 2663 2671 2729 sensistis.

379 2771 750 2854 proponitur
795 2771 1009 2836 nobis:
1061 2769 1212 2850 Qui
1267 2771 1742 2854 baptizatur
1790 2791 1826 2835 a
1870 2773 2209 2850 mortuo,
2269 2770 2459 2854 quid
2506 2789 2673 2853 pro-

380 2877 562 2943 dest
625 2880 1045 2944 lauacrum
1111 2878 1336 2943 eius?
1399 2879 1846 2961 respondetur:
1896 2878 1964 2944 Si
2030 2879 2150 2944 hoc
2214 2877 2291 2942 de
2356 2877 2673 2960 baptismo

384 2987 694 3069 scriptum
732 2988 850 3062 est,
899 3005 1022 3066 quo
1062 2985 1390 3066 baptizant
1423 2985 1541 3064 illi,
1591 3005 1752 3068 quos
1790 2989 2111 3068 tamquam
2161 2989 2447 3050 mortuos
2488 2985 2676 3050 eiecit

385 3093 671 3171 ecclesia,
711 3111 834 3158 non
883 3092 1040 3156 dixit
1085 3091 1206 3157 hoc
1249 3092 1578 3157 lauacrum
1625 3111 1746 3158 non
1796 3111 1957 3170 esse,
1999 3093 2109 3158 sed
2147 3092 2306 3156 nihil
2353 3091 2674 3174 prodesse,

383 3200 552 3282 quod
615 3203 680 3263 et
749 3217 866 3264 nos
931 3199 1223 3264 dicimus.
1299 3219 1522 3264 uerum
1598 3203 1808 3264 tamen
1876 3200 2122 3282 quando
2188 3217 2331 3264 cum
2410 3198 2521 3264 illo
2596 3197 2675 3262 ad

384 3307 716 3371 ecelesiam
763 3306 1025 3385 uenerit,
1077 3306 1248 3388 quod
1293 3305 1446 3371 foris
1496 3306 1731 3384 oberat,
1789 3307 1963 3370 intus
2010 3305 2309 3389 proderit,
2355 3325 2478 3371 non
2530 3324 2675 3369 cum

381 3413 520 3496 ipse
565 3413 874 3497 repetitur
917 3413 1302 3496 baptismuS,
1351 3413 1461 3478 sed
1509 3431 1655 3478 cum
1696 3413 2034 3496 corrigitur
2076 3412 2460 3496 baptizatus,
2508 3411 2678 3476 sicut

381 3520 834 3587 Maximianum
893 3525 958 3586 et
1012 3521 1220 3586 socios
1269 3521 1406 3584 eius
1454 3525 1780 3602 tamquam
1836 3523 2122 3584 mortuos
2180 3537 2215 3582 a
2272 3521 2488 3583 uestra
2534 3535 2678 3582 con-

561 3769 594 3820 9
647 3767 904 3835 Septuag.
957 3763 1177 3835 Ιιαροιμ.
1230 3767 1281 3833 9,
1335 3743 1400 3819 18
1657 3766 1723 3820 12
1774 3763 1924 3818 Hier.
1981 3764 2064 3828 15,
2120 3763 2185 3818 18
2400 3761 2467 3815 21
2511 3760 2675 3814 sccii.

385 3857 471 3918 34,
512 3855 580 3909 30

459 3999 483 4051 1
525 3996 784 4050 macrobii
822 3997 878 4050 P
999 3997 1031 4050 3
1071 3997 1424 4066 correptionis
1461 3996 1518 4049 P
1658 3999 2049 4067 proponeretur
2083 4010 2185 4048 rm
2310 3993 2345 4046 4
2383 3991 2529 4045 orbis
2575 3989 2685 4044 VU

386 4093 434 4141 et
475 4085 606 4140 add.
643 4086 706 4138 in
738 4101 914 4154 mar-9.
953 4085 1272 4139 coniectura
1307 4085 1436 4139 orbe
1475 4085 1544 4139 lv·
1724 4087 1758 4140 5
1797 4087 2071 4139 crescente
2108 4082 2164 4136 P
2352 4083 2592 4133 uestram
2628 4079 2684 4131 P

385 4177 418 4228 9
456 4175 483 4228 Ι
521 4175 587 4228 ab
627 4191 770 4244 aqua
807 4175 858 4226 P
1051 4175 1114 4228 11
1157 4181 1298 4243 aqua
1336 4175 1390 4227 P
1591 4173 1656 4228 12
1694 4173 1751 4228 11
1786 4175 1919 4228 item
1955 4173 2012 4226 P
2202 4169 2275 4224 20
2313 4172 2371 4223 et
2414 4167 2525 4223 VU
2557 4167 2677 4222 edd.

385 4265 452 4318 21
492 4263 576 4317 111
614 4264 936 4334 proponitur
971 4263 1027 4316 P
1165 4263 1411 4334 prodest]
1455 4267 1540 4318 est
1577 4281 1672 4334 pro
1710 4263 1765 4318 P
1800 4267 1883 4317 est
1918 4278 2016 4332 per
2060 4259 2176 4315 VU·
2204 4257 2319 4313 lar
2498 4257 2569 4311 22
2606 4257 2675 4325 si]

389 4352 485 4406 sed
532 4353 772 4406 VUlsr
1253 4377 1258 4384 ·
2242 4355 2249 4362 ‘
