<?xml version="1.0" encoding="UTF-8"?>
<!DOCTYPE html PUBLIC "-//W3C//DTD XHTML 1.0 Transitional//EN"
    "http://www.w3.org/TR/xhtml1/DTD/xhtml1-transitional.dtd">
<html xmlns="http://www.w3.org/1999/xhtml" xml:lang="en" lang="en">
 <head>
  <title>
</title>
<meta http-equiv="Content-Type" content="text/html;charset=utf-8" />
  <meta name='ocr-system' content='tesseract 3.04.00' />
  <meta name='ocr-capabilities' content='ocr_page ocr_carea ocr_par ocr_line ocrx_word'/>
</head>
<body>
  <div class='ocr_page' id='page_1' title='image "./corpusscriptoru26wiengoog_0464.png"; bbox 0 0 3184 4959; ppageno 0'>
   <div class='ocr_carea' id='block_1_1' title="bbox 498 381 2097 454">
    <p class='ocr_par' dir='ltr' id='par_1_1' title="bbox 498 381 2097 454">
     <span class='ocr_line' id='line_1_1' title="bbox 498 381 2097 454; baseline -0.01 -2"><span class='ocrx_word' id='word_1_1' title='bbox 498 387 627 452; x_wconf 84' lang='lat'>448</span> <span class='ocrx_word' id='word_1_2' title='bbox 1221 383 1275 436; x_wconf 87' lang='lat' dir='ltr'>S.</span> <span class='ocrx_word' id='word_1_3' title='bbox 1330 381 1605 437; x_wconf 83' lang='lat' dir='ltr'>Aureli</span> <span class='ocrx_word' id='word_1_4' title='bbox 1661 382 2097 454; x_wconf 77' lang='lat' dir='ltr'><strong>Augustini</strong></span> 
     </span>
    </p>
   </div>
   <div class='ocr_carea' id='block_1_2' title="bbox 328 578 2900 3447">
    <p class='ocr_par' dir='ltr' id='par_1_2' title="bbox 495 578 2898 2898">
     <span class='ocr_line' id='line_1_2' title="bbox 495 578 2796 663; baseline 0 -20"><span class='ocrx_word' id='word_1_5' title='bbox 495 579 840 644; x_wconf 81' lang='lat' dir='ltr'><strong>Frustra</strong></span> <span class='ocrx_word' id='word_1_6' title='bbox 883 579 1331 663; x_wconf 87' lang='lat' dir='ltr'>flagellaui</span> <span class='ocrx_word' id='word_1_7' title='bbox 1377 579 1618 645; x_wconf 86' lang='lat' dir='ltr'>filios</span> <span class='ocrx_word' id='word_1_8' title='bbox 1657 582 2028 658; x_wconf 85' lang='lat' dir='ltr'>uestros;</span> <span class='ocrx_word' id='word_1_9' title='bbox 2077 578 2610 662; x_wconf 82' lang='lat' dir='ltr'>disciplinam</span> <span class='ocrx_word' id='word_1_10' title='bbox 2648 597 2796 643; x_wconf 92' lang='lat' dir='ltr'>non</span> 
     </span>
     <span class='ocr_line' id='line_1_3' title="bbox 497 685 2800 770; baseline -0.001 -18"><span class='ocrx_word' id='word_1_11' title='bbox 497 689 1005 770; x_wconf 86' lang='lat' dir='ltr'>receperunt.</span> <span class='ocrx_word' id='word_1_12' title='bbox 1054 690 1210 769; x_wconf 89' lang='lat' dir='ltr'>puto</span> <span class='ocrx_word' id='word_1_13' title='bbox 1258 689 1493 764; x_wconf 88' lang='lat' dir='ltr'>tamen,</span> <span class='ocrx_word' id='word_1_14' title='bbox 1544 687 1696 770; x_wconf 88' lang='lat' dir='ltr'>quia</span> <span class='ocrx_word' id='word_1_15' title='bbox 1740 686 2097 765; x_wconf 75' lang='lat' dir='ltr'>dilectione,</span> <span class='ocrx_word' id='word_1_16' title='bbox 2145 706 2267 753; x_wconf 91' lang='lat' dir='ltr'>non</span> <span class='ocrx_word' id='word_1_17' title='bbox 2309 685 2452 751; x_wconf 90' lang='lat' dir='ltr'>odio</span> <span class='ocrx_word' id='word_1_18' title='bbox 2492 685 2800 770; x_wconf 88' lang='lat' dir='ltr'>flagellati</span> 
     </span>
     <span class='ocr_line' id='line_1_4' title="bbox 498 792 2800 876; baseline -0.001 -18"><span class='ocrx_word' id='word_1_19' title='bbox 498 795 669 858; x_wconf 89' lang='lat' dir='ltr'>sunt.</span> <span class='ocrx_word' id='word_1_20' title='bbox 744 792 858 858; x_wconf 85' lang='lat' dir='ltr'>sed</span> <span class='ocrx_word' id='word_1_21' title='bbox 931 793 1125 858; x_wconf 90' lang='lat' dir='ltr'>debes</span> <span class='ocrx_word' id='word_1_22' title='bbox 1202 793 1395 858; x_wconf 84' lang='lat' dir='ltr'>etiam</span> <span class='ocrx_word' id='word_1_23' title='bbox 1456 796 1589 858; x_wconf 88' lang='lat' dir='ltr'>tam</span> <span class='ocrx_word' id='word_1_24' title='bbox 1655 793 1894 858; x_wconf 89' lang='lat' dir='ltr'>multos</span> <span class='ocrx_word' id='word_1_25' title='bbox 1955 793 2311 872; x_wconf 78' lang='lat' dir='ltr'>adtendere,</span> <span class='ocrx_word' id='word_1_26' title='bbox 2378 793 2456 858; x_wconf 91' lang='lat' dir='ltr'>de</span> <span class='ocrx_word' id='word_1_27' title='bbox 2530 811 2800 876; x_wconf 81' lang='lat' dir='ltr'>quorum</span> 
     </span>
     <span class='ocr_line' id='line_1_5' title="bbox 498 899 2798 984; baseline -0.001 -20"><span class='ocrx_word' id='word_1_28' title='bbox 498 901 707 964; x_wconf 83' lang='lat' dir='ltr'>salute</span> <span class='ocrx_word' id='word_1_29' title='bbox 784 900 1162 984; x_wconf 80' lang='lat' dir='ltr'>gaudemus,</span> <span class='ocrx_word' id='word_1_30' title='bbox 1246 900 1303 964; x_wconf 91' lang='lat' dir='ltr'>si</span> <span class='ocrx_word' id='word_1_31' title='bbox 1378 901 1542 964; x_wconf 90' lang='lat' dir='ltr'>enim</span> <span class='ocrx_word' id='word_1_32' title='bbox 1617 903 1998 965; x_wconf 85' lang='lat' dir='ltr'>terrerentur</span> <span class='ocrx_word' id='word_1_33' title='bbox 2071 905 2137 964; x_wconf 90' lang='lat' dir='ltr'>et</span> <span class='ocrx_word' id='word_1_34' title='bbox 2207 919 2332 966; x_wconf 89' lang='lat' dir='ltr'>non</span> <span class='ocrx_word' id='word_1_35' title='bbox 2406 899 2798 976; x_wconf 77' lang='lat' dir='ltr'>docerentur,</span> 
     </span>
     <span class='ocr_line' id='line_1_6' title="bbox 497 1006 2889 1088; baseline -0.002 -17"><span class='ocrx_word' id='word_1_36' title='bbox 497 1006 762 1088; x_wconf 85' lang='lat' dir='ltr'>inproba</span> <span class='ocrx_word' id='word_1_37' title='bbox 825 1007 1009 1088; x_wconf 85' lang='lat' dir='ltr'>quasi</span> <span class='ocrx_word' id='word_1_38' title='bbox 1074 1006 1419 1072; x_wconf 77' lang='lat' dir='ltr'>dominatio</span> <span class='ocrx_word' id='word_1_39' title='bbox 1486 1006 1828 1074; x_wconf 86' lang='lat' dir='ltr'>uideretur.</span> <span class='ocrx_word' id='word_1_40' title='bbox 1893 1026 2116 1071; x_wconf 85' lang='lat' dir='ltr'>rursus</span> <span class='ocrx_word' id='word_1_41' title='bbox 2181 1007 2237 1072; x_wconf 88' lang='lat' dir='ltr'>si</span> <span class='ocrx_word' id='word_1_42' title='bbox 2303 1006 2674 1072; x_wconf 83' lang='lat' dir='ltr'>docerentur</span> <span class='ocrx_word' id='word_1_43' title='bbox 2737 1009 2802 1070; x_wconf 88' lang='lat' dir='ltr'>et</span> <span class='ocrx_word' id='word_1_44' title='bbox 2863 1027 2889 1066; x_wconf 70' lang='grc' dir='ltr'><strong>ο</strong></span> 
     </span>
     <span class='ocr_line' id='line_1_7' title="bbox 498 1112 2800 1195; baseline 0 -19"><span class='ocrx_word' id='word_1_45' title='bbox 498 1132 621 1178; x_wconf 91' lang='lat' dir='ltr'>non</span> <span class='ocrx_word' id='word_1_46' title='bbox 686 1116 1091 1190; x_wconf 86' lang='lat' dir='ltr'>terrerentur,</span> <span class='ocrx_word' id='word_1_47' title='bbox 1156 1116 1485 1178; x_wconf 88' lang='lat' dir='ltr'>uetustate</span> <span class='ocrx_word' id='word_1_48' title='bbox 1549 1113 2032 1179; x_wconf 88' lang='lat' dir='ltr'>consuetudinis</span> <span class='ocrx_word' id='word_1_49' title='bbox 2099 1113 2394 1180; x_wconf 86' lang='lat' dir='ltr'>obdurati</span> <span class='ocrx_word' id='word_1_50' title='bbox 2449 1112 2530 1178; x_wconf 88' lang='lat' dir='ltr'>ad</span> <span class='ocrx_word' id='word_1_51' title='bbox 2585 1129 2800 1195; x_wconf 86' lang='lat' dir='ltr'>capes-</span> 
     </span>
     <span class='ocr_line' id='line_1_8' title="bbox 500 1219 2802 1305; baseline 0 -21"><span class='ocrx_word' id='word_1_52' title='bbox 500 1219 757 1284; x_wconf 86' lang='lat' dir='ltr'>sendam</span> <span class='ocrx_word' id='word_1_53' title='bbox 830 1221 1001 1284; x_wconf 88' lang='lat' dir='ltr'>uiam</span> <span class='ocrx_word' id='word_1_54' title='bbox 1078 1220 1306 1284; x_wconf 86' lang='lat' dir='ltr'>salutis</span> <span class='ocrx_word' id='word_1_55' title='bbox 1381 1221 1628 1304; x_wconf 86' lang='lat' dir='ltr'>pigrius</span> <span class='ocrx_word' id='word_1_56' title='bbox 1701 1224 2130 1296; x_wconf 83' lang='lat' dir='ltr'>mouerentur,</span> <span class='ocrx_word' id='word_1_57' title='bbox 2207 1219 2455 1305; x_wconf 85' lang='lat' dir='ltr'>quando</span> <span class='ocrx_word' id='word_1_58' title='bbox 2542 1219 2802 1302; x_wconf 91' lang='lat' dir='ltr'>quidem</span> 
     </span>
     <span class='ocr_line' id='line_1_9' title="bbox 500 1325 2804 1409; baseline 0 -20"><span class='ocrx_word' id='word_1_59' title='bbox 500 1325 711 1404; x_wconf 88' lang='lat' dir='ltr'>multi,</span> <span class='ocrx_word' id='word_1_60' title='bbox 759 1325 929 1409; x_wconf 90' lang='lat' dir='ltr'>quod</span> <span class='ocrx_word' id='word_1_61' title='bbox 975 1326 1135 1390; x_wconf 90' lang='lat' dir='ltr'>bene</span> <span class='ocrx_word' id='word_1_62' title='bbox 1186 1327 1505 1405; x_wconf 88' lang='lat' dir='ltr'>nouimus,</span> <span class='ocrx_word' id='word_1_63' title='bbox 1554 1326 1801 1390; x_wconf 87' lang='lat' dir='ltr'>reddita</span> <span class='ocrx_word' id='word_1_64' title='bbox 1847 1326 1972 1391; x_wconf 86' lang='lat' dir='ltr'>sibi</span> <span class='ocrx_word' id='word_1_65' title='bbox 2015 1327 2258 1392; x_wconf 88' lang='lat' dir='ltr'>ratione</span> <span class='ocrx_word' id='word_1_66' title='bbox 2295 1329 2362 1392; x_wconf 93' lang='lat' dir='ltr'>et</span> <span class='ocrx_word' id='word_1_67' title='bbox 2397 1327 2804 1390; x_wconf 84' lang='lat' dir='ltr'>manifestata</span> 
     </span>
     <span class='ocr_line' id='line_1_10' title="bbox 500 1431 2800 1517; baseline -0 -21"><span class='ocrx_word' id='word_1_68' title='bbox 500 1433 736 1498; x_wconf 87' lang='lat' dir='ltr'>diuinis</span> <span class='ocrx_word' id='word_1_69' title='bbox 799 1433 1187 1498; x_wconf 78' lang='lat' dir='ltr'>testimoniis</span> <span class='ocrx_word' id='word_1_70' title='bbox 1250 1434 1522 1499; x_wconf 86' lang='lat' dir='ltr'>ueritate</span> <span class='ocrx_word' id='word_1_71' title='bbox 1586 1435 2054 1517; x_wconf 79' lang='lat' dir='ltr'>respondebant</span> <span class='ocrx_word' id='word_1_72' title='bbox 2106 1435 2287 1500; x_wconf 90' lang='lat' dir='ltr'>nobis</span> <span class='ocrx_word' id='word_1_73' title='bbox 2345 1452 2574 1517; x_wconf 87' lang='lat' dir='ltr'>cupere</span> <span class='ocrx_word' id='word_1_74' title='bbox 2623 1451 2689 1497; x_wconf 91' lang='lat' dir='ltr'>se</span> <span class='ocrx_word' id='word_1_75' title='bbox 2737 1431 2800 1495; x_wconf 89' lang='lat' dir='ltr'>in</span> 
     </span>
     <span class='ocr_line' id='line_1_11' title="bbox 501 1539 2894 1618; baseline -0.002 -13"><span class='ocrx_word' id='word_1_76' title='bbox 501 1540 809 1606; x_wconf 86' lang='lat' dir='ltr'>ecclesiae</span> <span class='ocrx_word' id='word_1_77' title='bbox 892 1540 1242 1606; x_wconf 86' lang='lat' dir='ltr'>catholicae</span> <span class='ocrx_word' id='word_1_78' title='bbox 1324 1541 1834 1606; x_wconf 87' lang='lat' dir='ltr'>communionem</span> <span class='ocrx_word' id='word_1_79' title='bbox 1919 1541 2206 1618; x_wconf 83' lang='lat' dir='ltr'>transire,</span> <span class='ocrx_word' id='word_1_80' title='bbox 2291 1541 2404 1606; x_wconf 90' lang='lat' dir='ltr'>sed</span> <span class='ocrx_word' id='word_1_81' title='bbox 2485 1539 2800 1604; x_wconf 89' lang='lat' dir='ltr'>uiolentas</span> <span class='ocrx_word' id='word_1_82' title='bbox 2841 1563 2894 1600; x_wconf 86' lang='grc' dir='ltr'>ιο</span> 
     </span>
     <span class='ocr_line' id='line_1_12' title="bbox 500 1645 2800 1732; baseline -0.001 -21"><span class='ocrx_word' id='word_1_83' title='bbox 500 1647 891 1729; x_wconf 86' lang='lat' dir='ltr'>perditorum</span> <span class='ocrx_word' id='word_1_84' title='bbox 946 1647 1279 1712; x_wconf 89' lang='lat' dir='ltr'>hominum</span> <span class='ocrx_word' id='word_1_85' title='bbox 1333 1648 1706 1712; x_wconf 85' lang='lat' dir='ltr'>inimicitias</span> <span class='ocrx_word' id='word_1_86' title='bbox 1763 1648 2122 1731; x_wconf 85' lang='lat' dir='ltr'>formidare,</span> <span class='ocrx_word' id='word_1_87' title='bbox 2179 1667 2336 1732; x_wconf 87' lang='lat' dir='ltr'>quas</span> <span class='ocrx_word' id='word_1_88' title='bbox 2384 1645 2642 1731; x_wconf 89' lang='lat' dir='ltr'>quidem</span> <span class='ocrx_word' id='word_1_89' title='bbox 2687 1665 2800 1728; x_wconf 92' lang='lat' dir='ltr'>pro</span> 
     </span>
     <span class='ocr_line' id='line_1_13' title="bbox 500 1750 2802 1837; baseline -0.002 -19"><span class='ocrx_word' id='word_1_90' title='bbox 500 1753 752 1818; x_wconf 87' lang='lat' dir='ltr'>iustitia</span> <span class='ocrx_word' id='word_1_91' title='bbox 798 1756 863 1817; x_wconf 86' lang='lat' dir='ltr'>et</span> <span class='ocrx_word' id='word_1_92' title='bbox 905 1773 1019 1837; x_wconf 88' lang='lat' dir='ltr'>pro</span> <span class='ocrx_word' id='word_1_93' title='bbox 1068 1756 1323 1818; x_wconf 85' lang='lat' dir='ltr'>aeterna</span> <span class='ocrx_word' id='word_1_94' title='bbox 1364 1754 1503 1819; x_wconf 87' lang='lat' dir='ltr'>uita</span> <span class='ocrx_word' id='word_1_95' title='bbox 1551 1754 1772 1835; x_wconf 87' lang='lat' dir='ltr'>utique</span> <span class='ocrx_word' id='word_1_96' title='bbox 1821 1757 2218 1818; x_wconf 76' lang='lat' dir='ltr'>contemnere</span> <span class='ocrx_word' id='word_1_97' title='bbox 2259 1753 2639 1826; x_wconf 87' lang='lat' dir='ltr'>debuerunt;</span> <span class='ocrx_word' id='word_1_98' title='bbox 2691 1750 2802 1816; x_wconf 88' lang='lat' dir='ltr'>sed</span> 
     </span>
     <span class='ocr_line' id='line_1_14' title="bbox 502 1857 2801 1938; baseline -0.001 -15"><span class='ocrx_word' id='word_1_99' title='bbox 502 1859 727 1924; x_wconf 82' lang='lat' dir='ltr'>talium</span> <span class='ocrx_word' id='word_1_100' title='bbox 777 1859 1133 1938; x_wconf 86' lang='lat' dir='ltr'>infirmitas,</span> <span class='ocrx_word' id='word_1_101' title='bbox 1185 1859 1380 1924; x_wconf 88' lang='lat' dir='ltr'>donec</span> <span class='ocrx_word' id='word_1_102' title='bbox 1429 1860 1593 1924; x_wconf 82' lang='lat' dir='ltr'>firmi</span> <span class='ocrx_word' id='word_1_103' title='bbox 1641 1859 2016 1938; x_wconf 87' lang='lat' dir='ltr'>efficiantur,</span> <span class='ocrx_word' id='word_1_104' title='bbox 2068 1857 2445 1924; x_wconf 88' lang='lat' dir='ltr'>sustinenda</span> <span class='ocrx_word' id='word_1_105' title='bbox 2499 1860 2619 1935; x_wconf 87' lang='lat' dir='ltr'>est,</span> <span class='ocrx_word' id='word_1_106' title='bbox 2679 1875 2801 1920; x_wconf 91' lang='lat' dir='ltr'>non</span> 
     </span>
     <span class='ocr_line' id='line_1_15' title="bbox 504 1963 2802 2050; baseline -0.001 -20"><span class='ocrx_word' id='word_1_107' title='bbox 504 1965 910 2049; x_wconf 85' lang='lat' dir='ltr'>desperanda.</span> <span class='ocrx_word' id='word_1_108' title='bbox 987 1985 1101 2030; x_wconf 88' lang='lat' dir='ltr'>nec</span> <span class='ocrx_word' id='word_1_109' title='bbox 1168 1966 1697 2044; x_wconf 84' lang='lat' dir='ltr'>obliuiscendum,</span> <span class='ocrx_word' id='word_1_110' title='bbox 1773 1967 1940 2049; x_wconf 90' lang='lat' dir='ltr'>quod</span> <span class='ocrx_word' id='word_1_111' title='bbox 2013 1967 2154 2050; x_wconf 88' lang='lat' dir='ltr'>ipse</span> <span class='ocrx_word' id='word_1_112' title='bbox 2227 1965 2521 2030; x_wconf 88' lang='lat' dir='ltr'>dominus</span> <span class='ocrx_word' id='word_1_113' title='bbox 2597 1963 2802 2028; x_wconf 86' lang='lat' dir='ltr'>adhuc</span> 
     </span>
     <span class='ocr_line' id='line_1_16' title="bbox 506 2069 2896 2156; baseline -0 -20"><span class='ocrx_word' id='word_1_114' title='bbox 506 2072 755 2136; x_wconf 90' lang='lat' dir='ltr'>infirmo</span> <span class='ocrx_word' id='word_1_115' title='bbox 792 2073 983 2138; x_wconf 90' lang='lat' dir='ltr'>Petro</span> <span class='ocrx_word' id='word_1_116' title='bbox 1024 2073 1142 2138; x_wconf 84' lang='lat' dir='ltr'>ait:</span> <span class='ocrx_word' id='word_1_117' title='bbox 1190 2073 1357 2138; x_wconf 89' lang='lat' dir='ltr'>Non</span> <span class='ocrx_word' id='word_1_118' title='bbox 1404 2077 1643 2156; x_wconf 92' lang='lat' dir='ltr'>potes</span> <span class='ocrx_word' id='word_1_119' title='bbox 1692 2091 1804 2136; x_wconf 91' lang='lat' dir='ltr'>me</span> <span class='ocrx_word' id='word_1_120' title='bbox 1855 2073 2086 2156; x_wconf 88' lang='lat' dir='ltr'>sequi</span> <span class='ocrx_word' id='word_1_121' title='bbox 2132 2072 2379 2146; x_wconf 90' lang='lat' dir='ltr'>modo,</span> <span class='ocrx_word' id='word_1_122' title='bbox 2431 2069 2803 2153; x_wconf 90' lang='lat' dir='ltr'>sequeris</span> <span class='ocrx_word' id='word_1_123' title='bbox 2843 2097 2896 2135; x_wconf 68' lang='grc' dir='ltr'>ιε</span> 
     </span>
     <span class='ocr_line' id='line_1_17' title="bbox 505 2175 2802 2262; baseline -0.001 -19"><span class='ocrx_word' id='word_1_124' title='bbox 505 2183 776 2244; x_wconf 87' lang='lat' dir='ltr'>autem</span> <span class='ocrx_word' id='word_1_125' title='bbox 848 2183 1161 2262; x_wconf 85' lang='lat' dir='ltr'>postea.</span> <span class='ocrx_word' id='word_1_126' title='bbox 1236 2199 1381 2244; x_wconf 91' lang='lat' dir='ltr'>cum</span> <span class='ocrx_word' id='word_1_127' title='bbox 1450 2199 1598 2246; x_wconf 89' lang='lat' dir='ltr'>uero</span> <span class='ocrx_word' id='word_1_128' title='bbox 1663 2181 1886 2244; x_wconf 83' lang='lat' dir='ltr'>terrori</span> <span class='ocrx_word' id='word_1_129' title='bbox 1949 2179 2097 2244; x_wconf 86' lang='lat' dir='ltr'>utili</span> <span class='ocrx_word' id='word_1_130' title='bbox 2161 2180 2446 2243; x_wconf 88' lang='lat' dir='ltr'>doctrina</span> <span class='ocrx_word' id='word_1_131' title='bbox 2507 2175 2802 2241; x_wconf 86' lang='lat' dir='ltr'>salutaris</span> 
     </span>
     <span class='ocr_line' id='line_1_18' title="bbox 505 2282 2804 2370; baseline -0.001 -22"><span class='ocrx_word' id='word_1_132' title='bbox 505 2285 892 2370; x_wconf 86' lang='lat' dir='ltr'>adiungitur,</span> <span class='ocrx_word' id='word_1_133' title='bbox 921 2290 999 2350; x_wconf 91' lang='lat' dir='ltr'>ut</span> <span class='ocrx_word' id='word_1_134' title='bbox 1034 2306 1157 2351; x_wconf 90' lang='lat' dir='ltr'>non</span> <span class='ocrx_word' id='word_1_135' title='bbox 1196 2287 1405 2352; x_wconf 90' lang='lat' dir='ltr'>solum</span> <span class='ocrx_word' id='word_1_136' title='bbox 1444 2287 1736 2352; x_wconf 85' lang='lat' dir='ltr'>tenebras</span> <span class='ocrx_word' id='word_1_137' title='bbox 1775 2286 2002 2352; x_wconf 86' lang='lat' dir='ltr'>erroris</span> <span class='ocrx_word' id='word_1_138' title='bbox 2039 2286 2144 2350; x_wconf 82' lang='lat' dir='ltr'>lux</span> <span class='ocrx_word' id='word_1_139' title='bbox 2183 2285 2472 2350; x_wconf 86' lang='lat' dir='ltr'>ueritatis</span> <span class='ocrx_word' id='word_1_140' title='bbox 2511 2282 2804 2366; x_wconf 84' lang='lat' dir='ltr'>expellat,</span> 
     </span>
     <span class='ocr_line' id='line_1_19' title="bbox 505 2390 2804 2460; baseline -0.002 -3"><span class='ocrx_word' id='word_1_141' title='bbox 505 2412 729 2457; x_wconf 85' lang='lat' dir='ltr'>uerum</span> <span class='ocrx_word' id='word_1_142' title='bbox 779 2393 968 2458; x_wconf 87' lang='lat' dir='ltr'>etiam</span> <span class='ocrx_word' id='word_1_143' title='bbox 1016 2393 1221 2458; x_wconf 87' lang='lat' dir='ltr'>malae</span> <span class='ocrx_word' id='word_1_144' title='bbox 1268 2393 1747 2460; x_wconf 87' lang='lat' dir='ltr'>consuetudinis</span> <span class='ocrx_word' id='word_1_145' title='bbox 1793 2393 2052 2458; x_wconf 87' lang='lat' dir='ltr'>uincula</span> <span class='ocrx_word' id='word_1_146' title='bbox 2103 2393 2206 2458; x_wconf 90' lang='lat' dir='ltr'>uis</span> <span class='ocrx_word' id='word_1_147' title='bbox 2253 2392 2502 2456; x_wconf 88' lang='lat' dir='ltr'>timoris</span> <span class='ocrx_word' id='word_1_148' title='bbox 2557 2390 2804 2454; x_wconf 87' lang='lat' dir='ltr'>abrum-</span> 
     </span>
     <span class='ocr_line' id='line_1_20' title="bbox 504 2496 2804 2581; baseline -0.002 -17"><span class='ocrx_word' id='word_1_149' title='bbox 504 2502 636 2581; x_wconf 88' lang='lat' dir='ltr'>pat,</span> <span class='ocrx_word' id='word_1_150' title='bbox 686 2499 762 2565; x_wconf 92' lang='lat' dir='ltr'>de</span> <span class='ocrx_word' id='word_1_151' title='bbox 808 2501 1180 2578; x_wconf 89' lang='lat' dir='ltr'>multorum,</span> <span class='ocrx_word' id='word_1_152' title='bbox 1232 2500 1403 2565; x_wconf 86' lang='lat' dir='ltr'>sicut</span> <span class='ocrx_word' id='word_1_153' title='bbox 1447 2501 1596 2578; x_wconf 82' lang='lat' dir='ltr'>dixi,</span> <span class='ocrx_word' id='word_1_154' title='bbox 1657 2501 1863 2565; x_wconf 87' lang='lat' dir='ltr'>salute</span> <span class='ocrx_word' id='word_1_155' title='bbox 1916 2500 2230 2564; x_wconf 88' lang='lat' dir='ltr'>laetamur</span> <span class='ocrx_word' id='word_1_156' title='bbox 2297 2496 2804 2564; x_wconf 87' lang='lat' dir='ltr'>benedicentium</span> 
     </span>
     <span class='ocr_line' id='line_1_21' title="bbox 504 2604 2898 2692; baseline 0 -20"><span class='ocrx_word' id='word_1_157' title='bbox 504 2607 837 2672; x_wconf 89' lang='lat' dir='ltr'>nobiscum</span> <span class='ocrx_word' id='word_1_158' title='bbox 906 2611 973 2671; x_wconf 89' lang='lat' dir='ltr'>et</span> <span class='ocrx_word' id='word_1_159' title='bbox 1036 2607 1274 2692; x_wconf 83' lang='lat' dir='ltr'>gratias</span> <span class='ocrx_word' id='word_1_160' title='bbox 1342 2608 1668 2690; x_wconf 84' lang='lat' dir='ltr'>agentium</span> <span class='ocrx_word' id='word_1_161' title='bbox 1735 2607 1874 2685; x_wconf 87' lang='lat' dir='ltr'>deo,</span> <span class='ocrx_word' id='word_1_162' title='bbox 1941 2607 2110 2690; x_wconf 91' lang='lat' dir='ltr'>quod</span> <span class='ocrx_word' id='word_1_163' title='bbox 2175 2625 2292 2671; x_wconf 86' lang='lat' dir='ltr'>sua</span> <span class='ocrx_word' id='word_1_164' title='bbox 2345 2604 2804 2687; x_wconf 86' lang='lat' dir='ltr'>pollicitatione</span> <span class='ocrx_word' id='word_1_165' title='bbox 2842 2633 2898 2672; x_wconf 83' lang='lat'>20</span> 
     </span>
     <span class='ocr_line' id='line_1_22' title="bbox 507 2711 2806 2798; baseline -0.003 -17"><span class='ocrx_word' id='word_1_166' title='bbox 507 2716 843 2796; x_wconf 73' lang='lat' dir='ltr'>completa,</span> <span class='ocrx_word' id='word_1_167' title='bbox 904 2733 1029 2797; x_wconf 87' lang='lat' dir='ltr'>qua</span> <span class='ocrx_word' id='word_1_168' title='bbox 1082 2733 1267 2798; x_wconf 88' lang='lat' dir='ltr'>reges</span> <span class='ocrx_word' id='word_1_169' title='bbox 1322 2718 1525 2779; x_wconf 87' lang='lat' dir='ltr'>terrae</span> <span class='ocrx_word' id='word_1_170' title='bbox 1576 2714 1828 2780; x_wconf 88' lang='lat' dir='ltr'>Christo</span> <span class='ocrx_word' id='word_1_171' title='bbox 1889 2714 2241 2778; x_wconf 91' lang='lat' dir='ltr'>seruituros</span> <span class='ocrx_word' id='word_1_172' title='bbox 2297 2731 2437 2777; x_wconf 85' lang='lat' dir='ltr'>esse</span> <span class='ocrx_word' id='word_1_173' title='bbox 2491 2711 2806 2796; x_wconf 86' lang='lat' dir='ltr'>promisit,</span> 
     </span>
     <span class='ocr_line' id='line_1_23' title="bbox 509 2820 2089 2898; baseline 0 -14"><span class='ocrx_word' id='word_1_174' title='bbox 509 2821 601 2884; x_wconf 89' lang='lat' dir='ltr'>sic</span> <span class='ocrx_word' id='word_1_175' title='bbox 652 2822 904 2885; x_wconf 89' lang='lat' dir='ltr'>curauit</span> <span class='ocrx_word' id='word_1_176' title='bbox 948 2821 1295 2898; x_wconf 87' lang='lat' dir='ltr'>morbidos,</span> <span class='ocrx_word' id='word_1_177' title='bbox 1346 2821 1439 2885; x_wconf 89' lang='lat' dir='ltr'>sic</span> <span class='ocrx_word' id='word_1_178' title='bbox 1486 2823 1741 2886; x_wconf 84' lang='lat' dir='ltr'>sanauit</span> <span class='ocrx_word' id='word_1_179' title='bbox 1783 2820 2089 2886; x_wconf 81' lang='lat' dir='ltr'>infirmos,</span> 
     </span>
    </p>

    <p class='ocr_par' dir='ltr' id='par_1_3' title="bbox 328 2925 2900 3447">
     <span class='ocr_line' id='line_1_24' title="bbox 328 2925 2806 3010; baseline -0.003 -14"><span class='ocrx_word' id='word_1_180' title='bbox 328 2935 391 2998; x_wconf 90' lang='lat' dir='ltr'>II</span> <span class='ocrx_word' id='word_1_181' title='bbox 439 2933 481 2996; x_wconf 88' lang='grc'>4</span> <span class='ocrx_word' id='word_1_182' title='bbox 598 2927 740 2991; x_wconf 91' lang='lat' dir='ltr'>Non</span> <span class='ocrx_word' id='word_1_183' title='bbox 791 2927 1017 3005; x_wconf 89' lang='lat' dir='ltr'>omnis,</span> <span class='ocrx_word' id='word_1_184' title='bbox 1068 2926 1179 3010; x_wconf 87' lang='lat' dir='ltr'>qui</span> <span class='ocrx_word' id='word_1_185' title='bbox 1222 2927 1448 3010; x_wconf 85' lang='lat' dir='ltr'>parcit,</span> <span class='ocrx_word' id='word_1_186' title='bbox 1497 2926 1741 2991; x_wconf 89' lang='lat' dir='ltr'>amicus</span> <span class='ocrx_word' id='word_1_187' title='bbox 1792 2931 2040 2992; x_wconf 89' lang='lat' dir='ltr'>estnec</span> <span class='ocrx_word' id='word_1_188' title='bbox 2080 2926 2308 3004; x_wconf 77' lang='lat' dir='ltr'>omme,</span> <span class='ocrx_word' id='word_1_189' title='bbox 2347 2925 2458 3008; x_wconf 88' lang='lat' dir='ltr'>qui</span> <span class='ocrx_word' id='word_1_190' title='bbox 2493 2925 2806 3001; x_wconf 88' lang='lat' dir='ltr'>uerberat,</span> 
     </span>
     <span class='ocr_line' id='line_1_25' title="bbox 507 3032 2804 3115; baseline -0 -18"><span class='ocrx_word' id='word_1_191' title='bbox 507 3033 829 3098; x_wconf 89' lang='lat' dir='ltr'>inimicus.</span> <span class='ocrx_word' id='word_1_192' title='bbox 894 3034 1241 3099; x_wconf 88' lang='lat' dir='ltr'>meliora</span> <span class='ocrx_word' id='word_1_193' title='bbox 1306 3037 1499 3099; x_wconf 87' lang='lat' dir='ltr'>sunt</span> <span class='ocrx_word' id='word_1_194' title='bbox 1563 3033 1906 3098; x_wconf 85' lang='lat' dir='ltr'>uulnera</span> <span class='ocrx_word' id='word_1_195' title='bbox 1963 3032 2204 3098; x_wconf 88' lang='lat' dir='ltr'>amici</span> <span class='ocrx_word' id='word_1_196' title='bbox 2252 3051 2481 3115; x_wconf 89' lang='lat' dir='ltr'>quam</span> <span class='ocrx_word' id='word_1_197' title='bbox 2529 3033 2804 3096; x_wconf 89' lang='lat' dir='ltr'>uolun-</span> 
     </span>
     <span class='ocr_line' id='line_1_26' title="bbox 512 3138 2900 3222; baseline -0 -18"><span class='ocrx_word' id='word_1_198' title='bbox 512 3141 724 3204; x_wconf 84' lang='lat' dir='ltr'>taria</span> <span class='ocrx_word' id='word_1_199' title='bbox 792 3142 1077 3204; x_wconf 85' lang='lat' dir='ltr'>oscula</span> <span class='ocrx_word' id='word_1_200' title='bbox 1133 3140 1471 3206; x_wconf 89' lang='lat' dir='ltr'>inimici.</span> <span class='ocrx_word' id='word_1_201' title='bbox 1539 3140 1772 3204; x_wconf 92' lang='lat' dir='ltr'>melius</span> <span class='ocrx_word' id='word_1_202' title='bbox 1821 3143 1921 3205; x_wconf 90' lang='lat' dir='ltr'>est</span> <span class='ocrx_word' id='word_1_203' title='bbox 1967 3159 2109 3204; x_wconf 86' lang='lat' dir='ltr'>cum</span> <span class='ocrx_word' id='word_1_204' title='bbox 2159 3139 2500 3204; x_wconf 88' lang='lat' dir='ltr'>seueritate</span> <span class='ocrx_word' id='word_1_205' title='bbox 2547 3138 2808 3222; x_wconf 88' lang='lat' dir='ltr'>diligere</span> <span class='ocrx_word' id='word_1_206' title='bbox 2847 3171 2900 3211; x_wconf 75' lang='lat'>25</span> 
     </span>
     <span class='ocr_line' id='line_1_27' title="bbox 513 3246 2808 3330; baseline -0.001 -20"><span class='ocrx_word' id='word_1_207' title='bbox 513 3265 701 3328; x_wconf 88' lang='lat' dir='ltr'>quam</span> <span class='ocrx_word' id='word_1_208' title='bbox 769 3265 912 3311; x_wconf 88' lang='lat' dir='ltr'>cum</span> <span class='ocrx_word' id='word_1_209' title='bbox 979 3247 1243 3312; x_wconf 86' lang='lat' dir='ltr'>lenitate</span> <span class='ocrx_word' id='word_1_210' title='bbox 1300 3246 1610 3330; x_wconf 89' lang='lat' dir='ltr'>decipere.</span> <span class='ocrx_word' id='word_1_211' title='bbox 1673 3247 1903 3311; x_wconf 91' lang='lat' dir='ltr'>utilius</span> <span class='ocrx_word' id='word_1_212' title='bbox 1966 3246 2270 3312; x_wconf 87' lang='lat' dir='ltr'>esurienti</span> <span class='ocrx_word' id='word_1_213' title='bbox 2313 3246 2495 3327; x_wconf 86' lang='lat' dir='ltr'>panis</span> <span class='ocrx_word' id='word_1_214' title='bbox 2539 3246 2808 3322; x_wconf 83' lang='lat' dir='ltr'>tollitur,</span> 
     </span>
     <span class='ocr_line' id='line_1_28' title="bbox 514 3352 2810 3447; baseline -0.001 -30"><span class='ocrx_word' id='word_1_215' title='bbox 514 3352 569 3417; x_wconf 91' lang='lat' dir='ltr'>si</span> <span class='ocrx_word' id='word_1_216' title='bbox 618 3354 695 3417; x_wconf 90' lang='lat' dir='ltr'>de</span> <span class='ocrx_word' id='word_1_217' title='bbox 743 3353 883 3418; x_wconf 88' lang='lat' dir='ltr'>cibo</span> <span class='ocrx_word' id='word_1_218' title='bbox 934 3372 1195 3418; x_wconf 85' lang='lat' dir='ltr'>securus</span> <span class='ocrx_word' id='word_1_219' title='bbox 1244 3354 1555 3418; x_wconf 86' lang='lat' dir='ltr'>iustitiam</span> <span class='ocrx_word' id='word_1_220' title='bbox 1606 3352 2001 3438; x_wconf 85' lang='lat' dir='ltr'>neglegebat,</span> <span class='ocrx_word' id='word_1_221' title='bbox 2052 3372 2243 3447; x_wconf 85' lang='lat' dir='ltr'>quam</span> <span class='ocrx_word' id='word_1_222' title='bbox 2291 3353 2594 3418; x_wconf 76' lang='lat' dir='ltr'>esurienti</span> <span class='ocrx_word' id='word_1_223' title='bbox 2631 3353 2810 3436; x_wconf 83' lang='lat' dir='ltr'>panis</span> 
     </span>
    </p>
   </div>
   <div class='ocr_carea' id='block_1_3' title="bbox 698 3543 2808 3609">
    <p class='ocr_par' dir='ltr' id='par_1_4' title="bbox 698 3543 2808 3609">
     <span class='ocr_line' id='line_1_29' title="bbox 698 3543 2808 3609; baseline 0 -12"><span class='ocrx_word' id='word_1_224' title='bbox 698 3546 721 3597; x_wconf 93' lang='lat' dir='ltr'>l</span> <span class='ocrx_word' id='word_1_225' title='bbox 764 3543 913 3597; x_wconf 86' lang='lat' dir='ltr'>Hier.</span> <span class='ocrx_word' id='word_1_226' title='bbox 954 3545 1003 3608; x_wconf 85' lang='lat'>2,</span> <span class='ocrx_word' id='word_1_227' title='bbox 1044 3544 1113 3598; x_wconf 87' lang='grc'>30</span> <span class='ocrx_word' id='word_1_228' title='bbox 1226 3545 1291 3598; x_wconf 83' lang='lat'>15</span> <span class='ocrx_word' id='word_1_229' title='bbox 1327 3543 1444 3600; x_wconf 92' lang='lat' dir='ltr'>Ioh.</span> <span class='ocrx_word' id='word_1_230' title='bbox 1486 3545 1570 3608; x_wconf 88' lang='grc'>13,</span> <span class='ocrx_word' id='word_1_231' title='bbox 1611 3545 1680 3598; x_wconf 86' lang='grc'>36</span> <span class='ocrx_word' id='word_1_232' title='bbox 1791 3545 1860 3598; x_wconf 90' lang='grc'>20</span> <span class='ocrx_word' id='word_1_233' title='bbox 1897 3544 2038 3598; x_wconf 87' lang='lat' dir='ltr'>Dan.</span> <span class='ocrx_word' id='word_1_234' title='bbox 2079 3546 2128 3609; x_wconf 84' lang='lat'>7,</span> <span class='ocrx_word' id='word_1_235' title='bbox 2167 3545 2236 3598; x_wconf 82' lang='lat'>27</span> <span class='ocrx_word' id='word_1_236' title='bbox 2345 3546 2415 3598; x_wconf 84' lang='lat'>24</span> <span class='ocrx_word' id='word_1_237' title='bbox 2451 3544 2612 3600; x_wconf 83' lang='lat' dir='ltr'>Pron.</span> <span class='ocrx_word' id='word_1_238' title='bbox 2652 3544 2736 3605; x_wconf 88' lang='grc'>27,</span> <span class='ocrx_word' id='word_1_239' title='bbox 2775 3545 2808 3598; x_wconf 88' lang='lat'>6</span> 
     </span>
    </p>
   </div>
   <div class='ocr_carea' id='block_1_4' title="bbox 514 3666 2818 4360">
    <p class='ocr_par' dir='ltr' id='par_1_5' title="bbox 514 3666 2818 4360">
     <span class='ocr_line' id='line_1_30' title="bbox 583 3666 2812 3738; baseline 0 -18"><span class='ocrx_word' id='word_1_240' title='bbox 583 3669 619 3720; x_wconf 82' lang='lat'>4</span> <span class='ocrx_word' id='word_1_241' title='bbox 655 3673 705 3720; x_wconf 79' lang='lat' dir='ltr'>et</span> <span class='ocrx_word' id='word_1_242' title='bbox 744 3669 776 3720; x_wconf 87' lang='lat'>6</span> <span class='ocrx_word' id='word_1_243' title='bbox 814 3671 1100 3730; x_wconf 85' lang='lat' dir='ltr'>terrentur,</span> <span class='ocrx_word' id='word_1_244' title='bbox 1141 3684 1296 3731; x_wconf 66' lang='lat' dir='ltr'>corr„</span> <span class='ocrx_word' id='word_1_245' title='bbox 1336 3685 1400 3720; x_wconf 83' lang='lat' dir='ltr'>m.</span> <span class='ocrx_word' id='word_1_246' title='bbox 1424 3673 1453 3720; x_wconf 89' lang='lat'><em>1</em></span> <span class='ocrx_word' id='word_1_247' title='bbox 1490 3671 1825 3721; x_wconf 86' lang='lat' dir='ltr'>terrerentur</span> <span class='ocrx_word' id='word_1_248' title='bbox 1861 3669 1930 3721; x_wconf 84' lang='lat' dir='ltr'><em>M</em></span> <span class='ocrx_word' id='word_1_249' title='bbox 2097 3669 2130 3722; x_wconf 92' lang='grc'>6</span> <span class='ocrx_word' id='word_1_250' title='bbox 2169 3666 2522 3738; x_wconf 71' lang='lat' dir='ltr'>obdurarent}</span> <span class='ocrx_word' id='word_1_251' title='bbox 2554 3667 2624 3721; x_wconf 88' lang='lat' dir='ltr'>ad</span> <span class='ocrx_word' id='word_1_252' title='bbox 2661 3669 2750 3736; x_wconf 85' lang='lat' dir='ltr'>(m.</span> <span class='ocrx_word' id='word_1_253' title='bbox 2773 3671 2812 3720; x_wconf 83' lang='lat'><strong><em>2</em></strong></span> 
     </span>
     <span class='ocr_line' id='line_1_31' title="bbox 515 3755 2810 3828; baseline 0.001 -20"><span class='ocrx_word' id='word_1_254' title='bbox 515 3761 647 3810; x_wconf 80' lang='lat' dir='ltr'>ante</span> <span class='ocrx_word' id='word_1_255' title='bbox 682 3755 750 3810; x_wconf 86' lang='lat' dir='ltr'>ad</span> <span class='ocrx_word' id='word_1_256' title='bbox 790 3756 922 3810; x_wconf 81' lang='lat' dir='ltr'>add.</span> <span class='ocrx_word' id='word_1_257' title='bbox 962 3761 1037 3824; x_wconf 86' lang='lat' dir='ltr'>et)</span> <span class='ocrx_word' id='word_1_258' title='bbox 1078 3757 1133 3810; x_wconf 93' lang='lat' dir='ltr'><em>P</em></span> <span class='ocrx_word' id='word_1_259' title='bbox 1237 3756 1627 3828; x_wconf 83' lang='lat' dir='ltr'>capescendam</span> <span class='ocrx_word' id='word_1_260' title='bbox 1663 3756 1738 3810; x_wconf 84' lang='lat' dir='ltr'><strong><em>M</em></strong></span> <span class='ocrx_word' id='word_1_261' title='bbox 1771 3761 1918 3823; x_wconf 75' lang='lat' dir='ltr'>(vn-,2</span> <span class='ocrx_word' id='word_1_262' title='bbox 1955 3758 2366 3828; x_wconf 85' lang='lat' dir='ltr'>capessandam)</span> <span class='ocrx_word' id='word_1_263' title='bbox 2404 3757 2516 3810; x_wconf 87' lang='lat' dir='ltr'>AL</span> <span class='ocrx_word' id='word_1_264' title='bbox 2613 3758 2646 3811; x_wconf 83' lang='lat'><em>8</em></span> <span class='ocrx_word' id='word_1_265' title='bbox 2677 3773 2810 3826; x_wconf 87' lang='lat' dir='ltr'>quos</span> 
     </span>
     <span class='ocr_line' id='line_1_32' title="bbox 514 3845 2818 3916; baseline 0.001 -18"><span class='ocrx_word' id='word_1_266' title='bbox 514 3845 567 3898; x_wconf 90' lang='lat' dir='ltr'><strong><em>L</em></strong></span> <span class='ocrx_word' id='word_1_267' title='bbox 604 3845 723 3901; x_wconf 78' lang='lat' dir='ltr'>edd.</span> <span class='ocrx_word' id='word_1_268' title='bbox 824 3847 857 3898; x_wconf 88' lang='grc'>9</span> <span class='ocrx_word' id='word_1_269' title='bbox 896 3845 1117 3915; x_wconf 87' lang='lat' dir='ltr'>diuinis]</span> <span class='ocrx_word' id='word_1_270' title='bbox 1161 3863 1222 3901; x_wconf 85' lang='lat' dir='ltr'>ex</span> <span class='ocrx_word' id='word_1_271' title='bbox 1260 3846 1459 3901; x_wconf 87' lang='lat' dir='ltr'>diuinis</span> <span class='ocrx_word' id='word_1_272' title='bbox 1486 3847 1539 3899; x_wconf 90' lang='lat' dir='ltr'><em>L</em></span> <span class='ocrx_word' id='word_1_273' title='bbox 1683 3847 1917 3900; x_wconf 81' lang='lat' dir='ltr'>ueritate</span> <span class='ocrx_word' id='word_1_274' title='bbox 1947 3847 2000 3899; x_wconf 88' lang='lat' dir='ltr'><strong><em>A</em></strong></span> <span class='ocrx_word' id='word_1_275' title='bbox 2145 3863 2338 3916; x_wconf 85' lang='lat' dir='ltr'>cupere</span> <span class='ocrx_word' id='word_1_276' title='bbox 2375 3846 2457 3915; x_wconf 85' lang='lat' dir='ltr'>se]</span> <span class='ocrx_word' id='word_1_277' title='bbox 2495 3863 2718 3916; x_wconf 86' lang='lat' dir='ltr'>cuperes</span> <span class='ocrx_word' id='word_1_278' title='bbox 2743 3845 2818 3900; x_wconf 79' lang='lat' dir='ltr'><strong><em>M</em></strong></span> 
     </span>
     <span class='ocr_line' id='line_1_33' title="bbox 519 3935 2811 4006; baseline -0 -19"><span class='ocrx_word' id='word_1_279' title='bbox 519 3937 565 4000; x_wconf 83' lang='lat' dir='ltr'>(s</span> <span class='ocrx_word' id='word_1_280' title='bbox 603 3951 741 3988; x_wconf 79' lang='lat' dir='ltr'>eras.</span> <span class='ocrx_word' id='word_1_281' title='bbox 778 3939 899 3988; x_wconf 83' lang='lat' dir='ltr'>m.1</span> <span class='ocrx_word' id='word_1_282' title='bbox 934 3951 1109 4003; x_wconf 77' lang='lat' dir='ltr'>supra</span> <span class='ocrx_word' id='word_1_283' title='bbox 1150 3937 1279 3990; x_wconf 80' lang='lat' dir='ltr'>add.</span> <span class='ocrx_word' id='word_1_284' title='bbox 1320 3941 1397 4004; x_wconf 87' lang='lat' dir='ltr'>se)</span> <span class='ocrx_word' id='word_1_285' title='bbox 1440 3937 1493 3989; x_wconf 88' lang='lat' dir='ltr'><strong><em>A</em></strong></span> <span class='ocrx_word' id='word_1_286' title='bbox 1586 3937 1652 3989; x_wconf 89' lang='lat'>10</span> <span class='ocrx_word' id='word_1_287' title='bbox 1692 3937 1811 4006; x_wconf 87' lang='lat' dir='ltr'>sed]</span> <span class='ocrx_word' id='word_1_288' title='bbox 1851 3935 1948 3990; x_wconf 85' lang='lat' dir='ltr'>sed</span> <span class='ocrx_word' id='word_1_289' title='bbox 1985 3941 2041 3990; x_wconf 89' lang='lat' dir='ltr'>et</span> <span class='ocrx_word' id='word_1_290' title='bbox 2082 3939 2162 4002; x_wconf 90' lang='lat' dir='ltr'>(et</span> <span class='ocrx_word' id='word_1_291' title='bbox 2197 3940 2339 4004; x_wconf 75' lang='lat' dir='ltr'>exp.)</span> <span class='ocrx_word' id='word_1_292' title='bbox 2379 3935 2435 3988; x_wconf 89' lang='lat' dir='ltr'><em>P</em></span> <span class='ocrx_word' id='word_1_293' title='bbox 2539 3936 2811 3995; x_wconf 79' lang='lat' dir='ltr'>uoluntas,</span> 
     </span>
     <span class='ocr_line' id='line_1_34' title="bbox 514 4022 2818 4094; baseline 0 -16"><span class='ocrx_word' id='word_1_294' title='bbox 514 4041 582 4078; x_wconf 83' lang='lat' dir='ltr'>m.</span> <span class='ocrx_word' id='word_1_295' title='bbox 605 4028 645 4076; x_wconf 73' lang='lat'><strong><em>2</em></strong></span> <span class='ocrx_word' id='word_1_296' title='bbox 680 4022 951 4078; x_wconf 85' lang='lat' dir='ltr'>uiolentas</span> <span class='ocrx_word' id='word_1_297' title='bbox 987 4023 1061 4077; x_wconf 83' lang='lat' dir='ltr'><em>M</em></span> <span class='ocrx_word' id='word_1_298' title='bbox 1150 4025 1215 4078; x_wconf 92' lang='grc'>12</span> <span class='ocrx_word' id='word_1_299' title='bbox 1254 4025 1557 4078; x_wconf 86' lang='lat' dir='ltr'>debuerant</span> <span class='ocrx_word' id='word_1_300' title='bbox 1590 4025 1647 4080; x_wconf 79' lang='lat' dir='ltr'><em>R</em></span> <span class='ocrx_word' id='word_1_301' title='bbox 1742 4025 1806 4078; x_wconf 84' lang='lat'>14</span> <span class='ocrx_word' id='word_1_302' title='bbox 1836 4024 2177 4094; x_wconf 85' lang='lat' dir='ltr'>disperanda,</span> <span class='ocrx_word' id='word_1_303' title='bbox 2213 4027 2346 4078; x_wconf 82' lang='lat' dir='ltr'>m.2</span> <span class='ocrx_word' id='word_1_304' title='bbox 2382 4023 2718 4094; x_wconf 85' lang='lat' dir='ltr'>desperanda</span> <span class='ocrx_word' id='word_1_305' title='bbox 2743 4025 2818 4078; x_wconf 82' lang='lat' dir='ltr'><strong><em>M</em></strong></span> 
     </span>
     <span class='ocr_line' id='line_1_35' title="bbox 520 4111 2818 4184; baseline 0.001 -20"><span class='ocrx_word' id='word_1_306' title='bbox 520 4113 584 4166; x_wconf 85' lang='lat'>15</span> <span class='ocrx_word' id='word_1_307' title='bbox 621 4111 780 4165; x_wconf 90' lang='lat' dir='ltr'>modo</span> <span class='ocrx_word' id='word_1_308' title='bbox 818 4113 973 4181; x_wconf 88' lang='lat' dir='ltr'>sequi</span> <span class='ocrx_word' id='word_1_309' title='bbox 1011 4113 1131 4166; x_wconf 81' lang='lat' dir='ltr'>edd.</span> <span class='ocrx_word' id='word_1_310' title='bbox 1168 4129 1268 4169; x_wconf 75' lang='lat' dir='ltr'>sec.</span> <span class='ocrx_word' id='word_1_311' title='bbox 1316 4113 1469 4182; x_wconf 61' lang='grc' dir='ltr'><strong><em>ναῖς.</em></strong></span> <span class='ocrx_word' id='word_1_312' title='bbox 1587 4114 1650 4168; x_wconf 94' lang='grc'>17</span> <span class='ocrx_word' id='word_1_313' title='bbox 1691 4113 1913 4184; x_wconf 85' lang='lat' dir='ltr'>expellit</span> <span class='ocrx_word' id='word_1_314' title='bbox 1948 4115 2000 4166; x_wconf 86' lang='lat' dir='ltr'><strong><em>A</em></strong></span> <span class='ocrx_word' id='word_1_315' title='bbox 2133 4115 2199 4167; x_wconf 89' lang='grc'>19</span> <span class='ocrx_word' id='word_1_316' title='bbox 2237 4113 2413 4167; x_wconf 87' lang='lat' dir='ltr'>salute</span> <span class='ocrx_word' id='word_1_317' title='bbox 2451 4112 2562 4167; x_wconf 81' lang='lat' dir='ltr'>dixi</span> <span class='ocrx_word' id='word_1_318' title='bbox 2587 4113 2818 4182; x_wconf 75' lang='lat' dir='ltr'>punctis</span> 
     </span>
     <span class='ocr_line' id='line_1_36' title="bbox 517 4199 2818 4268; baseline 0.001 -15"><span class='ocrx_word' id='word_1_319' title='bbox 517 4215 655 4254; x_wconf 80' lang='lat' dir='ltr'>corr.</span> <span class='ocrx_word' id='word_1_320' title='bbox 695 4199 767 4253; x_wconf 83' lang='lat' dir='ltr'><strong><em>M</em></strong></span> <span class='ocrx_word' id='word_1_321' title='bbox 978 4202 1243 4256; x_wconf 84' lang='lat' dir='ltr'>laetamus</span> <span class='ocrx_word' id='word_1_322' title='bbox 1280 4201 1335 4256; x_wconf 93' lang='lat' dir='ltr'><strong><em>A</em></strong></span> <span class='ocrx_word' id='word_1_323' title='bbox 1516 4205 1585 4256; x_wconf 86' lang='lat'>24</span> <span class='ocrx_word' id='word_1_324' title='bbox 1637 4203 1837 4267; x_wconf 68' lang='lat' dir='ltr'>{amici</span> <span class='ocrx_word' id='word_1_325' title='bbox 1887 4205 1944 4268; x_wconf 88' lang='lat' dir='ltr'>(a</span> <span class='ocrx_word' id='word_1_326' title='bbox 1985 4203 2049 4256; x_wconf 77' lang='lat' dir='ltr'>in</span> <span class='ocrx_word' id='word_1_327' title='bbox 2097 4219 2210 4258; x_wconf 72' lang='lat' dir='ltr'>ras.</span> <span class='ocrx_word' id='word_1_328' title='bbox 2259 4206 2410 4256; x_wconf 79' lang='lat'>2—3</span> <span class='ocrx_word' id='word_1_329' title='bbox 2455 4203 2491 4258; x_wconf 85' lang='lat'>1.</span> <span class='ocrx_word' id='word_1_330' title='bbox 2540 4219 2608 4256; x_wconf 85' lang='lat' dir='ltr'>m.</span> <span class='ocrx_word' id='word_1_331' title='bbox 2641 4206 2696 4268; x_wconf 74' lang='lat'>1)</span> <span class='ocrx_word' id='word_1_332' title='bbox 2743 4199 2818 4256; x_wconf 78' lang='lat' dir='ltr'><strong><em>M</em></strong></span> 
     </span>
     <span class='ocr_line' id='line_1_37' title="bbox 518 4287 2570 4360; baseline 0.004 -21"><span class='ocrx_word' id='word_1_333' title='bbox 518 4288 585 4340; x_wconf 87' lang='grc'>27</span> <span class='ocrx_word' id='word_1_334' title='bbox 624 4287 965 4356; x_wconf 85' lang='lat' dir='ltr'>neglebatur‚</span> <span class='ocrx_word' id='word_1_335' title='bbox 1002 4307 1069 4342; x_wconf 86' lang='lat' dir='ltr'>m.</span> <span class='ocrx_word' id='word_1_336' title='bbox 1096 4295 1133 4342; x_wconf 72' lang='grc'>,2</span> <span class='ocrx_word' id='word_1_337' title='bbox 1170 4291 1556 4359; x_wconf 83' lang='lat' dir='ltr'>negligebatur</span> <span class='ocrx_word' id='word_1_338' title='bbox 1592 4293 1647 4344; x_wconf 80' lang='lat' dir='ltr'><strong><em>A</em></strong></span> <span class='ocrx_word' id='word_1_339' title='bbox 1685 4291 1946 4360; x_wconf 85' lang='lat' dir='ltr'>neglegat</span> <span class='ocrx_word' id='word_1_340' title='bbox 1983 4291 2076 4345; x_wconf 71' lang='lat'>121</span> <span class='ocrx_word' id='word_1_341' title='bbox 2096 4308 2196 4346; x_wconf 85' lang='lat' dir='ltr'>rm</span> <span class='ocrx_word' id='word_1_342' title='bbox 2559 4297 2570 4309; x_wconf 91' lang='lat'>&#39;</span> 
     </span>
    </p>
   </div>
  </div>
 </body>
</html>
