3184 4959
1179 430 1713 499 epistularum
1768 428 1966 486 XLIII.
2635 431 2718 496 93

424 625 599 708 quod
655 625 1004 690 uerisimile
1051 646 1169 690 non
1229 644 1368 690 esse
1425 624 1681 707 quidam
1737 627 2025 690 uestrum
2082 625 2394 700 dicebant,
2451 627 2545 702 ut,
2612 623 2721 706 qui

425 735 646 796 essent
711 733 787 797 de
853 751 972 797 sua
1025 732 1362 796 traditione
1421 731 1695 796 confessi
1752 751 2133 814 causamque
2191 750 2371 796 suam
2428 731 2719 814 impetra·

423 839 682 904 uissent
754 839 868 904 deo
945 839 1183 904 dimitti
1257 843 1564 921 oportere,
1638 839 1805 904 idem
1877 839 2122 904 iudices
2197 839 2721 920 damnatoresque

421 951 758 1028 tamquam
829 945 1206 1011 traditorum
1280 946 1640 1010 absentium
1708 948 1933 1028 postea
1996 945 2451 1010 consedissent.
2518 944 2722 1026 magis

361 1075 390 1117 5
430 1053 598 1117 enim
649 1052 918 1136 amplexi
967 1056 1118 1116 sunt
1163 1053 1582 1130 occasionem,
1631 1071 1756 1135 qua
1798 1055 2065 1133 possent
2108 1052 2267 1116 alios
2312 1052 2474 1116 falsa
2518 1051 2724 1115 crimi-

425 1160 684 1224 natione
758 1159 1132 1242 perfundere
1209 1162 1272 1224 et
1345 1178 1683 1224 conuersas
1757 1159 1821 1223 in
1898 1178 2005 1224 eos
2077 1159 2331 1242 linguas
2395 1157 2723 1223 hominum

423 1265 841 1347 inquisitione
899 1265 1234 1330 criminum
1291 1285 1550 1330 suorum
1618 1266 1739 1330 hoc
1783 1265 1971 1330 modo
2020 1265 2356 1330 declinare.
2422 1264 2721 1346 alioquin,

427 1373 487 1436 si
549 1372 684 1437 fieri
733 1393 852 1438 non
900 1376 1141 1455 posset,
1189 1377 1264 1436 ut
1309 1373 1582 1455 quisque
1628 1373 1815 1450 mala,
1865 1392 2023 1455 quae
2076 1372 2217 1455 ipse
2275 1371 2721 1448 committeret,

427 1480 492 1543 in
551 1481 676 1544 alio
733 1478 1061 1556 iudicaret,
1121 1499 1242 1544 non
1311 1479 1547 1544 diceret
1612 1479 1991 1562 quibusdam
2056 1478 2297 1544 Paulus
2365 1477 2721 1562 apostolus:

331 1611 388 1649 10
429 1586 886 1668 Propterea
952 1585 1564 1650 inexcusabilis
1626 1605 1739 1664 ea,
1784 1605 1817 1650 ο
1878 1586 2131 1662 horno,
2191 1585 2325 1667 qui
2380 1584 2722 1649 indicae.

433 1694 510 1756 in
569 1711 719 1774 quo
781 1693 985 1758 enim
1045 1693 1292 1757 alium
1347 1693 1691 1772 iudicaS‚
1748 1696 2005 1757 temet
2060 1693 2324 1775 ipsum
2373 1692 2723 1756 condem-

429 1818 604 1875 nas;
657 1798 930 1863 eadem
979 1799 1182 1862 enim
1231 1798 1427 1883 agis,
1480 1818 1679 1882 quae
1726 1799 2072 1864 iudicas.
2123 1799 2292 1881 quod
2337 1798 2434 1863 illi
2472 1796 2723 1862 omnino

430 1907 738 1983 fecerunt,
806 1911 880 1970 ut
943 1905 1098 1970 haec
1161 1906 1356 1970 uerba
1420 1907 1772 1988 apostolica
1834 1907 2079 1990 integre
2142 1906 2205 1969 in
2274 1925 2380 1970 eos
2456 1909 2725 1988 apteque

435 2013 836 2078 conueniant.

213 2129 394 2192 111⁵
519 2119 662 2184 Non
742 2138 890 2204 ergo
966 2123 1120 2184 tunc
1195 2119 1546 2194 Secundus,
1634 2119 1881 2203 quando
1965 2139 2181 2185 eorum
2267 2119 2527 2184 crimina
2610 2118 2725 2196 deo

435 2225 700 2308 dimisit,
757 2226 900 2308 paci
959 2228 1312 2308 unitatique
1369 2229 1717 2302 consuluit;
1776 2227 2055 2310 alioquin
2112 2228 2318 2311 magis
2375 2227 2493 2290 hoc
2560 2224 2727 2308 apud

438 2331 883 2416 Carthaginem
939 2333 1322 2417 prouideret,
1371 2354 1446 2398 ne
1503 2334 1781 2399 schisma
1825 2334 2022 2410 fieret,
2072 2334 2183 2398 ubi
2230 2333 2443 2397 nullus
2490 2330 2726 2408 aderat,

437 2438 539 2502 cui
595 2439 886 2504 confesso
945 2440 1176 2505 crimen
1235 2441 1464 2506 donare
1522 2445 1872 2525 cogeretur,
1932 2441 2063 2518 sed,
2112 2440 2280 2523 quod
2329 2443 2463 2504 erat
2506 2438 2728 2502 facilli-

435 2564 634 2623 mum,
703 2549 840 2611 tota
906 2547 1305 2613 conseruatio
1368 2549 1546 2630 pacis
1614 2552 1785 2614 esset
1841 2548 2133 2612 absentes
2190 2548 2356 2611 nolle
2413 2546 2725 2612 damnare.

344 2681 398 2720 20
432 2650 654 2734 itaque
708 2653 1004 2718 iniuriam
1061 2654 1339 2719 facerent
1391 2655 1858 2732 innocentibuS,
1916 2654 2105 2718 etiam
2164 2653 2218 2718 si
2275 2654 2365 2718 eis
2414 2672 2535 2716 non
2584 2671 2726 2716 con·

435 2758 626 2822 uictis
682 2780 886 2843 neque
945 2761 1252 2826 confessis
1309 2780 1512 2844 neque
1578 2761 1829 2826 omnino
1895 2759 2333 2844 praesentibus
2398 2759 2725 2843 ignoscere

435 2865 814 2930 uoluissent:
861 2867 974 2932 ille
1022 2869 1254 2950 quippe
1303 2869 1536 2950 accipit
1580 2869 1855 2946 ueniam,
1904 2868 2087 2933 cuius
2138 2868 2325 2950 culpa
2375 2866 2727 2931 certissima

435 2975 553 3036 est.
621 2977 854 3055 quanto
913 2993 1062 3058 ergo
1117 2974 1521 3040 immaniores
1580 2979 1647 3038 et
1700 2975 2013 3040 caeciores
2059 2976 2336 3052 fuerunt,
2384 2973 2493 3057 qui
2540 2993 2613 3038 ea
2660 2993 2727 3037 se

433 3082 824 3161 putauerunt
875 3099 1068 3163 posse
1125 3081 1437 3160 damnare,
1496 3101 1656 3165 quae
1714 3083 2037 3166 incognita
2089 3087 2204 3146 nec
2260 3082 2487 3147 donare
2542 3084 2727 3163 potu-

339 3219 396 3258 25
432 3187 662 3252 issen't!
740 3189 852 3252 sed
918 3189 1055 3253 illic
1120 3190 1374 3273 cognita
1437 3189 1703 3254 dimissa
1767 3193 1921 3254 sunt
1975 3189 2114 3266 deo,
2162 3207 2243 3252 ne
2294 3189 2419 3253 alia
2474 3206 2726 3270 quaere-

433 3297 678 3361 rentur:
739 3295 842 3360 hic
897 3295 1216 3379 incognita
1275 3295 1568 3360 damnata
1626 3299 1795 3370 sunt,
1852 3299 1927 3359 ut
1988 3295 2103 3359 illa
2163 3297 2549 3378 tegerentur.
2616 3293 2727 3358 sed

619 3537 684 3592 10
723 3538 873 3592 Rom.
915 3539 962 3602 2,
1007 3541 1031 3592 1

505 3715 540 3769 3
579 3717 871 3783 oporteret,
910 3731 1047 3768 corr.
1085 3731 1154 3768 m.
1176 3719 1204 3767 1
1242 3718 1490 3784 oportere
1527 3715 1603 3768 M
1721 3714 1884 3768 iidem
1924 3713 2045 3770 edd.
2080 3721 2361 3783 praetera
2470 3713 2726 3783 dampna-

433 3809 580 3858 tores
620 3820 758 3873 quae
793 3804 925 3858 ΜΓ
955 3807 1148 3871 (postr.
1189 3822 1220 3858 a
1258 3810 1400 3873 αφ.)
1450 3803 1831 3874 dampnatores
1878 3805 1971 3874 qui
2010 3806 2063 3857 A
2245 3807 2277 3859 5
2324 3803 2464 3858 salsa
2508 3804 2729 3857 crimine

431 3891 534 3962 (sic
555 3895 596 3958 Ι)
627 3895 682 3946 Δ
774 3893 804 3945 7
843 3894 1219 3962 inquisitione]
1257 3893 1324 3947 ab
1363 3894 1718 3962 inquisitione
1746 3895 1791 3962 f
1806 3895 1943 3948 lrm
2034 3896 2067 3948 8
2106 3912 2212 3948 non
2252 3911 2353 3947 om.
2383 3893 2456 3947 M
2543 3893 2576 3946 9
2606 3893 2725 3945 uin-

433 3981 644 4036 dicaret
671 3981 746 4035 M
819 3983 884 4037 10
923 3999 952 4035 o
982 3999 1085 4037 om.
1115 3983 1170 4036 P
1273 3983 1458 4052 homo]
1489 3984 1650 4036 homo
1682 3985 1853 4036 omnis
1880 3983 1998 4038 edd.
2028 3999 2127 4039 sec.
2156 4001 2299 4038 sacr.
2332 3983 2435 4036 litt.
2516 3983 2581 4034 12
2611 3981 2728 4051 agis

436 4072 596 4140 quae]
635 4071 938 4140 magisque,
975 4087 1115 4126 eras.
1151 4087 1205 4125 m
1243 4089 1311 4126 m.
1336 4075 1376 4126 2
1404 4072 1520 4142 agis
1552 4088 1655 4142 que
1686 4073 1740 4124 P
1849 4073 1914 4126 14
1952 4072 2256 4135 conueniat,
2286 4087 2423 4126 corr.
2453 4087 2521 4124 m.
2547 4073 2575 4122 1
2604 4087 2727 4123 con-

433 4159 663 4214 ueniant
698 4160 773 4213 M
881 4161 946 4214 16
985 4161 1270 4228 consuluit,
1305 4178 1374 4217 m.
1397 4165 1436 4215 2
1474 4161 1744 4216 consuluit
1782 4161 1833 4214 P
1964 4162 2025 4215 17
2068 4159 2477 4228 Carthaginem]
2516 4158 2729 4213 cartha-

435 4248 617 4318 ginem
653 4266 723 4303 ne
763 4250 832 4303 M
869 4253 1018 4315 (πθ
1055 4249 1160 4304 del.
1197 4253 1286 4317 ne)
1325 4249 1436 4304 ΓΑ.
1545 4251 1615 4304 23
1655 4251 1943 4320 quantOJin
1982 4253 2184 4319 quanto
2221 4250 2276 4304 R
2387 4247 2647 4302 cerciores
2676 4247 2731 4302 A

437 4338 688 4393 certiores
725 4337 858 4392 ΜΓ
962 4341 1030 4394 25
1070 4344 1455 4409 quaererentur
1491 4341 1582 4394 hic
1619 4341 1897 4409 incognita
1936 4355 2036 4394 om.
2078 4339 2130 4392 A
2238 4340 2307 4393 26
2344 4337 2469 4391 hinc
2505 4337 2560 4389 P
