3184 4959
469 405 598 468 572
1182 401 1234 455 S.
1292 400 1568 454 Aureli
1622 401 2063 470 Augustini

381 595 465 658 32
561 598 685 664 Sed
740 597 976 662 habent
1025 615 1092 662 re
1147 614 1320 675 uera,
1379 595 1547 678 quod
1594 614 1719 660 non
1766 594 2022 660 credant
2074 595 2137 660 in
2188 595 2407 660 diuino
2461 595 2769 662 miraculo

469 723 769 788 uaporem
817 704 1082 783 uentris,
1142 721 1264 785 quo
1314 701 1440 767 cibi
1485 701 1884 781 madescunt,
1934 701 2229 784 ,potuisse
2274 701 2367 766 ita
2408 703 2767 786 temperari,

468 815 543 876 ut
578 813 779 876 uitam
818 809 1094 875 hominis
1134 811 1556 875 conseruaret.
1607 810 1841 891 quanto
1880 807 2315 874 incredibilius
2354 828 2502 893 ergo
2539 829 2769 893 propo-

469 921 689 984 nerent
751 921 880 983 tres
943 916 1094 982 illos
1159 916 1333 981 uiros
1399 915 1476 981 ab
1541 915 1738 999 impio
1806 933 1952 998 rege
2014 916 2081 980 in
2148 916 2467 980 caminum
2535 917 2767 982 missos

469 1025 912 1090 deambulasse
967 1023 1032 1088 in
1079 1023 1288 1088 medio
1335 1021 1502 1106 ignis
1549 1023 1853 1088 inlaesos!
1912 1026 2293 1106 quapropter
2339 1023 2392 1088 si
2438 1023 2617 1090 nulla
2657 1023 2769 1089 isti

469 1131 684 1196 diuina
745 1131 1052 1196 miracula
1113 1129 1344 1195 uolunt
1407 1129 1681 1208 credere,
1758 1129 1883 1196 alia
1944 1130 2377 1214 disputatione
2440 1127 2769 1196 refellendi

469 1242 635 1304 sunt.
699 1256 902 1320 neque
960 1235 1130 1302 enim
1185 1237 1417 1302 debent
1467 1255 1669 1302 unum
1724 1236 1965 1320 aliquid
2018 1239 2345 1320 tamquam
2398 1237 2767 1304 incredibile

467 1362 812 1429 proponere
879 1347 945 1409 et
1015 1344 1077 1408 in
1145 1343 1579 1426 quaestionem
1650 1363 1878 1409 uocare
1952 1343 2063 1408 sed
2130 1344 2359 1422 omnia,
2435 1363 2597 1427 quae
2662 1345 2768 1409 uel

467 1452 624 1518 talia
675 1452 782 1517 uel
830 1451 1019 1517 etiam
1075 1451 1464 1515 mirabiliora
1511 1453 1862 1518 narrantur.
1922 1453 1989 1516 et
2030 1455 2243 1517 tamen
2292 1451 2348 1516 si
2392 1451 2538 1531 hoc,
2596 1451 2767 1536 quod

468 1559 545 1624 de
600 1559 756 1623 Iona
812 1558 1118 1641 scriptum
1179 1560 1296 1636 est,
1361 1556 1677 1641 Apuleius
1734 1558 2175 1624 Madaurensis
2230 1558 2338 1624 uel
2390 1558 2767 1641 Apollonius

467 1667 758 1750 Tyaneus
823 1663 1053 1729 fecisse
1110 1663 1444 1742 diceretur,
1511 1683 1791 1746 quorum
1854 1666 2060 1730 multa
2131 1665 2291 1730 mira
2352 1666 2530 1730 nullo
2594 1663 2766 1729 fideli

469 1774 724 1837 auctore
780 1770 1094 1849 iactitant,
1155 1770 1448 1853 quamuis
1508 1773 1572 1835 et
1620 1770 1961 1836 daemones
2016 1772 2319 1837 nonnulla
2371 1771 2611 1836 faciant
2662 1789 2765 1835 an—

469 1877 630 1962 gelis
699 1877 937 1943 sanctis
997 1876 1234 1942 similia
1287 1895 1410 1942 non
1469 1877 1742 1943 ueritate
1799 1878 1913 1956 sed
1970 1878 2204 1960 specie,
2270 1897 2391 1943 non
2458 1877 2765 1960 sapientia

460 1984 581 2070 ‚sed
634 1985 819 2066 plane
874 1983 1145 2060 fallacia,
1203 1987 1437 2062 tamen,
1509 1983 1565 2048 si
1622 1983 1700 2048 de
1755 1984 1923 2063 istis,
1981 1989 2056 2050 ut
2110 1984 2256 2063 dixi,
2324 2003 2486 2068 quos
2540 2001 2763 2068 magos

467 2091 572 2156 uel
617 2089 1032 2174 philosophos
1079 2089 1483 2154 laudabiliter
1527 2089 1873 2167 nominant,
1920 2091 2050 2156 tale
2098 2089 2339 2174 aliquid
2385 2093 2757 2166 narraretur,

467 2217 590 2262 non
660 2197 788 2262 iam
860 2197 924 2262 in
990 2197 1211 2262 buccis
1269 2203 1553 2280 creparet
1614 2199 1785 2263 risus
1852 2198 1964 2263 sed
2027 2199 2289 2282 typhus.
2362 2197 2456 2263 ita
2516 2195 2762 2262 rideant

470 2303 816 2387 scripturas
844 2306 1123 2380 nostras;
1165 2307 1471 2386 quantum
1499 2307 1795 2388 possunt,
1831 2303 2095 2382 rideant,
2134 2304 2285 2368 dum
2324 2323 2437 2386 per
2470 2303 2758 2387 singulos

468 2409 604 2475 dies
633 2410 897 2475 rariores
924 2410 1382 2494 paucioresque
1413 2429 1483 2476 se
1511 2409 1774 2476 uideant
1810 2411 1916 2476 uel
1943 2410 2266 2476 moriendo
2294 2410 2402 2476 uel
2430 2409 2758 2489 credendo,

469 2519 620 2582 dum
697 2516 1046 2599 implentur
1109 2517 1338 2595 omnia,
1416 2536 1576 2600 quae
1640 2517 2104 2601 praedixerunt,
2178 2517 2291 2600 qui
2362 2517 2480 2582 hos
2547 2519 2761 2582 contra

469 2625 801 2690 ueritatem
842 2623 1111 2690 inaniter
1144 2626 1560 2708 pugnaturos,
1600 2643 1763 2688 uane
1800 2625 2163 2705 latraturos,
2202 2625 2505 2708 paulatim
2558 2624 2753 2688 defec-

467 2734 646 2797 turos
693 2733 871 2796 tanto
912 2733 1057 2795 ante
1102 2730 1380 2794 riserunt
1415 2729 1725 2812 nobisque
1770 2730 2043 2813 posteris
2092 2731 2227 2796 suis
2273 2750 2395 2796 non
2443 2732 2653 2797 solum
2690 2749 2763 2794 ea

465 2837 733 2922 legenda
779 2837 1175 2914 dimiserunt,
1221 2856 1448 2901 uerum
1495 2836 1869 2920 experienda
1914 2837 2362 2920 promiserunt.

380 2943 464 3004 33
555 2943 698 3008 Non
763 2961 911 3007 sane
977 2942 1250 3007 absurde
1313 2961 1516 3025 neque
1580 2943 1940 3026 importune
2004 2944 2366 3027 requiritur,
2433 2943 2585 3027 quid
2636 2943 2763 3008 ista

469 3049 844 3134 significent,
898 3052 993 3127 ut,
1049 3068 1195 3114 cum
1251 3049 1372 3114 hoc
1418 3049 1775 3131 expositum
1831 3050 2043 3129 fuerit,
2101 3070 2225 3116 non
2278 3053 2531 3116 tantum
2581 3053 2762 3136 gesta

645 3293 680 3346 4
715 3291 856 3346 Dan.
895 3291 946 3358 3,
985 3291 1080 3356 213
1121 3291 1192 3344 24

542 3417 567 3468 1
613 3414 906 3469 credebant
943 3416 998 3468 A
1105 3416 1138 3469 2
1177 3415 1482 3470 madefuint
1521 3415 1686 3484 (εἰσί)
1729 3417 1775 3472 G
1895 3416 1977 3470 ita.
2013 3416 2257 3486 potuisse
2293 3417 2355 3470 Ε
2482 3416 2761 3485 temp.ari‚

469 3505 596 3557 m.2
643 3503 906 3572 tempssari
949 3503 1008 3556 P
1051 3505 1329 3574 temptari,
1377 3508 1508 3558 m.2
1549 3505 1843 3574 temperari
1886 3503 1937 3558 G
2115 3507 2151 3559 4
2196 3504 2409 3570 missus,
2458 3520 2597 3558 corr.
2644 3509 2763 3558 m.1

467 3592 660 3644 missos
691 3593 756 3644 M
855 3594 886 3646 7
927 3592 1150 3662 aliquod
1177 3594 1232 3646 A
1333 3594 1366 3647 8
1403 3611 1722 3664 proponare,
1752 3611 1820 3648 m.
1841 3599 1872 3647 1
1908 3609 2045 3648 corr.
2082 3595 2371 3664 propinare
2398 3594 2451 3647 A
2557 3595 2623 3648 10
2648 3609 2760 3646 ma—

469 3680 748 3734 dausensis
784 3681 839 3733 A
873 3680 1284 3735 maudaurensis
1326 3681 1375 3734 0
1483 3684 1543 3736 11
1585 3685 1816 3750 tyaneus
1857 3688 2040 3750 (super
2074 3698 2111 3751 y
2145 3686 2265 3736 m.1
2302 3681 2433 3736 add.
2474 3683 2521 3750 r)
2544 3683 2621 3736 M
2650 3687 2760 3735 tra—

469 3785 601 3822 neus
644 3769 692 3821 (J
829 3770 966 3822 mira
1000 3770 1177 3825 multa
1211 3769 1271 3824 E
1410 3771 1538 3824 nulo
1577 3771 1727 3824 facili
1764 3772 1819 3824 A
1855 3771 2005 3824 nullo
2046 3771 2171 3824 fidei
2208 3771 2325 3825 PE
2458 3773 2523 3825 12
2562 3771 2763 3824 sanctis

469 3855 676 3926 angelis
707 3859 768 3912 Ε
874 3860 939 3912 13
978 3859 1182 3911 sanctis
1209 3874 1312 3914 om.
1348 3857 1399 3912 G
1437 3860 1631 3922 sancti,
1667 3877 1735 3916 m.
1759 3863 1799 3912 2
1834 3859 2037 3912 sanctis
2071 3859 2118 3913 C
2227 3861 2292 3912 14
2328 3859 2486 3929 plene
2514 3858 2583 3912 H
2602 3859 2765 3930 plena

465 3945 650 4000 MAG
777 3947 824 4000 si
864 3945 949 4014 de]
991 3945 1086 4000 sed
1125 3949 1178 3999 A
1291 3947 1356 4000 15
1393 3948 1524 4014 tele,
1564 3965 1629 4003 m.
1653 3951 1693 4000 2
1730 3947 1841 4002 tale
1878 3947 1953 4001 M
2063 3949 2126 4002 16
2164 3965 2313 4002 restis
2356 3952 2403 4000 A
2526 3947 2763 4018 thyphus

468 4033 726 4103 (utraque
759 4035 796 4088 h
835 4037 979 4103 exp.)
1017 4035 1074 4088 P
1108 4039 1270 4104 typus
1308 4035 1475 4089 ACE
1656 4037 1719 4089 17
1758 4037 1973 4106 possint
2007 4035 2068 4090 Ε
2237 4039 2303 4090 19
2340 4038 2598 4106 impletur
2634 4035 2767 4090 HM

471 4139 559 4190 «yn.
583 4125 623 4176 2
656 4121 972 4191 implentur)
1141 4123 1545 4191 qui—riserunt
1581 4139 1683 4178 om.
1723 4124 1776 4177 A
1958 4123 2029 4178 20
2066 4128 2403 4194 pugnaturos
2442 4125 2673 4179 inaniter
2708 4127 2769 4180 Ε

539 4215 893 4279 pugnaturae,
933 4227 1002 4264 m.
1027 4214 1066 4264 2
1101 4214 1437 4280 pugnaturos
1474 4210 1525 4265 G
1706 4211 2033 4266 laceraturos
2070 4213 2132 4266 E
2306 4214 2370 4266 21
2411 4216 2585 4278 tante,
2622 4230 2763 4268 corr.

468 4296 679 4364 (m.1?)
717 4302 874 4352 tanto
911 4299 988 4352 M
1127 4300 1332 4353 anteris
1378 4305 1551 4363 erunt,
1591 4317 1660 4355 m.
1684 4305 1722 4354 2
1760 4305 1886 4354 ante
1922 4301 2159 4354 riserunt
2202 4301 2255 4356 G
2364 4302 2431 4356 23
2470 4302 2563 4355 isti
2602 4307 2653 4355 A

2805 1581 2857 1620 1⁰

2802 2113 2853 2154 15
