3184 4959
343 1589 396 1628 1⁰

350 2121 400 2158 15

352 2655 404 2693 80

1236 413 1761 482 epistularum
1820 413 1933 468 CII.
2594 417 2717 479 571

429 624 676 671 norum.
733 623 880 670 cum
925 607 1140 670 autem
1185 605 1330 672 hinc
1381 606 1819 690 quaestionem
1863 627 1985 674 non
2032 609 2436 694 proposuerit
2481 609 2724 674 amicus

429 715 664 788 noster,
723 714 940 776 utrum
996 711 1378 777 credendum
1436 713 1524 778 sit
1575 713 1683 779 uel
1729 714 2037 778 Lazarum
2086 719 2306 798 quarto
2364 715 2465 780 die
2518 733 2727 780 resus-

431 817 696 882 citatum
771 836 912 882 esse
986 818 1093 881 uel
1169 819 1382 900 ipsum
1450 819 1775 884 Christum
1848 821 2037 886 tertio
2116 821 2217 886 die
2288 821 2725 896 resurrexisse,

429 921 705 988 multum
752 924 945 988 miror
989 925 1131 1002 hoc,
1181 925 1350 1007 quod
1396 926 1639 992 factum
1687 929 1789 992 est
1834 926 1911 992 de
1958 927 2127 1003 Iona,
2178 946 2323 992 eum
2371 947 2483 1012 pro
2530 928 2727 992 incre·

433 1029 613 1094 dibili
657 1031 974 1113 posuisse,
1021 1031 1146 1096 nisi
1193 1031 1354 1112 forte
1400 1032 1657 1098 facilius
1704 1037 1891 1115 putat
1936 1036 2261 1099 mortuum
2308 1034 2385 1099 de
2434 1033 2726 1118 sepulcro

430 1137 796 1202 resuscitari
843 1157 1034 1221 quam
1079 1139 1307 1202 uiuum
1362 1139 1426 1204 in
1473 1143 1607 1204 tam
1653 1145 1839 1206 uasto
1884 1143 2108 1206 uentre
2162 1141 2387 1206 beluae
2440 1139 2729 1222 potuisse

431 1244 695 1309 seruari.
759 1247 834 1308 ut
898 1245 1066 1310 enim
1133 1245 1424 1310 omittam
1481 1265 1991 1326 commemorare,
2058 1250 2295 1330 quanta
2354 1246 2726 1332 magnitudo

433 1351 761 1416 beluarum
799 1352 1184 1416 marinarum
1223 1353 1300 1418 ab
1332 1352 1446 1431 eis,
1469 1353 1596 1436 qui
1636 1353 1871 1438 experti
1910 1358 2080 1433 sunt,
2117 1354 2449 1432 indicetur,
2488 1355 2729 1430 uenter,

434 1477 622 1540 quem
661 1459 876 1522 costae
913 1459 1062 1524 illae
1109 1460 1494 1538 muniebant,
1545 1479 1707 1542 quae
1747 1458 2125 1544 Carthagine
2169 1462 2234 1525 in
2278 1459 2537 1543 publico
2576 1459 2731 1524 fixae

434 1565 671 1646 populo
719 1568 904 1631 notae
953 1569 1124 1644 sunt,
1173 1570 1330 1648 quot
1372 1568 1664 1632 homines
1702 1568 1767 1632 in
1814 1567 2022 1651 spatio
2072 1587 2187 1634 suo
2226 1586 2447 1651 capere
2494 1569 2731 1650 posset,

435 1671 578 1766 quis
625 1691 746 1736 non
795 1672 1104 1738 coniciat?
1152 1677 1385 1755 quanto
1433 1674 1615 1739 hiatu
1662 1675 1921 1756 patebat
1967 1693 2037 1738 os
2092 1674 2275 1750 illud,
2324 1673 2496 1756 quod
2550 1673 2734 1739 uelut

433 1778 624 1843 ianua
668 1780 1006 1860 speluncae
1051 1779 1227 1844 illius
1283 1780 1434 1845 fuit!
1483 1780 1608 1846 nisi
1653 1781 1837 1860 forte,
1884 1784 1961 1846 ut
2013 1781 2249 1864 posuit,
2298 1782 2503 1846 uestis
2560 1785 2734 1846 esset

433 1886 906 1967 impedimento,
963 1905 1040 1950 ne
1085 1887 1271 1952 Ionas
1305 1888 1538 1983 ‚uorari
1589 1892 1813 1971 posset
1863 1887 2165 1966 inlaesus,
2224 1887 2409 1971 quasi
2462 1907 2575 1971 per
2628 1907 2733 1952 an-

437 1995 627 2077 gusta
684 2012 824 2058 sese
871 1995 1271 2074 coartauerit,
1331 1994 1439 2076 qui
1493 2013 1608 2078 per
1662 1995 2004 2078 abruptum
2062 1995 2223 2060 aeris
2276 1995 2733 2077 praecipitatus

438 2099 530 2164 sic
585 2104 884 2182 exceptus
941 2104 1060 2179 est,
1126 2105 1202 2165 ut
1254 2101 1431 2185 prius
1496 2101 1884 2184 reciperetur
1934 2103 2156 2166 uentre
2211 2102 2475 2178 bestiae,
2543 2079 2762 2183 quam·

438 2205 622 2270 dente
686 2205 1086 2273 laceraretur.
1152 2223 1532 2288 quamquam
1602 2207 1917 2290 scriptura
1977 2225 2180 2288 neque
2234 2205 2475 2270 nudum
2531 2224 2735 2289 neque

438 2312 747 2377 uestitum
811 2312 874 2376 in
938 2312 1102 2378 illud
1167 2316 1418 2378 antrum
1487 2311 1803 2378 deiectum
1868 2331 2009 2378 esse
2075 2312 2317 2389 dixerit,
2393 2315 2467 2376 ut
2528 2312 2739 2394 possit

437 2418 724 2504 intellegi
777 2419 936 2485 illuc
992 2420 1186 2486 etiam
1240 2419 1450 2484 nudus
1504 2418 1801 2492 inruisse,
1860 2418 1916 2484 si
1969 2418 2133 2483 forte
2182 2437 2341 2500 opus
2390 2422 2524 2482 erat
2576 2422 2737 2482 tam·

440 2545 629 2608 quam
677 2545 798 2592 ouo
849 2527 1088 2591 corium
1144 2527 1240 2590 ita
1282 2526 1380 2589 illi
1429 2529 1675 2590 uestem
1724 2525 1994 2602 detrahi,
2052 2543 2176 2606 quo
2224 2525 2477 2590 facilius
2525 2525 2736 2589 sorbe-

438 2635 632 2700 retur.
719 2633 812 2698 sic
887 2633 1055 2698 enim
1130 2635 1280 2698 sunt
1352 2633 1638 2698 homines
1718 2632 1795 2696 de
1867 2632 2210 2716 prophetae
2282 2630 2477 2696 huius
2550 2634 2735 2696 ueste

441 2739 724 2818 solliciti,
790 2740 972 2822 quasi
1037 2743 1148 2804 aut
1212 2758 1324 2820 per
1395 2739 1737 2804 fenestram
1809 2757 2074 2822 paruam
2145 2737 2423 2820 repsisse
2495 2740 2609 2802 aut
2668 2737 2733 2802 in

438 2845 692 2912 balneas
747 2845 1018 2912 intrasse
1076 2845 1342 2923 dicatur,
1402 2863 1528 2928 quo
1593 2845 1787 2910 etiam
1858 2845 1914 2910 si
1969 2863 2229 2910 necesse
2278 2846 2451 2910 esset
2502 2845 2733 2910 intrare

437 2953 767 3032 uestitum,
816 2953 922 3018 uix
967 2954 1310 3018 molestum
1363 2955 1554 3030 esset,
1602 2971 1725 3017 non
1771 2956 1988 3017 tamen
2034 2951 2285 3016 mirum.

613 3201 646 3254 2
685 3199 802 3255 Ioh.
846 3200 930 3264 11,
974 3200 1149 3254 1—44

510 3342 535 3393 1
581 3345 762 3395 autem
801 3359 902 3396 om.
946 3343 999 3397 G
1187 3341 1315 3396 hinc
1351 3357 1456 3396 om.
1494 3343 1550 3394 A
1730 3341 1763 3394 2
1803 3339 2115 3402 credendus,
2154 3342 2283 3393 m.2
2322 3335 2645 3392 credendum
2690 3336 2735 3389 G

510 3431 886 3482 resuscitatum
917 3447 1034 3484 esse
1064 3433 1254 3500 quarto
1286 3429 1372 3483 die
1393 3430 1452 3483 E
1475 3429 1597 3484 edd.
1710 3429 1925 3497 quarto]
1948 3427 2115 3481 tertia
2138 3428 2237 3492 (sic
2252 3431 2293 3492 l)
2321 3425 2368 3480 G
2436 3427 2471 3480 3
2501 3441 2650 3480 estse
2669 3425 2737 3478 H

439 3520 475 3572 4
511 3518 700 3581 minor,
737 3535 805 3574 m.
829 3521 868 3572 2
904 3520 1068 3572 miror
1101 3519 1228 3572 MP
1370 3517 1436 3572 de
1473 3517 1603 3572 iona
1639 3518 1845 3572 factum
1884 3521 1967 3570 est
2002 3516 2063 3570 E
2200 3533 2295 3586 pro
2334 3531 2439 3570 om.
2474 3513 2530 3568 A
2646 3514 2730 3567 in·

442 3607 644 3660 creduli
679 3607 734 3659 A
842 3609 874 3661 6
911 3609 1128 3677 uentre]
1168 3609 1368 3660 uestire
1409 3611 1460 3660 A
1586 3609 1617 3661 7
1658 3607 1823 3675 enim]
1865 3622 1985 3660 eum
2022 3607 2079 3660 A
2200 3607 2231 3660 9
2268 3603 2570 3668 muniebat,
2606 3620 2675 3658 m.
2699 3607 2729 3656 1

441 3713 577 3750 corr.
615 3695 936 3750 muniebant
970 3695 1038 3750 H
1071 3696 1386 3759 innuebant,
1423 3699 1554 3752 m.2
1589 3695 1912 3749 muniebant
1944 3694 2018 3749 M
2168 3693 2505 3763 carthagine,
2542 3709 2611 3746 m.
2632 3695 2674 3745 2
2707 3692 2735 3744 l

439 3785 742 3854 carthagini
780 3786 834 3838 P
989 3786 1048 3839 in
1085 3802 1188 3840 om.
1225 3785 1416 3838 HMA
1562 3785 1630 3840 10
1668 3783 1828 3854 quod,
1865 3800 1934 3837 m.
1957 3787 1997 3838 2
2033 3785 2167 3852 quot
2201 3781 2331 3836 ΜΘ
2478 3783 2541 3834 11
2582 3781 2735 3834 uelut

438 3891 542 3930 om.
579 3874 640 3929 E
783 3875 848 3928 12
885 3875 1092 3944 posuit]
1132 3875 1316 3944 potuit
1342 3873 1403 3928 Ε
1508 3875 1575 3928 13
1614 3875 1706 3942 ne]
1747 3877 1809 3926 ut
1836 3872 1897 3926 E
2036 3871 2163 3925 iona
2205 3871 2257 3925 G
2402 3869 2649 3924 deuorari
2676 3870 2737 3924 E

505 3963 682 4033 possit
707 3962 775 4017 H
847 3963 912 4018 14
943 3966 1218 4033 arruptum
1251 3963 1386 4016 HM
1414 3967 1503 4030 (m.
1525 3967 1556 4016 1
1577 3960 1609 4016 ?
1645 3977 1782 4016 corr.
1824 3961 2137 4030 abruptum)
2181 3959 2335 4014 CPG
2371 3961 2651 4028 arruptum
2677 3960 2729 4010 A

439 4053 506 4107 16
546 4051 706 4106 dente
744 4067 845 4109 om.
883 4051 946 4106 E
1048 4053 1316 4120 scriptura
1353 4050 1542 4106 diuina
1578 4066 1755 4119 neque
1789 4049 1837 4104 C'
1927 4050 1990 4103 17
2030 4049 2289 4104 uestitum
2327 4064 2428 4102 om.
2462 4045 2509 4098 0
2614 4061 2731 4100 esse

440 4157 541 4194 om.
569 4141 630 4196 E
809 4141 874 4195 18
913 4139 1066 4206 illud,
1102 4157 1168 4193 m.
1191 4144 1220 4193 1
1258 4156 1396 4194 corr.
1435 4140 1566 4194 illuc
1600 4139 1646 4192 C
1809 4139 1873 4192 19
1910 4139 1991 4192 ita
2028 4154 2128 4192 om.
2168 4137 2223 4189 A
2402 4136 2471 4189 22
2508 4134 2731 4188 balneas

439 4235 556 4282 m.1
594 4245 660 4282 ex
695 4229 905 4284 balneis
942 4229 1155 4296 factum
1190 4228 1310 4282 uid.
1348 4228 1415 4282 H
1451 4227 1645 4282 balnea
1682 4227 1733 4280 A
1878 4227 2133 4295 intrasse]
2162 4226 2305 4279 intra
2342 4240 2399 4278 se
2438 4225 2491 4278 A
2650 4223 2730 4276 in·
2804 4223 2809 4230 '

439 4321 611 4371 traret
652 4317 698 4372 G
802 4319 870 4372 23
909 4317 1142 4372 uestitur
1177 4317 1238 4370 E
