<?xml version="1.0" encoding="UTF-8"?>
<!DOCTYPE html PUBLIC "-//W3C//DTD XHTML 1.0 Transitional//EN"
    "http://www.w3.org/TR/xhtml1/DTD/xhtml1-transitional.dtd">
<html xmlns="http://www.w3.org/1999/xhtml" xml:lang="en" lang="en">
 <head>
  <title>
</title>
<meta http-equiv="Content-Type" content="text/html;charset=utf-8" />
  <meta name='ocr-system' content='tesseract 3.04.00' />
  <meta name='ocr-capabilities' content='ocr_page ocr_carea ocr_par ocr_line ocrx_word'/>
</head>
<body>
  <div class='ocr_page' id='page_1' title='image "./corpusscriptoru26wiengoog_0407.png"; bbox 0 0 3184 4959; ppageno 0'>
   <div class='ocr_carea' id='block_1_1' title="bbox 337 1636 385 1674">
    <p class='ocr_par' dir='ltr' id='par_1_1' title="bbox 337 1636 385 1674">
     <span class='ocr_line' id='line_1_1' title="bbox 337 1636 385 1674; baseline 0 0"><span class='ocrx_word' id='word_1_1' title='bbox 337 1636 385 1674; x_wconf 86' lang='lat'><strong>10</strong></span> 
     </span>
    </p>
   </div>
   <div class='ocr_carea' id='block_1_2' title="bbox 340 3233 395 3272">
    <p class='ocr_par' dir='ltr' id='par_1_2' title="bbox 340 3233 395 3272">
     <span class='ocr_line' id='line_1_2' title="bbox 340 3233 395 3272; baseline -0.036 0"><span class='ocrx_word' id='word_1_2' title='bbox 340 3233 395 3272; x_wconf 71' lang='lat'><strong>25</strong></span> 
     </span>
    </p>
   </div>
   <div class='ocr_carea' id='block_1_3' title="bbox 1127 451 2704 522">
    <p class='ocr_par' dir='ltr' id='par_1_3' title="bbox 1127 451 2704 522">
     <span class='ocr_line' id='line_1_3' title="bbox 1127 451 2704 522; baseline -0.005 -16"><span class='ocrx_word' id='word_1_3' title='bbox 1127 453 1658 522; x_wconf 82' lang='lat' dir='ltr'><strong>epistularum</strong></span> <span class='ocrx_word' id='word_1_4' title='bbox 1715 451 2012 506; x_wconf 79' lang='lat' dir='ltr'><strong>Lxxxul.</strong></span> <span class='ocrx_word' id='word_1_5' title='bbox 2579 455 2704 518; x_wconf 76' lang='lat'><strong>391</strong></span> 
     </span>
    </p>
   </div>
   <div class='ocr_carea' id='block_1_4' title="bbox 416 647 2724 2120">
    <p class='ocr_par' dir='ltr' id='par_1_4' title="bbox 416 647 2716 842">
     <span class='ocr_line' id='line_1_4' title="bbox 416 647 2716 732; baseline -0.001 -18"><span class='ocrx_word' id='word_1_6' title='bbox 416 647 625 732; x_wconf 89' lang='lat' dir='ltr'><strong>specie</strong></span> <span class='ocrx_word' id='word_1_7' title='bbox 700 649 903 726; x_wconf 86' lang='lat' dir='ltr'><strong>foeda,</strong></span> <span class='ocrx_word' id='word_1_8' title='bbox 978 669 1099 714; x_wconf 90' lang='lat' dir='ltr'><strong>non</strong></span> <span class='ocrx_word' id='word_1_9' title='bbox 1176 651 1391 714; x_wconf 88' lang='lat' dir='ltr'><strong>nostra</strong></span> <span class='ocrx_word' id='word_1_10' title='bbox 1464 647 1576 712; x_wconf 87' lang='lat' dir='ltr'><strong>sed</strong></span> <span class='ocrx_word' id='word_1_11' title='bbox 1653 647 1998 712; x_wconf 90' lang='lat' dir='ltr'><strong>cuiuslibet</strong></span> <span class='ocrx_word' id='word_1_12' title='bbox 2069 647 2204 712; x_wconf 90' lang='lat' dir='ltr'><strong>uita</strong></span> <span class='ocrx_word' id='word_1_13' title='bbox 2279 667 2350 712; x_wconf 92' lang='lat' dir='ltr'><strong>ac</strong></span> <span class='ocrx_word' id='word_1_14' title='bbox 2433 649 2716 712; x_wconf 87' lang='lat' dir='ltr'><strong>moribus</strong></span> 
     </span>
     <span class='ocr_line' id='line_1_5' title="bbox 418 757 879 842; baseline 0.002 -22"><span class='ocrx_word' id='word_1_15' title='bbox 418 757 879 842; x_wconf 89' lang='lat' dir='ltr'><strong>indignissima.</strong></span> 
     </span>
    </p>

    <p class='ocr_par' dir='ltr' id='par_1_5' title="bbox 420 862 2724 2120">
     <span class='ocr_line' id='line_1_6' title="bbox 504 862 2716 945; baseline -0.001 -17"><span class='ocrx_word' id='word_1_16' title='bbox 504 863 775 929; x_wconf 85' lang='lat' dir='ltr'>Proinde</span> <span class='ocrx_word' id='word_1_17' title='bbox 824 863 1104 940; x_wconf 88' lang='lat' dir='ltr'><strong>obsecro,</strong></span> <span class='ocrx_word' id='word_1_18' title='bbox 1154 869 1227 926; x_wconf 89' lang='lat' dir='ltr'><strong>ut</strong></span> <span class='ocrx_word' id='word_1_19' title='bbox 1272 862 1640 945; x_wconf 77' lang='lat' dir='ltr'>epistulam,</span> <span class='ocrx_word' id='word_1_20' title='bbox 1691 881 1880 945; x_wconf 90' lang='lat' dir='ltr'><strong>quam</strong></span> <span class='ocrx_word' id='word_1_21' title='bbox 1937 863 2028 926; x_wconf 86' lang='lat' dir='ltr'><strong>eis</strong></span> <span class='ocrx_word' id='word_1_22' title='bbox 2088 864 2406 928; x_wconf 88' lang='lat' dir='ltr'><strong>communi</strong></span> <span class='ocrx_word' id='word_1_23' title='bbox 2463 863 2716 928; x_wconf 89' lang='lat' dir='ltr'><strong>nomine</strong></span> 
     </span>
     <span class='ocr_line' id='line_1_7' title="bbox 420 969 2718 1053; baseline -0.001 -17"><span class='ocrx_word' id='word_1_24' title='bbox 420 971 665 1053; x_wconf 78' lang='lat' dir='ltr'><strong>scripsi,</strong></span> <span class='ocrx_word' id='word_1_25' title='bbox 713 970 1138 1052; x_wconf 67' lang='lat' dir='ltr'><strong>subscriptam</strong></span> <span class='ocrx_word' id='word_1_26' title='bbox 1187 988 1309 1033; x_wconf 91' lang='lat' dir='ltr'><strong>non</strong></span> <span class='ocrx_word' id='word_1_27' title='bbox 1358 969 1610 1035; x_wconf 88' lang='lat' dir='ltr'><strong>differas</strong></span> <span class='ocrx_word' id='word_1_28' title='bbox 1657 971 1931 1035; x_wconf 85' lang='lat' dir='ltr'><strong>mittere.</strong></span> <span class='ocrx_word' id='word_1_29' title='bbox 1982 975 2046 1035; x_wconf 89' lang='lat' dir='ltr'><strong>et</strong></span> <span class='ocrx_word' id='word_1_30' title='bbox 2091 971 2146 1036; x_wconf 90' lang='lat' dir='ltr'><strong>si</strong></span> <span class='ocrx_word' id='word_1_31' title='bbox 2185 970 2345 1035; x_wconf 88' lang='lat' dir='ltr'><strong>forte</strong></span> <span class='ocrx_word' id='word_1_32' title='bbox 2384 971 2518 1035; x_wconf 86' lang='lat' dir='ltr'><strong>illic</strong></span> <span class='ocrx_word' id='word_1_33' title='bbox 2557 971 2718 1036; x_wconf 89' lang='lat' dir='ltr'><strong>illud</strong></span> 
     </span>
     <span class='ocr_line' id='line_1_8' title="bbox 420 1075 2717 1160; baseline 0 -20"><span class='ocrx_word' id='word_1_34' title='bbox 420 1077 661 1141; x_wconf 90' lang='lat' dir='ltr'><strong>iustum</strong></span> <span class='ocrx_word' id='word_1_35' title='bbox 697 1075 1065 1141; x_wconf 88' lang='lat' dir='ltr'><strong>acutissime</strong></span> <span class='ocrx_word' id='word_1_36' title='bbox 1101 1075 1415 1158; x_wconf 87' lang='lat' dir='ltr'><strong>peruides‚</strong></span> <span class='ocrx_word' id='word_1_37' title='bbox 1454 1093 1573 1141; x_wconf 89' lang='lat' dir='ltr'><strong>non</strong></span> <span class='ocrx_word' id='word_1_38' title='bbox 1616 1080 1923 1160; x_wconf 81' lang='lat' dir='ltr'>cogantur</span> <span class='ocrx_word' id='word_1_39' title='bbox 1957 1077 2192 1141; x_wconf 77' lang='lat' dir='ltr'><strong>infirmi</strong></span> <span class='ocrx_word' id='word_1_40' title='bbox 2227 1075 2414 1142; x_wconf 91' lang='lat' dir='ltr'><strong>modo</strong></span> <span class='ocrx_word' id='word_1_41' title='bbox 2454 1077 2717 1154; x_wconf 81' lang='lat' dir='ltr'><strong>discere,</strong></span> 
     </span>
     <span class='ocr_line' id='line_1_9' title="bbox 422 1182 2720 1268; baseline -0 -20"><span class='ocrx_word' id='word_1_42' title='bbox 422 1183 591 1266; x_wconf 91' lang='lat' dir='ltr'><strong>quod</strong></span> <span class='ocrx_word' id='word_1_43' title='bbox 658 1203 775 1268; x_wconf 89' lang='lat' dir='ltr'><strong>ego</strong></span> <span class='ocrx_word' id='word_1_44' title='bbox 840 1182 1117 1248; x_wconf 90' lang='lat' dir='ltr'><strong>nondum</strong></span> <span class='ocrx_word' id='word_1_45' title='bbox 1183 1183 1505 1267; x_wconf 87' lang='lat' dir='ltr'><strong>intellego,</strong></span> <span class='ocrx_word' id='word_1_46' title='bbox 1564 1186 1642 1247; x_wconf 91' lang='lat' dir='ltr'><strong>ut</strong></span> <span class='ocrx_word' id='word_1_47' title='bbox 1695 1183 1816 1248; x_wconf 92' lang='lat' dir='ltr'><strong>hoc</strong></span> <span class='ocrx_word' id='word_1_48' title='bbox 1874 1183 2036 1248; x_wconf 90' lang='lat' dir='ltr'><strong>circa</strong></span> <span class='ocrx_word' id='word_1_49' title='bbox 2092 1203 2200 1248; x_wconf 90' lang='lat' dir='ltr'><strong>eos</strong></span> <span class='ocrx_word' id='word_1_50' title='bbox 2247 1182 2312 1247; x_wconf 90' lang='lat' dir='ltr'><strong>in</strong></span> <span class='ocrx_word' id='word_1_51' title='bbox 2360 1183 2478 1247; x_wconf 88' lang='lat' dir='ltr'><strong>hac</strong></span> <span class='ocrx_word' id='word_1_52' title='bbox 2527 1202 2720 1248; x_wconf 85' lang='lat' dir='ltr'><strong>causa</strong></span> 
     </span>
     <span class='ocr_line' id='line_1_10' title="bbox 422 1289 2718 1373; baseline -0 -18"><span class='ocrx_word' id='word_1_53' title='bbox 422 1293 733 1367; x_wconf 86' lang='lat' dir='ltr'><strong>seruetur,</strong></span> <span class='ocrx_word' id='word_1_54' title='bbox 780 1290 948 1373; x_wconf 90' lang='lat' dir='ltr'><strong>quod</strong></span> <span class='ocrx_word' id='word_1_55' title='bbox 996 1289 1291 1354; x_wconf 90' lang='lat' dir='ltr'><strong>dominus</strong></span> <span class='ocrx_word' id='word_1_56' title='bbox 1339 1289 1457 1355; x_wconf 88' lang='lat' dir='ltr'><strong>ait:</strong></span> <span class='ocrx_word' id='word_1_57' title='bbox 1514 1289 1780 1356; x_wconf 86' lang='lat' dir='ltr'><strong>Multa</strong></span> <span class='ocrx_word' id='word_1_58' title='bbox 1834 1289 2084 1356; x_wconf 90' lang='lat' dir='ltr'><strong>habeo</strong></span> <span class='ocrx_word' id='word_1_59' title='bbox 2141 1290 2374 1355; x_wconf 90' lang='lat' dir='ltr'><strong>uobis</strong></span> <span class='ocrx_word' id='word_1_60' title='bbox 2423 1289 2718 1368; x_wconf 89' lang='lat' dir='ltr'><strong>dicere,</strong></span> 
     </span>
     <span class='ocr_line' id='line_1_11' title="bbox 422 1395 2720 1480; baseline -0 -19"><span class='ocrx_word' id='word_1_61' title='bbox 422 1397 559 1461; x_wconf 90' lang='lat' dir='ltr'><strong>sed</strong></span> <span class='ocrx_word' id='word_1_62' title='bbox 607 1415 753 1462; x_wconf 90' lang='lat' dir='ltr'><strong>non</strong></span> <span class='ocrx_word' id='word_1_63' title='bbox 802 1396 1167 1478; x_wconf 87' lang='lat' dir='ltr'><strong>potestis</strong></span> <span class='ocrx_word' id='word_1_64' title='bbox 1212 1396 1363 1461; x_wconf 88' lang='lat' dir='ltr'><strong>illa</strong></span> <span class='ocrx_word' id='word_1_65' title='bbox 1409 1400 1738 1480; x_wconf 85' lang='lat' dir='ltr'><strong>portare</strong></span> <span class='ocrx_word' id='word_1_66' title='bbox 1794 1398 2044 1463; x_wconf 89' lang='lat' dir='ltr'><strong>modo.</strong></span> <span class='ocrx_word' id='word_1_67' title='bbox 2111 1396 2226 1462; x_wconf 89' lang='lat' dir='ltr'><strong>tali</strong></span> <span class='ocrx_word' id='word_1_68' title='bbox 2274 1395 2505 1479; x_wconf 90' lang='lat' dir='ltr'><strong>quippe</strong></span> <span class='ocrx_word' id='word_1_69' title='bbox 2552 1397 2720 1460; x_wconf 88' lang='lat' dir='ltr'><strong>infir-</strong></span> 
     </span>
     <span class='ocr_line' id='line_1_12' title="bbox 420 1503 2720 1588; baseline 0.001 -22"><span class='ocrx_word' id='word_1_70' title='bbox 420 1503 631 1568; x_wconf 88' lang='lat' dir='ltr'><strong>mitati</strong></span> <span class='ocrx_word' id='word_1_71' title='bbox 703 1521 963 1585; x_wconf 82' lang='lat' dir='ltr'><strong>parcens</strong></span> <span class='ocrx_word' id='word_1_72' title='bbox 1028 1503 1219 1568; x_wconf 90' lang='lat' dir='ltr'><strong>etiam</strong></span> <span class='ocrx_word' id='word_1_73' title='bbox 1282 1503 1443 1568; x_wconf 89' lang='lat' dir='ltr'><strong>illud</strong></span> <span class='ocrx_word' id='word_1_74' title='bbox 1511 1504 1585 1568; x_wconf 90' lang='lat' dir='ltr'><strong>de</strong></span> <span class='ocrx_word' id='word_1_75' title='bbox 1650 1504 1892 1568; x_wconf 88' lang='lat' dir='ltr'><strong>tributo</strong></span> <span class='ocrx_word' id='word_1_76' title='bbox 1958 1504 2260 1568; x_wconf 90' lang='lat' dir='ltr'><strong>soluendo</strong></span> <span class='ocrx_word' id='word_1_77' title='bbox 2329 1504 2446 1567; x_wconf 86' lang='lat' dir='ltr'><strong>ait:</strong></span> <span class='ocrx_word' id='word_1_78' title='bbox 2512 1504 2720 1588; x_wconf 87' lang='lat' dir='ltr'><strong>Ergo</strong></span> 
     </span>
     <span class='ocr_line' id='line_1_13' title="bbox 422 1609 2718 1686; baseline 0.001 -14"><span class='ocrx_word' id='word_1_79' title='bbox 422 1610 669 1674; x_wconf 87' lang='lat' dir='ltr'><strong>liberi</strong></span> <span class='ocrx_word' id='word_1_80' title='bbox 719 1613 905 1674; x_wconf 89' lang='lat' dir='ltr'><strong>sunt</strong></span> <span class='ocrx_word' id='word_1_81' title='bbox 953 1609 1159 1684; x_wconf 87' lang='lat' dir='ltr'><strong>filii;</strong></span> <span class='ocrx_word' id='word_1_82' title='bbox 1212 1611 1347 1675; x_wconf 89' lang='lat' dir='ltr'><strong>sed</strong></span> <span class='ocrx_word' id='word_1_83' title='bbox 1386 1629 1475 1674; x_wconf 89' lang='lat' dir='ltr'><strong>ne</strong></span> <span class='ocrx_word' id='word_1_84' title='bbox 1515 1611 2172 1676; x_wconf 80' lang='lat' dir='ltr'><strong>scandalizemus</strong></span> <span class='ocrx_word' id='word_1_85' title='bbox 2213 1629 2347 1675; x_wconf 91' lang='lat' dir='ltr'><strong>eos</strong></span> <span class='ocrx_word' id='word_1_86' title='bbox 2388 1613 2450 1674; x_wconf 91' lang='lat' dir='ltr'><strong>et</strong></span> <span class='ocrx_word' id='word_1_87' title='bbox 2490 1616 2718 1686; x_wconf 84' lang='lat' dir='ltr'><strong>cetera,</strong></span> 
     </span>
     <span class='ocr_line' id='line_1_14' title="bbox 424 1715 2724 1801; baseline -0 -21"><span class='ocrx_word' id='word_1_88' title='bbox 424 1717 672 1800; x_wconf 87' lang='lat' dir='ltr'><strong>quando</strong></span> <span class='ocrx_word' id='word_1_89' title='bbox 720 1717 982 1780; x_wconf 90' lang='lat' dir='ltr'><strong>Petrum</strong></span> <span class='ocrx_word' id='word_1_90' title='bbox 1030 1715 1226 1792; x_wconf 75' lang='lat' dir='ltr'><strong>misit,</strong></span> <span class='ocrx_word' id='word_1_91' title='bbox 1276 1721 1347 1781; x_wconf 91' lang='lat' dir='ltr'><strong>ut</strong></span> <span class='ocrx_word' id='word_1_92' title='bbox 1396 1715 1815 1784; x_wconf 76' lang='lat' dir='ltr'><strong>didrachmas,</strong></span> <span class='ocrx_word' id='word_1_93' title='bbox 1867 1737 2025 1801; x_wconf 87' lang='lat' dir='ltr'><strong>quae</strong></span> <span class='ocrx_word' id='word_1_94' title='bbox 2080 1723 2230 1784; x_wconf 88' lang='lat' dir='ltr'><strong>tunc</strong></span> <span class='ocrx_word' id='word_1_95' title='bbox 2289 1717 2724 1799; x_wconf 83' lang='lat' dir='ltr'><strong>exigebantur,</strong></span> 
     </span>
     <span class='ocr_line' id='line_1_15' title="bbox 424 1823 2718 1907; baseline 0 -21"><span class='ocrx_word' id='word_1_96' title='bbox 424 1824 761 1888; x_wconf 85' lang='lat' dir='ltr'><strong>soluerent.</strong></span> <span class='ocrx_word' id='word_1_97' title='bbox 826 1826 1089 1888; x_wconf 89' lang='lat' dir='ltr'><strong>nouerat</strong></span> <span class='ocrx_word' id='word_1_98' title='bbox 1154 1824 1317 1888; x_wconf 89' lang='lat' dir='ltr'><strong>enim</strong></span> <span class='ocrx_word' id='word_1_99' title='bbox 1388 1823 1559 1889; x_wconf 87' lang='lat' dir='ltr'><strong>aliud</strong></span> <span class='ocrx_word' id='word_1_100' title='bbox 1625 1824 1747 1902; x_wconf 80' lang='lat' dir='ltr'><strong>iuS,</strong></span> <span class='ocrx_word' id='word_1_101' title='bbox 1817 1843 1938 1907; x_wconf 92' lang='lat' dir='ltr'><strong>quo</strong></span> <span class='ocrx_word' id='word_1_102' title='bbox 2006 1824 2163 1889; x_wconf 86' lang='lat' dir='ltr'><strong>nihil</strong></span> <span class='ocrx_word' id='word_1_103' title='bbox 2228 1827 2355 1890; x_wconf 87' lang='lat' dir='ltr'><strong>tale</strong></span> <span class='ocrx_word' id='word_1_104' title='bbox 2424 1823 2718 1897; x_wconf 67' lang='lat' dir='ltr'><strong>debebatz</strong></span> 
     </span>
     <span class='ocr_line' id='line_1_16' title="bbox 426 1929 2722 2014; baseline 0 -20"><span class='ocrx_word' id='word_1_105' title='bbox 426 1929 535 1994; x_wconf 88' lang='lat' dir='ltr'><strong>sed</strong></span> <span class='ocrx_word' id='word_1_106' title='bbox 585 1949 656 1994; x_wconf 93' lang='lat' dir='ltr'><strong>eo</strong></span> <span class='ocrx_word' id='word_1_107' title='bbox 706 1929 839 1994; x_wconf 90' lang='lat' dir='ltr'><strong>iure</strong></span> <span class='ocrx_word' id='word_1_108' title='bbox 888 1930 1197 1995; x_wconf 88' lang='lat' dir='ltr'><strong>tributum</strong></span> <span class='ocrx_word' id='word_1_109' title='bbox 1248 1931 1301 1996; x_wconf 89' lang='lat' dir='ltr'><strong>ei</strong></span> <span class='ocrx_word' id='word_1_110' title='bbox 1350 1931 1461 1996; x_wconf 92' lang='lat' dir='ltr'><strong>ille</strong></span> <span class='ocrx_word' id='word_1_111' title='bbox 1510 1932 1823 2001; x_wconf 83' lang='lat' dir='ltr'><strong>soluebat,</strong></span> <span class='ocrx_word' id='word_1_112' title='bbox 1875 1951 1997 2014; x_wconf 91' lang='lat' dir='ltr'><strong>quo</strong></span> <span class='ocrx_word' id='word_1_113' title='bbox 2047 1931 2180 1997; x_wconf 90' lang='lat' dir='ltr'><strong>iure</strong></span> <span class='ocrx_word' id='word_1_114' title='bbox 2230 1931 2500 1996; x_wconf 82' lang='lat' dir='ltr'><strong>diximus</strong></span> <span class='ocrx_word' id='word_1_115' title='bbox 2549 1931 2722 1995; x_wconf 90' lang='lat' dir='ltr'><strong>here-</strong></span> 
     </span>
     <span class='ocr_line' id='line_1_17' title="bbox 425 2037 2723 2120; baseline 0 -20"><span class='ocrx_word' id='word_1_116' title='bbox 425 2037 567 2101; x_wconf 90' lang='lat' dir='ltr'><strong>dem</strong></span> <span class='ocrx_word' id='word_1_117' title='bbox 630 2037 985 2120; x_wconf 77' lang='lat' dir='ltr'><strong>presbyteri</strong></span> <span class='ocrx_word' id='word_1_118' title='bbox 1048 2037 1357 2103; x_wconf 81' lang='lat' dir='ltr'><strong>Honorati</strong></span> <span class='ocrx_word' id='word_1_119' title='bbox 1424 2058 1872 2104; x_wconf 87' lang='lat' dir='ltr'><strong>successurum</strong></span> <span class='ocrx_word' id='word_1_120' title='bbox 1935 2037 2156 2116; x_wconf 85' lang='lat' dir='ltr'><strong>fuisse,</strong></span> <span class='ocrx_word' id='word_1_121' title='bbox 2233 2039 2309 2112; x_wconf 79' lang='lat' dir='ltr'><strong>si,</strong></span> <span class='ocrx_word' id='word_1_122' title='bbox 2386 2041 2723 2119; x_wconf 82' lang='lat' dir='ltr'><strong>antequam</strong></span> 
     </span>
    </p>
   </div>
   <div class='ocr_carea' id='block_1_5' title="bbox 364 2143 2722 2227">
    <p class='ocr_par' dir='ltr' id='par_1_6' title="bbox 364 2143 2722 2227">
     <span class='ocr_line' id='line_1_18' title="bbox 364 2143 2722 2227; baseline 0.001 -23"><span class='ocrx_word' id='word_1_123' title='bbox 364 2167 389 2204; x_wconf 81' lang='lat'>5</span> <span class='ocrx_word' id='word_1_124' title='bbox 424 2163 553 2208; x_wconf 89' lang='lat' dir='ltr'><strong>rem</strong></span> <span class='ocrx_word' id='word_1_125' title='bbox 602 2161 783 2208; x_wconf 89' lang='lat' dir='ltr'><strong>suam</strong></span> <span class='ocrx_word' id='word_1_126' title='bbox 832 2144 935 2208; x_wconf 92' lang='lat' dir='ltr'><strong>uel</strong></span> <span class='ocrx_word' id='word_1_127' title='bbox 983 2143 1243 2208; x_wconf 88' lang='lat' dir='ltr'><strong>donaret</strong></span> <span class='ocrx_word' id='word_1_128' title='bbox 1289 2145 1393 2210; x_wconf 92' lang='lat' dir='ltr'><strong>uel</strong></span> <span class='ocrx_word' id='word_1_129' title='bbox 1441 2146 1764 2224; x_wconf 89' lang='lat' dir='ltr'><strong>uenderet,</strong></span> <span class='ocrx_word' id='word_1_130' title='bbox 1813 2149 2176 2211; x_wconf 88' lang='lat' dir='ltr'><strong>moreretur.</strong></span> <span class='ocrx_word' id='word_1_131' title='bbox 2227 2163 2612 2227; x_wconf 89' lang='lat' dir='ltr'><strong>quamquam</strong></span> <span class='ocrx_word' id='word_1_132' title='bbox 2660 2143 2722 2206; x_wconf 92' lang='lat' dir='ltr'><strong>in</strong></span> 
     </span>
    </p>
   </div>
   <div class='ocr_carea' id='block_1_6' title="bbox 426 2249 2732 3509">
    <p class='ocr_par' dir='ltr' id='par_1_7' title="bbox 426 2249 2732 3509">
     <span class='ocr_line' id='line_1_19' title="bbox 426 2249 2723 2336; baseline -0.001 -21"><span class='ocrx_word' id='word_1_133' title='bbox 426 2253 567 2335; x_wconf 89' lang='lat' dir='ltr'><strong>ipso</strong></span> <span class='ocrx_word' id='word_1_134' title='bbox 616 2252 921 2316; x_wconf 88' lang='lat' dir='ltr'><strong>ecclesiae</strong></span> <span class='ocrx_word' id='word_1_135' title='bbox 966 2251 1101 2316; x_wconf 89' lang='lat' dir='ltr'><strong>iure</strong></span> <span class='ocrx_word' id='word_1_136' title='bbox 1148 2251 1387 2316; x_wconf 88' lang='lat' dir='ltr'><strong>Paulus</strong></span> <span class='ocrx_word' id='word_1_137' title='bbox 1426 2252 1758 2336; x_wconf 88' lang='lat' dir='ltr'><strong>apostolus</strong></span> <span class='ocrx_word' id='word_1_138' title='bbox 1795 2253 2000 2336; x_wconf 90' lang='lat' dir='ltr'><strong>parcit</strong></span> <span class='ocrx_word' id='word_1_139' title='bbox 2032 2249 2297 2316; x_wconf 87' lang='lat' dir='ltr'><strong>infirmis</strong></span> <span class='ocrx_word' id='word_1_140' title='bbox 2337 2254 2402 2314; x_wconf 91' lang='lat' dir='ltr'><strong>et</strong></span> <span class='ocrx_word' id='word_1_141' title='bbox 2438 2249 2723 2314; x_wconf 87' lang='lat' dir='ltr'><strong>debitum</strong></span> 
     </span>
     <span class='ocr_line' id='line_1_20' title="bbox 430 2357 2726 2444; baseline -0.001 -22"><span class='ocrx_word' id='word_1_142' title='bbox 430 2358 815 2442; x_wconf 80' lang='lat' dir='ltr'><strong>stipendium</strong></span> <span class='ocrx_word' id='word_1_143' title='bbox 890 2379 1013 2422; x_wconf 91' lang='lat' dir='ltr'><strong>non</strong></span> <span class='ocrx_word' id='word_1_144' title='bbox 1089 2359 1285 2444; x_wconf 80' lang='lat' dir='ltr'><strong>exigit</strong></span> <span class='ocrx_word' id='word_1_145' title='bbox 1355 2361 1563 2423; x_wconf 86' lang='lat' dir='ltr'><strong>certus</strong></span> <span class='ocrx_word' id='word_1_146' title='bbox 1641 2359 2048 2438; x_wconf 85' lang='lat' dir='ltr'><strong>conscientia,</strong></span> <span class='ocrx_word' id='word_1_147' title='bbox 2128 2358 2296 2440; x_wconf 88' lang='lat' dir='ltr'><strong>quod</strong></span> <span class='ocrx_word' id='word_1_148' title='bbox 2367 2357 2726 2422; x_wconf 86' lang='lat' dir='ltr'><strong>rectissime</strong></span> 
     </span>
     <span class='ocr_line' id='line_1_21' title="bbox 428 2463 2724 2549; baseline -0.002 -19"><span class='ocrx_word' id='word_1_149' title='bbox 428 2467 724 2549; x_wconf 86' lang='lat' dir='ltr'><strong>exigeret,</strong></span> <span class='ocrx_word' id='word_1_150' title='bbox 792 2465 903 2530; x_wconf 90' lang='lat' dir='ltr'><strong>sed</strong></span> <span class='ocrx_word' id='word_1_151' title='bbox 968 2465 1129 2529; x_wconf 90' lang='lat' dir='ltr'><strong>nihil</strong></span> <span class='ocrx_word' id='word_1_152' title='bbox 1186 2465 1359 2530; x_wconf 88' lang='lat' dir='ltr'><strong>aliud</strong></span> <span class='ocrx_word' id='word_1_153' title='bbox 1416 2485 1603 2548; x_wconf 89' lang='lat' dir='ltr'><strong>quam</strong></span> <span class='ocrx_word' id='word_1_154' title='bbox 1663 2465 2090 2548; x_wconf 89' lang='lat' dir='ltr'><strong>suspicionem</strong></span> <span class='ocrx_word' id='word_1_155' title='bbox 2148 2465 2438 2530; x_wconf 87' lang='lat' dir='ltr'><strong>deuitaus</strong></span> <span class='ocrx_word' id='word_1_156' title='bbox 2485 2463 2724 2528; x_wconf 89' lang='lat' dir='ltr'><strong>bonum</strong></span> 
     </span>
     <span class='ocr_line' id='line_1_22' title="bbox 430 2570 2726 2655; baseline -0.003 -16"><span class='ocrx_word' id='word_1_157' title='bbox 430 2573 681 2639; x_wconf 88' lang='lat' dir='ltr'><strong>odorem</strong></span> <span class='ocrx_word' id='word_1_158' title='bbox 752 2571 989 2637; x_wconf 88' lang='lat' dir='ltr'><strong>Christi</strong></span> <span class='ocrx_word' id='word_1_159' title='bbox 1062 2572 1422 2636; x_wconf 81' lang='lat' dir='ltr'><strong>turbantem</strong></span> <span class='ocrx_word' id='word_1_160' title='bbox 1496 2577 1561 2637; x_wconf 91' lang='lat' dir='ltr'><strong>et</strong></span> <span class='ocrx_word' id='word_1_161' title='bbox 1634 2572 1710 2636; x_wconf 89' lang='lat' dir='ltr'><strong>ab</strong></span> <span class='ocrx_word' id='word_1_162' title='bbox 1785 2573 1898 2636; x_wconf 92' lang='lat' dir='ltr'><strong>illa</strong></span> <span class='ocrx_word' id='word_1_163' title='bbox 1965 2572 2245 2655; x_wconf 86' lang='lat' dir='ltr'><strong>maligna</strong></span> <span class='ocrx_word' id='word_1_164' title='bbox 2309 2570 2520 2653; x_wconf 89' lang='lat' dir='ltr'><strong>specie</strong></span> <span class='ocrx_word' id='word_1_165' title='bbox 2585 2587 2726 2634; x_wconf 88' lang='lat' dir='ltr'><strong>sese</strong></span> 
     </span>
     <span class='ocr_line' id='line_1_23' title="bbox 430 2675 2726 2762; baseline -0.002 -20"><span class='ocrx_word' id='word_1_166' title='bbox 430 2677 751 2742; x_wconf 85' lang='lat' dir='ltr'><strong>abstinens</strong></span> <span class='ocrx_word' id='word_1_167' title='bbox 800 2679 859 2742; x_wconf 89' lang='lat' dir='ltr'><strong>in</strong></span> <span class='ocrx_word' id='word_1_168' title='bbox 910 2679 999 2742; x_wconf 89' lang='lat' dir='ltr'><strong>eis</strong></span> <span class='ocrx_word' id='word_1_169' title='bbox 1048 2679 1433 2762; x_wconf 88' lang='lat' dir='ltr'><strong>regionibus,</strong></span> <span class='ocrx_word' id='word_1_170' title='bbox 1482 2679 1591 2743; x_wconf 91' lang='lat' dir='ltr'><strong>ubi</strong></span> <span class='ocrx_word' id='word_1_171' title='bbox 1641 2679 1758 2742; x_wconf 90' lang='lat' dir='ltr'><strong>hoc</strong></span> <span class='ocrx_word' id='word_1_172' title='bbox 1809 2683 2072 2744; x_wconf 86' lang='lat' dir='ltr'><strong>nouerat</strong></span> <span class='ocrx_word' id='word_1_173' title='bbox 2119 2682 2424 2761; x_wconf 83' lang='lat' dir='ltr'><strong>oportere,</strong></span> <span class='ocrx_word' id='word_1_174' title='bbox 2463 2679 2529 2740; x_wconf 89' lang='lat' dir='ltr'><strong>et</strong></span> <span class='ocrx_word' id='word_1_175' title='bbox 2565 2675 2726 2739; x_wconf 91' lang='lat' dir='ltr'><strong>forte</strong></span> 
     </span>
     <span class='ocr_line' id='line_1_24' title="bbox 430 2783 2728 2868; baseline -0.001 -20"><span class='ocrx_word' id='word_1_176' title='bbox 430 2787 767 2866; x_wconf 86' lang='lat' dir='ltr'><strong>antequam</strong></span> <span class='ocrx_word' id='word_1_177' title='bbox 833 2785 1159 2849; x_wconf 88' lang='lat' dir='ltr'><strong>tristitiam</strong></span> <span class='ocrx_word' id='word_1_178' title='bbox 1217 2786 1545 2851; x_wconf 89' lang='lat' dir='ltr'><strong>hominum</strong></span> <span class='ocrx_word' id='word_1_179' title='bbox 1601 2785 1835 2850; x_wconf 88' lang='lat' dir='ltr'><strong>fuisset</strong></span> <span class='ocrx_word' id='word_1_180' title='bbox 1890 2787 2200 2868; x_wconf 80' lang='lat' dir='ltr'><strong>expertus,</strong></span> <span class='ocrx_word' id='word_1_181' title='bbox 2269 2783 2379 2850; x_wconf 90' lang='lat' dir='ltr'><strong>sed</strong></span> <span class='ocrx_word' id='word_1_182' title='bbox 2433 2803 2548 2848; x_wconf 90' lang='lat' dir='ltr'><strong>nos</strong></span> <span class='ocrx_word' id='word_1_183' title='bbox 2605 2785 2728 2846; x_wconf 88' lang='lat' dir='ltr'><strong>tar-</strong></span> 
     </span>
     <span class='ocr_line' id='line_1_25' title="bbox 430 2889 2578 2976; baseline 0 -22"><span class='ocrx_word' id='word_1_184' title='bbox 430 2889 637 2956; x_wconf 86' lang='lat' dir='ltr'><strong>diores</strong></span> <span class='ocrx_word' id='word_1_185' title='bbox 686 2893 791 2956; x_wconf 92' lang='lat' dir='ltr'><strong>uel</strong></span> <span class='ocrx_word' id='word_1_186' title='bbox 839 2892 1075 2976; x_wconf 83' lang='lat' dir='ltr'><strong>experti</strong></span> <span class='ocrx_word' id='word_1_187' title='bbox 1123 2891 1537 2976; x_wconf 85' lang='lat' dir='ltr'><strong>corrigamus,</strong></span> <span class='ocrx_word' id='word_1_188' title='bbox 1587 2893 1756 2974; x_wconf 90' lang='lat' dir='ltr'><strong>quod</strong></span> <span class='ocrx_word' id='word_1_189' title='bbox 1801 2892 2171 2976; x_wconf 89' lang='lat' dir='ltr'><strong>praeuidere</strong></span> <span class='ocrx_word' id='word_1_190' title='bbox 2218 2891 2578 2955; x_wconf 76' lang='lat' dir='ltr'><strong>debuimus,</strong></span> 
     </span>
     <span class='ocr_line' id='line_1_26' title="bbox 517 2997 2727 3082; baseline -0.002 -20"><span class='ocrx_word' id='word_1_191' title='bbox 517 2997 870 3077; x_wconf 86' lang='lat' dir='ltr'><strong>Postremo,</strong></span> <span class='ocrx_word' id='word_1_192' title='bbox 920 2998 1067 3080; x_wconf 88' lang='lat' dir='ltr'><strong>quia</strong></span> <span class='ocrx_word' id='word_1_193' title='bbox 1114 2997 1322 3062; x_wconf 88' lang='lat' dir='ltr'><strong>omnia</strong></span> <span class='ocrx_word' id='word_1_194' title='bbox 1368 2999 1563 3064; x_wconf 90' lang='lat' dir='ltr'><strong>timeo</strong></span> <span class='ocrx_word' id='word_1_195' title='bbox 1615 3003 1680 3063; x_wconf 90' lang='lat' dir='ltr'><strong>et</strong></span> <span class='ocrx_word' id='word_1_196' title='bbox 1725 2998 2001 3076; x_wconf 88' lang='lat' dir='ltr'><strong>memini,</strong></span> <span class='ocrx_word' id='word_1_197' title='bbox 2051 2999 2112 3063; x_wconf 89' lang='lat' dir='ltr'><strong>in</strong></span> <span class='ocrx_word' id='word_1_198' title='bbox 2162 2999 2454 3082; x_wconf 87' lang='lat' dir='ltr'><strong>digressu</strong></span> <span class='ocrx_word' id='word_1_199' title='bbox 2511 2999 2727 3061; x_wconf 82' lang='lat' dir='ltr'><strong>nost-ro</strong></span> 
     </span>
     <span class='ocr_line' id='line_1_27' title="bbox 432 3103 2728 3190; baseline -0.001 -21"><span class='ocrx_word' id='word_1_200' title='bbox 432 3104 585 3186; x_wconf 87' lang='lat' dir='ltr'><strong>quid</strong></span> <span class='ocrx_word' id='word_1_201' title='bbox 638 3105 1063 3188; x_wconf 82' lang='lat' dir='ltr'><strong>proposueris,</strong></span> <span class='ocrx_word' id='word_1_202' title='bbox 1124 3105 1290 3188; x_wconf 89' lang='lat' dir='ltr'><strong>quod</strong></span> <span class='ocrx_word' id='word_1_203' title='bbox 1346 3125 1447 3170; x_wconf 90' lang='lat' dir='ltr'><strong>me</strong></span> <span class='ocrx_word' id='word_1_204' title='bbox 1504 3107 1728 3170; x_wconf 87' lang='lat' dir='ltr'><strong>fratres</strong></span> <span class='ocrx_word' id='word_1_205' title='bbox 1777 3105 2198 3190; x_wconf 85' lang='lat' dir='ltr'><strong>Tagastenses</strong></span> <span class='ocrx_word' id='word_1_206' title='bbox 2257 3107 2511 3169; x_wconf 85' lang='lat' dir='ltr'><strong>teneant</strong></span> <span class='ocrx_word' id='word_1_207' title='bbox 2558 3103 2728 3168; x_wconf 87' lang='lat' dir='ltr'><strong>debi-</strong></span> 
     </span>
     <span class='ocr_line' id='line_1_28' title="bbox 432 3209 2728 3296; baseline 0 -22"><span class='ocrx_word' id='word_1_208' title='bbox 432 3216 633 3276; x_wconf 87' lang='lat' dir='ltr'><strong>torem</strong></span> <span class='ocrx_word' id='word_1_209' title='bbox 697 3211 761 3276; x_wconf 89' lang='lat' dir='ltr'><strong>in</strong></span> <span class='ocrx_word' id='word_1_210' title='bbox 828 3211 1087 3278; x_wconf 90' lang='lat' dir='ltr'><strong>dimidio</strong></span> <span class='ocrx_word' id='word_1_211' title='bbox 1153 3212 1328 3277; x_wconf 91' lang='lat' dir='ltr'><strong>illius</strong></span> <span class='ocrx_word' id='word_1_212' title='bbox 1394 3213 1604 3296; x_wconf 88' lang='lat' dir='ltr'><strong>pretii,</strong></span> <span class='ocrx_word' id='word_1_213' title='bbox 1671 3213 1726 3278; x_wconf 89' lang='lat' dir='ltr'><strong>si</strong></span> <span class='ocrx_word' id='word_1_214' title='bbox 1792 3213 1912 3278; x_wconf 90' lang='lat' dir='ltr'><strong>hoc</strong></span> <span class='ocrx_word' id='word_1_215' title='bbox 1979 3211 2221 3278; x_wconf 83' lang='lat' dir='ltr'><strong>iustum</strong></span> <span class='ocrx_word' id='word_1_216' title='bbox 2289 3231 2426 3276; x_wconf 90' lang='lat' dir='ltr'><strong>esse</strong></span> <span class='ocrx_word' id='word_1_217' title='bbox 2482 3209 2728 3294; x_wconf 87' lang='lat' dir='ltr'><strong>liquido</strong></span> 
     </span>
     <span class='ocr_line' id='line_1_29' title="bbox 430 3317 2728 3404; baseline -0 -21"><span class='ocrx_word' id='word_1_218' title='bbox 430 3317 759 3404; x_wconf 89' lang='lat' dir='ltr'><strong>perspicis,</strong></span> <span class='ocrx_word' id='word_1_219' title='bbox 837 3339 907 3383; x_wconf 86' lang='lat' dir='ltr'><strong>ea</strong></span> <span class='ocrx_word' id='word_1_220' title='bbox 983 3318 1132 3384; x_wconf 90' lang='lat' dir='ltr'><strong>dum</strong></span> <span class='ocrx_word' id='word_1_221' title='bbox 1206 3322 1379 3386; x_wconf 82' lang='lat' dir='ltr'><strong>taxat</strong></span> <span class='ocrx_word' id='word_1_222' title='bbox 1451 3319 1820 3384; x_wconf 90' lang='lat' dir='ltr'><strong>condicione</strong></span> <span class='ocrx_word' id='word_1_223' title='bbox 1896 3339 2016 3383; x_wconf 91' lang='lat' dir='ltr'><strong>non</strong></span> <span class='ocrx_word' id='word_1_224' title='bbox 2093 3319 2320 3398; x_wconf 89' lang='lat' dir='ltr'><strong>abnuo,</strong></span> <span class='ocrx_word' id='word_1_225' title='bbox 2403 3323 2498 3394; x_wconf 83' lang='lat' dir='ltr'><strong>ut,</strong></span> <span class='ocrx_word' id='word_1_226' title='bbox 2583 3337 2728 3382; x_wconf 87' lang='lat' dir='ltr'><strong>cum</strong></span> 
     </span>
     <span class='ocr_line' id='line_1_30' title="bbox 434 3425 2732 3509; baseline -0 -19"><span class='ocrx_word' id='word_1_227' title='bbox 434 3425 729 3506; x_wconf 87' lang='lat' dir='ltr'><strong>habuero,</strong></span> <span class='ocrx_word' id='word_1_228' title='bbox 777 3425 1057 3500; x_wconf 85' lang='lat' dir='ltr'><strong>reddam,</strong></span> <span class='ocrx_word' id='word_1_229' title='bbox 1103 3425 1171 3490; x_wconf 88' lang='lat' dir='ltr'><strong>id</strong></span> <span class='ocrx_word' id='word_1_230' title='bbox 1216 3430 1315 3490; x_wconf 85' lang='lat' dir='ltr'><strong>est</strong></span> <span class='ocrx_word' id='word_1_231' title='bbox 1363 3445 1507 3491; x_wconf 90' lang='lat' dir='ltr'><strong>cum</strong></span> <span class='ocrx_word' id='word_1_232' title='bbox 1556 3425 1796 3509; x_wconf 87' lang='lat' dir='ltr'><strong>aliquid</strong></span> <span class='ocrx_word' id='word_1_233' title='bbox 1833 3429 2080 3490; x_wconf 87' lang='lat' dir='ltr'><strong>tantum</strong></span> <span class='ocrx_word' id='word_1_234' title='bbox 2123 3425 2453 3491; x_wconf 87' lang='lat' dir='ltr'><strong>obuenerit</strong></span> <span class='ocrx_word' id='word_1_235' title='bbox 2487 3425 2732 3508; x_wconf 87' lang='lat' dir='ltr'><strong>Hippo-</strong></span> 
     </span>
    </p>
   </div>
   <div class='ocr_carea' id='block_1_7' title="bbox 614 3657 2500 3722">
    <p class='ocr_par' dir='ltr' id='par_1_8' title="bbox 614 3657 2500 3722">
     <span class='ocr_line' id='line_1_31' title="bbox 614 3657 2500 3722; baseline -0.001 -10"><span class='ocrx_word' id='word_1_236' title='bbox 614 3661 643 3713; x_wconf 88' lang='lat'>7</span> <span class='ocrx_word' id='word_1_237' title='bbox 683 3659 798 3713; x_wconf 93' lang='lat' dir='ltr'><strong>Ioh.</strong></span> <span class='ocrx_word' id='word_1_238' title='bbox 842 3659 923 3722; x_wconf 88' lang='grc'><strong>16,</strong></span> <span class='ocrx_word' id='word_1_239' title='bbox 969 3661 1033 3712; x_wconf 85' lang='grc'><strong>12</strong></span> <span class='ocrx_word' id='word_1_240' title='bbox 1144 3661 1176 3712; x_wconf 89' lang='grc'><strong>9</strong></span> <span class='ocrx_word' id='word_1_241' title='bbox 1213 3659 1410 3712; x_wconf 75' lang='lat' dir='ltr'><strong>Matth.</strong></span> <span class='ocrx_word' id='word_1_242' title='bbox 1454 3661 1537 3722; x_wconf 84' lang='lat'><strong>17,</strong></span> <span class='ocrx_word' id='word_1_243' title='bbox 1578 3659 1790 3712; x_wconf 83' lang='lat'>26-27</span> <span class='ocrx_word' id='word_1_244' title='bbox 1906 3661 1968 3714; x_wconf 87' lang='grc'><strong>15</strong></span> <span class='ocrx_word' id='word_1_245' title='bbox 2008 3659 2034 3712; x_wconf 94' lang='grc' dir='ltr'>Ι</span> <span class='ocrx_word' id='word_1_246' title='bbox 2073 3657 2194 3715; x_wconf 86' lang='lat' dir='ltr'><strong>Cor.</strong></span> <span class='ocrx_word' id='word_1_247' title='bbox 2235 3661 2284 3722; x_wconf 86' lang='lat'><strong>9,</strong></span> <span class='ocrx_word' id='word_1_248' title='bbox 2330 3660 2500 3712; x_wconf 78' lang='lat'>1—15</span> 
     </span>
    </p>
   </div>
   <div class='ocr_carea' id='block_1_8' title="bbox 434 3791 2734 4430">
    <p class='ocr_par' dir='ltr' id='par_1_9' title="bbox 434 3791 2734 4430">
     <span class='ocr_line' id='line_1_32' title="bbox 503 3791 2732 3899; baseline -0.001 -18"><span class='ocrx_word' id='word_1_249' title='bbox 503 3828 535 3880; x_wconf 90' lang='grc'><strong>3</strong></span> <span class='ocrx_word' id='word_1_250' title='bbox 576 3827 795 3882; x_wconf 88' lang='lat' dir='ltr'><strong>obsecro</strong></span> <span class='ocrx_word' id='word_1_251' title='bbox 835 3832 891 3882; x_wconf 89' lang='lat' dir='ltr'><strong>te</strong></span> <span class='ocrx_word' id='word_1_252' title='bbox 930 3833 990 3880; x_wconf 88' lang='lat' dir='ltr'><strong>ut</strong></span> <span class='ocrx_word' id='word_1_253' title='bbox 1027 3827 1146 3884; x_wconf 81' lang='lat' dir='ltr'><strong>edd.</strong></span> <span class='ocrx_word' id='word_1_254' title='bbox 1286 3830 1317 3882; x_wconf 87' lang='lat'>5</span> <span class='ocrx_word' id='word_1_255' title='bbox 1358 3828 1698 3897; x_wconf 84' lang='lat' dir='ltr'><strong>apertissime</strong></span> <span class='ocrx_word' id='word_1_256' title='bbox 1737 3827 1858 3882; x_wconf 82' lang='lat' dir='ltr'><strong>edd.</strong></span> <span class='ocrx_word' id='word_1_257' title='bbox 2013 3827 2194 3899; x_wconf 86' lang='lat' dir='ltr'><strong>modo]</strong></span> <span class='ocrx_word' id='word_1_258' title='bbox 2235 3791 2268 3881; x_wconf 65' lang='grc'><strong>11</strong></span> <span class='ocrx_word' id='word_1_259' title='bbox 2315 3827 2365 3880; x_wconf 87' lang='lat' dir='ltr'><em>T</em></span> <span class='ocrx_word' id='word_1_260' title='bbox 2497 3828 2529 3880; x_wconf 84' lang='lat'>6</span> <span class='ocrx_word' id='word_1_261' title='bbox 2570 3841 2732 3879; x_wconf 86' lang='lat' dir='ltr'><strong>causa</strong></span> 
     </span>
     <span class='ocr_line' id='line_1_33' title="bbox 434 3903 2730 3986; baseline -0.001 -16"><span class='ocrx_word' id='word_1_262' title='bbox 434 3933 539 3970; x_wconf 91' lang='lat' dir='ltr'><strong>non</strong></span> <span class='ocrx_word' id='word_1_263' title='bbox 580 3917 809 3986; x_wconf 85' lang='lat' dir='ltr'><strong>potestis</strong></span> <span class='ocrx_word' id='word_1_264' title='bbox 848 3923 1096 3970; x_wconf 84' lang='lat' dir='ltr'><strong>seruetur</strong></span> <span class='ocrx_word' id='word_1_265' title='bbox 1134 3923 1261 3982; x_wconf 89' lang='lat' dir='ltr'><strong>(non</strong></span> <span class='ocrx_word' id='word_1_266' title='bbox 1300 3917 1531 3986; x_wconf 89' lang='lat' dir='ltr'><strong>potestis</strong></span> <span class='ocrx_word' id='word_1_267' title='bbox 1570 3916 1712 3984; x_wconf 58' lang='lat' dir='ltr'><strong>eam.)</strong></span> <span class='ocrx_word' id='word_1_268' title='bbox 1760 3917 1812 3971; x_wconf 94' lang='lat' dir='ltr'><strong><em>U</em></strong></span> <span class='ocrx_word' id='word_1_269' title='bbox 1976 3917 2034 3970; x_wconf 91' lang='lat'><strong>11</strong></span> <span class='ocrx_word' id='word_1_270' title='bbox 2091 3903 2398 3984; x_wconf 82' lang='lat' dir='ltr'><strong>didragmas</strong></span> <span class='ocrx_word' id='word_1_271' title='bbox 2445 3913 2610 3969; x_wconf 80' lang='lat' dir='ltr'><strong>THR</strong></span> <span class='ocrx_word' id='word_1_272' title='bbox 2647 3912 2730 3966; x_wconf 85' lang='lat' dir='ltr'><strong>‹li-</strong></span> 
     </span>
     <span class='ocr_line' id='line_1_34' title="bbox 434 4005 2732 4075; baseline -0.003 -15"><span class='ocrx_word' id='word_1_273' title='bbox 434 4023 701 4073; x_wconf 78' lang='lat' dir='ltr'><strong>grammas</strong></span> <span class='ocrx_word' id='word_1_274' title='bbox 750 4005 857 4060; x_wconf 80' lang='lat' dir='ltr'><strong>VU</strong></span> <span class='ocrx_word' id='word_1_275' title='bbox 965 4007 1030 4060; x_wconf 86' lang='lat'><strong>12</strong></span> <span class='ocrx_word' id='word_1_276' title='bbox 1067 4006 1305 4060; x_wconf 88' lang='lat' dir='ltr'><strong>solueret</strong></span> <span class='ocrx_word' id='word_1_277' title='bbox 1343 4009 1389 4070; x_wconf 87' lang='lat' dir='ltr'><strong>(t</strong></span> <span class='ocrx_word' id='word_1_278' title='bbox 1425 4006 1487 4058; x_wconf 79' lang='lat' dir='ltr'><strong>in</strong></span> <span class='ocrx_word' id='word_1_279' title='bbox 1521 4011 1662 4072; x_wconf 77' lang='lat' dir='ltr'><strong>rae.)</strong></span> <span class='ocrx_word' id='word_1_280' title='bbox 1709 4005 1758 4059; x_wconf 81' lang='lat' dir='ltr'><strong><em>V</em></strong></span> <span class='ocrx_word' id='word_1_281' title='bbox 1902 4005 2044 4075; x_wconf 88' lang='lat' dir='ltr'><strong>quod</strong></span> <span class='ocrx_word' id='word_1_282' title='bbox 2089 4005 2140 4058; x_wconf 82' lang='lat' dir='ltr'><strong><em>T</em></strong></span> <span class='ocrx_word' id='word_1_283' title='bbox 2259 4005 2326 4057; x_wconf 88' lang='grc'><strong>14</strong></span> <span class='ocrx_word' id='word_1_284' title='bbox 2364 4017 2732 4056; x_wconf 81' lang='lat' dir='ltr'><strong>successurum</strong></span> 
     </span>
     <span class='ocr_line' id='line_1_35' title="bbox 434 4089 2734 4162; baseline -0.001 -15"><span class='ocrx_word' id='word_1_285' title='bbox 434 4111 499 4147; x_wconf 80' lang='lat' dir='ltr'><strong>ex</strong></span> <span class='ocrx_word' id='word_1_286' title='bbox 536 4109 913 4147; x_wconf 86' lang='lat' dir='ltr'><strong>succensurum</strong></span> <span class='ocrx_word' id='word_1_287' title='bbox 960 4093 1011 4146; x_wconf 91' lang='lat' dir='ltr'><em>U</em></span> <span class='ocrx_word' id='word_1_288' title='bbox 1200 4095 1265 4148; x_wconf 88' lang='grc'><strong>15</strong></span> <span class='ocrx_word' id='word_1_289' title='bbox 1304 4111 1624 4162; x_wconf 87' lang='lat' dir='ltr'><strong>quamquam</strong></span> <span class='ocrx_word' id='word_1_290' title='bbox 1667 4097 1781 4162; x_wconf 79' lang='lat' dir='ltr'><strong>(pr.</strong></span> <span class='ocrx_word' id='word_1_291' title='bbox 1820 4109 1852 4147; x_wconf 88' lang='lat' dir='ltr'><strong>a</strong></span> <span class='ocrx_word' id='word_1_292' title='bbox 1890 4093 1950 4146; x_wconf 81' lang='lat' dir='ltr'><strong>in</strong></span> <span class='ocrx_word' id='word_1_293' title='bbox 1984 4109 2097 4149; x_wconf 72' lang='lat' dir='ltr'><strong>ras.</strong></span> <span class='ocrx_word' id='word_1_294' title='bbox 2135 4109 2203 4146; x_wconf 82' lang='lat' dir='ltr'><strong>m.</strong></span> <span class='ocrx_word' id='word_1_295' title='bbox 2227 4097 2282 4158; x_wconf 91' lang='lat'><strong>1;</strong></span> <span class='ocrx_word' id='word_1_296' title='bbox 2308 4091 2500 4159; x_wconf 72' lang='lat' dir='ltr'><strong>fuitne</strong></span> <span class='ocrx_word' id='word_1_297' title='bbox 2537 4107 2564 4144; x_wconf 90' lang='lat' dir='ltr'><strong>e</strong></span> <span class='ocrx_word' id='word_1_298' title='bbox 2588 4089 2638 4156; x_wconf 81' lang='lat'><strong>?)</strong></span> <span class='ocrx_word' id='word_1_299' title='bbox 2679 4089 2734 4145; x_wconf 81' lang='lat' dir='ltr'><em>R</em></span> 
     </span>
     <span class='ocr_line' id='line_1_36' title="bbox 440 4181 2734 4252; baseline -0.002 -16"><span class='ocrx_word' id='word_1_300' title='bbox 440 4183 503 4236; x_wconf 82' lang='lat'><strong>16</strong></span> <span class='ocrx_word' id='word_1_301' title='bbox 541 4183 818 4252; x_wconf 81' lang='lat' dir='ltr'><strong>apostolus</strong></span> <span class='ocrx_word' id='word_1_302' title='bbox 858 4199 961 4238; x_wconf 88' lang='lat' dir='ltr'><strong>om.</strong></span> <span class='ocrx_word' id='word_1_303' title='bbox 1006 4181 1173 4236; x_wconf 89' lang='lat' dir='ltr'><strong>TVU</strong></span> <span class='ocrx_word' id='word_1_304' title='bbox 1294 4185 1359 4236; x_wconf 88' lang='lat'><strong>19</strong></span> <span class='ocrx_word' id='word_1_305' title='bbox 1399 4181 1602 4236; x_wconf 88' lang='lat' dir='ltr'><strong>Christi</strong></span> <span class='ocrx_word' id='word_1_306' title='bbox 1642 4182 1861 4236; x_wconf 86' lang='lat' dir='ltr'><strong>odorem</strong></span> <span class='ocrx_word' id='word_1_307' title='bbox 1899 4181 2019 4236; x_wconf 78' lang='lat' dir='ltr'><strong>edd.</strong></span> <span class='ocrx_word' id='word_1_308' title='bbox 2143 4183 2214 4236; x_wconf 90' lang='grc'><strong>20</strong></span> <span class='ocrx_word' id='word_1_309' title='bbox 2251 4181 2345 4235; x_wconf 82' lang='grc'><strong>11111</strong></span> <span class='ocrx_word' id='word_1_310' title='bbox 2381 4181 2482 4234; x_wconf 90' lang='lat' dir='ltr'><strong>hoc</strong></span> <span class='ocrx_word' id='word_1_311' title='bbox 2520 4181 2582 4234; x_wconf 75' lang='lat' dir='ltr'><strong>in</strong></span> <span class='ocrx_word' id='word_1_312' title='bbox 2617 4195 2734 4232; x_wconf 73' lang='lat' dir='ltr'><strong>ras.</strong></span> 
     </span>
     <span class='ocr_line' id='line_1_37' title="bbox 437 4268 2731 4340; baseline 0 -18"><span class='ocrx_word' id='word_1_313' title='bbox 437 4287 501 4322; x_wconf 83' lang='lat' dir='ltr'><strong>m.</strong></span> <span class='ocrx_word' id='word_1_314' title='bbox 526 4276 580 4334; x_wconf 85' lang='lat'><strong>1‚·</strong></span> <span class='ocrx_word' id='word_1_315' title='bbox 606 4271 729 4338; x_wconf 71' lang='lat' dir='ltr'><strong>suit</strong></span> <span class='ocrx_word' id='word_1_316' title='bbox 768 4270 860 4324; x_wconf 86' lang='lat' dir='ltr'><strong>ubi</strong></span> <span class='ocrx_word' id='word_1_317' title='bbox 900 4274 1023 4334; x_wconf 84' lang='lat' dir='ltr'><strong>(om.</strong></span> <span class='ocrx_word' id='word_1_318' title='bbox 1056 4271 1179 4337; x_wconf 89' lang='lat' dir='ltr'><strong>hoc)</strong></span> <span class='ocrx_word' id='word_1_319' title='bbox 1210 4270 1265 4324; x_wconf 80' lang='lat' dir='ltr'><em>R</em></span> <span class='ocrx_word' id='word_1_320' title='bbox 1338 4273 1407 4324; x_wconf 85' lang='grc'><strong>23</strong></span> <span class='ocrx_word' id='word_1_321' title='bbox 1443 4271 1649 4324; x_wconf 88' lang='grc'><strong>1101111111</strong></span> <span class='ocrx_word' id='word_1_322' title='bbox 1685 4270 1786 4325; x_wconf 87' lang='lat' dir='ltr'><strong>TR</strong></span> <span class='ocrx_word' id='word_1_323' title='bbox 1825 4280 1984 4327; x_wconf 83' lang='lat' dir='ltr'><strong>(corr.</strong></span> <span class='ocrx_word' id='word_1_324' title='bbox 2017 4289 2082 4326; x_wconf 83' lang='lat' dir='ltr'><strong>m.</strong></span> <span class='ocrx_word' id='word_1_325' title='bbox 2105 4276 2134 4324; x_wconf 91' lang='lat'><em>1</em></span> <span class='ocrx_word' id='word_1_326' title='bbox 2161 4271 2404 4340; x_wconf 80' lang='lat' dir='ltr'><strong>memini)</strong></span> <span class='ocrx_word' id='word_1_327' title='bbox 2475 4271 2546 4324; x_wconf 87' lang='lat'><strong>24</strong></span> <span class='ocrx_word' id='word_1_328' title='bbox 2577 4268 2731 4339; x_wconf 75' lang='lat' dir='ltr'><strong>quid!</strong></span> 
     </span>
     <span class='ocr_line' id='line_1_38' title="bbox 438 4359 1449 4430; baseline 0.003 -20"><span class='ocrx_word' id='word_1_329' title='bbox 438 4359 583 4428; x_wconf 85' lang='lat' dir='ltr'><strong>quod</strong></span> <span class='ocrx_word' id='word_1_330' title='bbox 636 4359 741 4415; x_wconf 91' lang='lat' dir='ltr'><strong>VU</strong></span> <span class='ocrx_word' id='word_1_331' title='bbox 844 4361 911 4413; x_wconf 88' lang='grc'><strong>27</strong></span> <span class='ocrx_word' id='word_1_332' title='bbox 952 4360 1290 4430; x_wconf 87' lang='lat' dir='ltr'><strong>Hipponensi</strong></span> <span class='ocrx_word' id='word_1_333' title='bbox 1330 4359 1449 4414; x_wconf 80' lang='lat' dir='ltr'><strong>edd.</strong></span> 
     </span>
    </p>
   </div>
  </div>
 </body>
</html>
