3184 4959
1017 435 1542 507 epistularum
1598 435 1843 490 XLVIII.
1898 435 2087 491 XLIX.
2572 441 2695 506 141

411 629 576 714 gelio
625 629 1022 697 confirmauit
1066 635 1132 694 et
1177 630 1470 714 apostoli,
1517 650 1630 715 per
1669 651 1829 714 quos
1870 631 2085 698 eadem
2128 633 2401 699 ecclesia
2438 635 2705 700 dilatata

411 739 528 816 est,
577 737 748 802 sicut
800 736 876 801 ds
930 736 1048 801 illa
1098 737 1494 820 praedictum
1551 741 1703 804 erat.
1771 757 1915 802 nam
1983 743 2047 803 et
2107 739 2173 804 in
2231 739 2439 822 capite
2498 759 2703 806 sacro-

411 842 614 908 sancti
659 842 945 926 psalterii
1003 843 1310 926 scriptum
1367 846 1468 909 est
1521 843 1597 909 de
1662 844 1793 910 filio
1862 844 1991 910 dei:
2040 845 2429 912 Dominus
2498 847 2706 912 dixit

413 949 504 1014 ad
577 969 723 1014 me:
800 948 1066 1014 Filius
1135 969 1356 1016 meus
1431 969 1510 1016 es
1585 953 1693 1030 tu,
1763 969 1907 1034 ego
1972 950 2217 1016 hodie
2281 953 2523 1038 genui
2586 957 2702 1030 tc;

360 1079 385 1118 5
413 1057 744 1148 postula
781 1075 819 1120 a
855 1075 970 1120 me
1009 1059 1082 1120 et
1119 1055 1319 1122 dabo
1357 1056 1517 1121 tibi
1555 1059 1841 1140 gentes
1888 1056 2437 1123 hereditatem
2484 1063 2701 1124 tuam

415 1166 492 1226 et
547 1161 1155 1244 possessionem
1221 1165 1438 1226 tuam
1505 1162 1898 1228 terminos
1964 1167 2253 1242 terrae,
2302 1165 2551 1248 etipse
2596 1165 2703 1231 do·

413 1268 622 1333 minus
695 1269 876 1334 Iesus
956 1267 1250 1334 Christus
1329 1269 1487 1334 dicit
1555 1268 1957 1354 euangelium
2024 1288 2212 1336 suum
2276 1271 2339 1336 in
2408 1271 2705 1338 omnibus

415 1375 708 1456 gentibus
763 1375 1051 1441 futurum
1107 1379 1172 1440 et
1226 1375 1556 1459 apostolus
1612 1375 1876 1455 Paulus,
1934 1378 2273 1459 antequam
2330 1396 2536 1443 sermo
2603 1379 2707 1444 dei

285 1571 290 1575 ‚
412 1481 476 1546 in
520 1482 800 1547 Africam
844 1481 1262 1564 peruenisset,
1307 1481 1373 1546 in
1419 1481 1560 1564 ipso
1610 1482 1819 1565 capite
1865 1482 2197 1566 epistulae,
2246 1503 2432 1566 quam
2483 1485 2710 1550 scribit

327 1612 380 1653 ιο
415 1587 492 1654 ad
547 1587 897 1655 Romanos:
953 1589 1102 1654 Per
1148 1607 1374 1671 quem
1421 1589 1911 1672 accepimuS,
1957 1590 2186 1672 inquit,
2236 1591 2582 1675 gratiam
2630 1593 2710 1657 et

417 1696 982 1778 apostolatum
1069 1695 1159 1762 ad
1243 1695 1825 1763 obaudiendum
1911 1695 2114 1761 fidei
2188 1697 2259 1762 in
2338 1697 2707 1764 omnibus

419 1802 806 1886 gentibus
869 1821 1007 1884 pro
1073 1802 1392 1868 nomine
1457 1803 1657 1868 eius.
1723 1801 1947 1867 deinde
1997 1803 2139 1886 ipse
2195 1803 2286 1868 ab
2332 1805 2708 1870 Hierusa-

415 1909 569 1973 lem
625 1909 702 1974 in
759 1907 1125 1974 circuitu
1180 1927 1292 1992 per
1335 1911 1538 1974 totam
1583 1907 1805 1973 Asiam
1850 1908 2231 1992 usquein
2278 1909 2705 1994 Illyricum

418 2015 937 2096 euangelium
990 2015 1532 2098 praedicauit,
1588 2015 1894 2080 ecclesias
1951 2015 2285 2084 constituit
2330 2021 2521 2100 atque
2565 2017 2709 2082 fun-

330 2145 382 2186 15
422 2119 618 2199 dauit,
667 2140 817 2187 non
867 2122 1044 2206 ipse
1090 2122 1229 2187 sed
1276 2122 1543 2206 gratia
1591 2121 1718 2186 dei
1768 2139 1935 2186 cum
1988 2140 2097 2200 eo,
2136 2122 2480 2205 sicutipse
2515 2127 2708 2188 testa-

417 2230 539 2291 tur.
608 2228 759 2310 quid
826 2233 1037 2294 autem
1105 2229 1466 2294 euidentius
1533 2247 1832 2312 apparere
1892 2230 2127 2311 potest,
2195 2247 2384 2312 quam
2442 2247 2587 2294 cum
2644 2229 2709 2295 in

417 2333 554 2399 eius
621 2335 915 2417 epistulis
981 2336 1236 2402 nomina
1291 2335 1482 2401 etiam
1536 2336 1869 2420 regionum
1924 2336 2030 2400 uel
2086 2335 2424 2400 ciuitatum
2470 2336 2709 2401 inueni-

418 2445 606 2508 mus?
663 2440 739 2508 ad
793 2441 1133 2522 RomanoS,
1190 2442 1268 2508 ad
1328 2441 1713 2521 Corinthios,
1771 2442 1849 2506 ad
1908 2441 2189 2521 Galatas,
2248 2441 2326 2506 ad
2380 2441 2717 2524 Ephesios),

419 2549 498 2614 ad
552 2548 1022 2633 Philippenses,
1083 2549 1161 2614 ad
1210 2549 1828 2628 Thessalonicenses,
1877 2547 1955 2614 ad
2006 2548 2419 2616 colossenses
2468 2549 2717 2625 scribit3

329 2655 730 2722 eolohannes
797 2656 986 2721 etiam
1055 2655 1278 2722 scribit
1332 2656 1424 2722 ad
1481 2659 1787 2738 septem
1848 2655 2277 2731 ecclesias,
2336 2674 2495 2736 quas
2553 2672 2719 2720 com-

422 2765 734 2828 memorat
796 2761 858 2827 in
924 2762 1056 2828 illis
1121 2763 1408 2848 partibus
1466 2761 1871 2839 constitutas,
1926 2761 1989 2826 in
2045 2761 2277 2843 quibus
2334 2761 2525 2825 etiam
2583 2761 2721 2825 uni·

419 2870 626 2934 uersis
686 2869 1018 2934 ecclesiam
1077 2869 1432 2952 septenario
1479 2886 1741 2936 numero
1786 2867 2222 2952 intellegimus
2270 2867 2716 2946 commendari,

424 2978 846 3059 Ephesum,
895 2975 1326 3061 Smyrnam,
1368 2974 1670 3055 Sardis,
1708 2973 2397 3058 Philadelphiam,
2437 2973 2717 3039 Laodi-

427 3085 649 3164 ciam,
699 3083 1198 3168 Pergamum,
1247 3083 1735 3166 Thyatiram.
1806 3081 2038 3166 quibus
2088 3081 2381 3148 omnibus
2430 3081 2720 3146 ecclesiis

338 3215 391 3255 2⁵
424 3211 538 3258 nos
609 3191 797 3258 hodie
876 3189 1342 3257 communicare
1414 3189 1825 3257 manifestum
1891 3193 2009 3266 est,
2078 3189 2248 3254 sicut
2309 3187 2721 3254 manifestum

427 3301 526 3364 est
569 3317 688 3364 uos
733 3297 878 3364 istis
928 3295 1214 3364 ecclesiis
1262 3316 1384 3362 non
1432 3295 1920 3363 communicare.

603 3507 638 3560 3
673 3506 762 3560 Pa.
803 3507 854 3568 2,
895 3505 1036 3560 7-8
1159 3507 1190 3560 e
1227 3503 1428 3560 Matth.
1466 3505 1554 3564 24,
1596 3504 1663 3557 14
1790 3503 1859 3558 10
1895 3502 2048 3556 Rom.
2092 3503 2140 3566 1,
2178 3504 2211 3557 5
2338 3503 2405 3557 12
2440 3502 2595 3556 Rom.
2637 3501 2723 3566 15,

433 3595 642 3650 19-20
753 3596 820 3650 15
861 3593 886 3648 1
924 3593 1048 3649 cor.
1091 3594 1174 3658 15,
1219 3593 1284 3648 10
1392 3593 1464 3647 20
1499 3595 1667 3662 Ap‘oc.
1710 3593 1758 3656 1,
1800 3591 1861 3644 11

500 3721 532 3775 3
569 3721 712 3774 filio.
751 3719 807 3788 (d
845 3735 983 3774 eras.
1008 3717 1059 3784 ,9)
1099 3719 1154 3772 P
1333 3719 1364 3771 5
1401 3717 1506 3770 tibi
1544 3733 1646 3770 om.
1684 3717 1739 3768 A
1920 3717 1952 3769 6
1989 3719 2137 3768 tuam
2178 3715 2240 3768 in
2276 3715 2396 3784 fine
2431 3731 2486 3768 u.
2526 3729 2628 3767 om.
2666 3711 2725 3767 R

433 3811 462 3862 ‘1
501 3808 633 3864 dicit
669 3823 771 3863 om.
809 3807 884 3862 M
1039 3808 1072 3861 9
1109 3807 1165 3860 in
1203 3807 1346 3876 ipso]
1387 3810 1442 3860 et
1477 3805 1599 3875 ipso
1634 3804 1691 3860 R
1852 3803 2071 3873 scripsit
2104 3803 2230 3856 MR
2247 3819 2297 3856 m
2310 3823 2331 3870 ;
2365 3805 2433 3872 cf.
2474 3805 2547 3856 19
2580 3819 2633 3855 u.
2675 3807 2725 3855 et

434 3901 514 3952 20
661 3899 722 3952 11
766 3896 1163 3952 oboediendum
1191 3897 1246 3950 P
1281 3894 1644 3950 obediendum
1676 3893 1795 3948 edd.
1944 3895 2010 3947 12
2048 3893 2119 3947 ad
2154 3893 2228 3946 M
2371 3893 2436 3946 13
2477 3891 2723 3952 circuitu,

433 3991 560 4043 m.2
595 3987 877 4042 circumitu
915 3985 971 4040 P
1003 3987 1286 4040 circumitu
1323 3985 1378 4039 R
1416 3984 1537 4039 edd.
1720 3982 1942 4053 lyricum
1983 3981 2044 4035 F
2222 3983 2285 4036 17
2328 3981 2641 4034 ciuitatmm
2686 3980 2727 4044 (i

433 4078 595 4148 eras.)
631 4078 686 4131 P
793 4077 860 4130 18
899 4063 1108 4130 corin‘th
1146 4075 1207 4128 F
1347 4073 1416 4128 ad
1451 4072 1717 4142 Ephesios
1756 4089 1856 4127 om.
1894 4073 1949 4124 A
2058 4071 2129 4126 20
2164 4069 2271 4122 VII
2307 4069 2381 4122 M
2493 4067 2559 4120 21
2604 4067 2724 4120 uni-

433 4184 614 4222 uersas
669 4171 830 4233 (corr.
879 4169 1002 4220 m.1
1049 4165 1379 4230 uniuersam)
1435 4161 1750 4216 aecclesiam
1802 4161 1877 4214 M
1927 4161 2209 4213 uniuersas
2262 4156 2515 4212 ecclesias
2567 4157 2728 4210 Aac

434 4257 738 4310 uniuersam
779 4255 1060 4310 ecclesiam
1097 4253 1409 4321 PRflrm
1519 4251 1586 4304 23
1628 4249 1826 4304 Sardos
1866 4248 2022 4304 codd.
2064 4265 2172 4301 am
2212 4246 2409 4301 Sardes
2435 4247 2482 4314 f
2496 4246 2561 4300 lr
2600 4247 2725 4298 Sar-

437 4344 518 4399 dis
555 4361 584 4399 e
617 4361 718 4399 sec.
766 4343 952 4413 Vu19.‚·
992 4341 1089 4397 Gr.
1133 4340 1347 4412 Σάρδεις
1499 4339 1785 4393 lauditiam
1824 4337 1877 4391 A
2060 4337 2127 4391 24
2165 4337 2491 4406 Pergamum
2530 4350 2631 4390 om.
2670 4335 2725 4386 A
