3184 4959
1249 435 1779 506 epistularum
1836 437 1979 494 Lm.
2618 445 2743 510 157

448 633 596 712 post
639 629 1030 695 Primianum
1076 629 1586 713 rebaptizatores,
1636 633 1979 698 uniuersali
2028 635 2295 700 concilio
2334 653 2451 701 suo
2492 636 2744 702 damna-

448 740 606 816 rent,
653 741 728 802 ut
774 755 845 802 ex
893 756 1112 802 eorum
1157 757 1418 804 numero
1463 743 1615 822 post
1658 759 1777 806 non
1824 759 2091 822 paruum
2138 745 2395 826 tempus
2434 743 2741 826 quosdam

445 843 508 908 in
557 843 902 910 honoribus
950 844 1356 926 episcopatus
1403 845 1525 924 sui,
1563 843 1955 911 Felicianum
1994 847 2419 914 Mustitanum
2458 851 2522 914 et
2554 849 2739 916 Prae-

446 951 762 1015 textatum
808 949 1278 1028 Assuritanum‚
1329 957 1594 1036 cogente
1643 951 1877 1036 Optato
1928 952 2303 1021 Gildoniano
2344 956 2741 1039 susciperent

387 1082 412 1120 ⁵
447 1074 592 1120 cum
649 1058 964 1136 omnibus,
1022 1077 1182 1140 quos
1241 1057 1520 1124 damnati
1577 1063 1749 1124 extra
1792 1061 2293 1144 baptizauerunt.
2342 1063 2511 1145 quod
2556 1065 2613 1128 si
2660 1065 2735 1128 ab

446 1164 560 1242 eia,
608 1183 766 1247 quos
815 1183 920 1230 ore
967 1164 1216 1248 proprio
1255 1167 1580 1246 tamquam
1620 1168 1963 1232 sceleratos
2003 1170 2069 1232 et
2104 1168 2445 1254 sacrilegos
2486 1170 2739 1234 damna-

443 1274 672 1337 uerunt
737 1274 802 1336 et
866 1289 1023 1354 quos
1087 1271 1218 1336 illis
1283 1271 1506 1356 primis
1573 1273 2025 1350 schismaticis,
2094 1293 2252 1357 quos
2318 1277 2505 1341 uiuos
2570 1278 2739 1341 terra

443 1375 674 1455 obruit,
758 1367 1221 1461 compararunt,
1303 1398 1424 1444 non
1499 1380 1916 1457 maculantur,
1993 1401 2137 1446 cum
2213 1381 2305 1447 eis
2378 1401 2597 1448 rursus
2671 1383 2733 1446 in

443 1484 676 1549 honore
739 1502 855 1548 suo
910 1485 1182 1567 receptis
1239 1484 1725 1564 communicant,
1784 1486 2093 1572 euigilent
2145 1487 2503 1570 aliquando,
2568 1489 2733 1573 cogi-

357 1619 406 1658 1⁰
441 1595 596 1667 tent,
635 1594 868 1672 quanta
905 1592 1208 1657 caecitate
1254 1595 1319 1656 et
1365 1596 1600 1674 quanta
1642 1592 1887 1657 insania
1925 1593 2387 1659 dicant'orbem
2427 1597 2731 1660 terrarum

437 1697 676 1782 ignotis
741 1699 1040 1764 Afrorum
1107 1699 1476 1764 criminibus
1541 1718 1683 1764 esse
1746 1700 2136 1766 maculatum
2200 1705 2267 1766 et
2317 1701 2729 1766 hereditatem

443 1804 698 1874 Christi.
776 1825 934 1889 quae
1006 1807 1320 1889 promissa
1393 1806 1671 1870 exhibita
1744 1811 1847 1871 est
1913 1806 1977 1871 in
2051 1807 2341 1873 omnibus
2408 1809 2727 1891 gentibuS‚

413 1913 726 1992 -peccatis
788 1913 1086 1977 Afrorum
1159 1933 1272 1996 per
1345 1913 1784 1998 contagionem
1859 1913 2453 1979 communicationis
2528 1916 2728 1980 fuisse

439 2018 729 2096 deletam,
786 2020 1032 2103 quando
1090 2039 1158 2085 se
1213 2022 1442 2084 nolunt
1495 2019 1737 2085 deletos
1794 2023 1860 2086 et
1902 2023 2255 2086 maculatos
2302 2021 2527 2104 uideri,
2577 2023 2725 2086 dum

356 2153 404 2194 15
439 2126 530 2190 eis
578 2127 1064 2204 communicen&
1111 2145 1378 2210 quorum
1427 2127 1688 2192 crimina
1734 2129 1981 2214 cognita
2026 2129 2403 2195 iudicarunt.

313 2239 348 2304 7
526 2230 920 2317 Quapropter
964 2253 1110 2298 cum
1155 2234 1394 2299 Paulus
1441 2235 1771 2318 apostolus
1818 2235 2047 2300 iterum
2096 2235 2284 2310 dicat,
2334 2237 2483 2318 quia
2547 2237 2723 2320 ipse

439 2345 781 2404 satanas
833 2341 1392 2426 transfigurat
1439 2341 1642 2406 sein
1690 2342 2057 2426 angelum
2104 2341 2343 2415 lucis,
2390 2341 2555 2407 unde
2600 2361 2723 2408 non

439 2465 578 2512 esse
625 2446 881 2520 mirum,
931 2447 994 2511 si
1047 2447 1414 2514 ministri
1464 2447 1641 2512 eius
1700 2450 2311 2534 transfigurant
2364 2469 2445 2514 se
2504 2451 2725 2514 sicut

433 2555 863 2619 ministros
930 2555 1341 2628 iustitiae,
1411 2556 1465 2620 si
1521 2573 1671 2619 uere
1718 2556 1841 2620 iste
1890 2557 2167 2638 aliquem
2216 2558 2511 2640 angelum
2560 2555 2726 2620 uidit

347 2685 400 2726 20
435 2660 659 2724 eri-oris
716 2661 1010 2725 nuntium
1069 2664 1135 2726 et
1189 2660 1264 2725 de
1320 2661 1564 2726 unitate
1624 2662 1935 2728 catholica
1991 2662 2381 2728 Christianos
2438 2680 2723 2743 separare

433 2765 810 2848 cupientem,
865 2764 1006 2850 ipse
1059 2785 1290 2848 passus
1347 2770 1447 2832 est
1502 2768 1797 2852 angelum
1855 2771 2109 2832 satanae
2170 2751 2723 2851 transfigurantem

432 2892 498 2936 se
545 2875 728 2937 uelut
771 2874 1070 2958 angelum
1107 2872 1294 2940 lucis,
1338 2873 1394 2938 si
1442 2877 1653 2938 autem
1701 2875 2005 2940 mentitur
2054 2878 2118 2940 et
2162 2875 2322 2940 nihil
2359 2874 2487 2940 talo
2533 2873 2719 2950 uidit,

429 2979 563 3061 ipse
629 2983 728 3046 est
790 2981 1077 3045 minister
1143 2983 1395 3046 satanae
1463 2980 1916 3064 transfigurans
1983 2999 2049 3044 se
2116 2981 2297 3045 uelut
2360 2978 2719 3044 ministrum

429 3085 730 3151 iustitiae.
791 3089 856 3152 et
909 3090 1118 3150 tamen
1175 3086 1302 3151 ista
1349 3087 1559 3151 omnia
1608 3086 2007 3152 considerans
2056 3085 2420 3181 sitnimium
2472 3105 2721 3170 peruer-

340 3221 392 3259 τε,
430 3211 540 3256 sus
597 3195 663 3259 et
714 3194 998 3275 pertinax
1055 3211 1195 3258 esse
1249 3193 1542 3268 noluerit,
1589 3194 1826 3278 poterit
1870 3193 1947 3257 ab
1998 3192 2168 3257 omni
2213 3193 2321 3256 nel
2366 3193 2569 3258 aliena
2614 3193 2719 3256 nel

429 3318 542 3364 sua
599 3299 966 3366 seductione
1021 3300 1298 3364 liberari.
1363 3320 1479 3367 nos
1537 3301 1703 3365 enim
1760 3319 1870 3382 per
1917 3299 2309 3366 occasionem
2358 3303 2535 3362 tuam
2585 3299 2719 3363 sine

427 3409 636 3490 aliquo
696 3408 838 3475 odio
897 3409 1310 3474 conuenimus
1364 3408 1486 3472 hoc
1543 3408 1711 3471 circa
1765 3425 1909 3471 eum
1960 3409 2308 3483 seruantes,
2356 3404 2524 3487 quod
2572 3424 2716 3488 apo-

425 3516 629 3581 stolus
715 3515 898 3581 dicit:
985 3515 1322 3580 Seruum
1405 3517 1673 3578 autem
1757 3511 2059 3578 domini
2141 3511 2483 3596 litigare
2566 3529 2714 3574 non

603 3691 634 3744 7
670 3689 830 3747 Num.
875 3689 956 3753 16,
997 3689 1208 3744 21—33
1287 3689 1352 3744 16
1389 3687 1446 3743 Π
1484 3687 1603 3744 Cor.
1648 3688 1730 3752 11,
1774 3687 1982 3742 14-15
2056 3685 2125 3739 28
2163 3683 2217 3740 II
2255 3683 2391 3740 Tim.
2418 3685 2469 3748 2,
2500 3685 2713 3739 24—26

498 3816 523 3867 1
566 3817 692 3882 post
729 3813 1062 3868 Primianum
1101 3813 1524 3882 rebaptizatores
1562 3829 1665 3867 om.
1702 3811 1777 3866 M
1862 3813 1895 3865 2
1934 3812 2187 3880 partium.
2224 3827 2292 3864 m.
2316 3813 2355 3864 2
2391 3825 2619 3878 paruum
2657 3807 2711 3862 R

421 3903 454 3954 5
493 3901 651 3972 quod,
688 3906 820 3957 m.2
857 3919 990 3972 quos
1026 3903 1100 3956 M
1203 3902 1618 3972 baptizauex·aut
1652 3901 1688 3968 f
1704 3901 1843 3954 lrm
1953 3901 1985 3952 6
2024 3915 2157 3969 quos
2196 3915 2300 3952 om.
2338 3899 2412 3952 M
2448 3897 2601 3958 (add.
2642 3913 2709 3950 m.

419 3993 471 4061 1)
489 3991 542 4046 R
615 3993 646 4044 7
675 3992 834 4060 primi
863 3991 1173 4046 schismatis
1201 3991 1293 4061 (m.
1314 3995 1354 4045 2
1380 3990 1761 4051 schismaticis)
1781 3989 1855 4042 M
1874 3989 2063 4058 primis
2091 3988 2358 4041 scismatis
2379 3987 2435 4042 R
2540 3989 2705 4050 tori-a,

420 4098 556 4138 corr.
594 4085 714 4135 m.1
751 4087 896 4136 terra
930 4081 1005 4136 M
1091 4083 1124 4134 8
1163 4081 1374 4134 sorbuit
1411 4080 1546 4148 FA‚·
1582 4081 1651 4148 cf.
1683 4097 1743 4148 p.
1784 4081 1911 4140 145,
1956 4081 1991 4131 9
2094 4078 2159 4131 12
2198 4075 2483 4146 promissal
2528 4077 2584 4128 et
2621 4091 2711 4126 ex-

419 4170 594 4224 hibita
633 4175 717 4224 est
743 4171 818 4225 M
887 4172 956 4225 14
993 4170 1229 4224 delatam
1258 4171 1311 4222 A
1388 4171 1454 4224 16
1492 4168 1769 4239 apostolus
1810 4167 1999 4238 paulus
2034 4169 2097 4220 M
2205 4165 2483 4234 apostolus
2512 4163 2709 4216 iterum

419 4275 522 4314 om.
557 4259 613 4315 R
699 4260 764 4314 18
803 4261 944 4330 esse]
987 4267 1015 4314 e
1051 4261 1126 4314 M
1207 4259 1272 4313 19
1311 4275 1436 4312 uero
1479 4261 1530 4310 A
1614 4259 1679 4312 21
1720 4256 2161 4324 transfiguratum
2198 4271 2255 4307 se
2294 4252 2365 4306 M
2444 4251 2512 4305 25
2552 4251 2707 4304 uolu-

419 4348 523 4400 erit
549 4347 604 4403 R
674 4349 745 4403 26
770 4350 886 4403 sine
925 4365 1025 4406 om.
1055 4349 1130 4403 M
1197 4351 1264 4402 27
1297 4349 1480 4417 aliqua
1514 4350 1558 4400 A
1634 4346 1704 4400 28
1742 4347 1823 4399 ait
1850 4345 1905 4400 R
2014 4361 2120 4397 non
2151 4345 2367 4412 oportet
2393 4341 2611 4408 litigare
2638 4338 2713 4392 M
