<?xml version="1.0" encoding="UTF-8"?>
<!DOCTYPE html PUBLIC "-//W3C//DTD XHTML 1.0 Transitional//EN"
    "http://www.w3.org/TR/xhtml1/DTD/xhtml1-transitional.dtd">
<html xmlns="http://www.w3.org/1999/xhtml" xml:lang="en" lang="en">
 <head>
  <title>
</title>
<meta http-equiv="Content-Type" content="text/html;charset=utf-8" />
  <meta name='ocr-system' content='tesseract 3.04.00' />
  <meta name='ocr-capabilities' content='ocr_page ocr_carea ocr_par ocr_line ocrx_word'/>
</head>
<body>
  <div class='ocr_page' id='page_1' title='image "./corpusscriptoru26wiengoog_0512.png"; bbox 0 0 3184 4959; ppageno 0'>
   <div class='ocr_carea' id='block_1_1' title="bbox 525 450 2116 520">
    <p class='ocr_par' dir='ltr' id='par_1_1' title="bbox 525 450 2116 520">
     <span class='ocr_line' id='line_1_1' title="bbox 525 450 2116 520; baseline -0.004 -9"><span class='ocrx_word' id='word_1_1' title='bbox 525 454 659 518; x_wconf 84' lang='lat'><strong>496</strong></span> <span class='ocrx_word' id='word_1_2' title='bbox 1244 451 1296 504; x_wconf 93' lang='lat' dir='ltr'><strong>S.</strong></span> <span class='ocrx_word' id='word_1_3' title='bbox 1354 450 1630 504; x_wconf 84' lang='lat' dir='ltr'>Aureli</span> <span class='ocrx_word' id='word_1_4' title='bbox 1683 451 2116 520; x_wconf 81' lang='lat' dir='ltr'><strong>Augustini</strong></span> 
     </span>
    </p>
   </div>
   <div class='ocr_carea' id='block_1_2' title="bbox 420 645 2926 2954">
    <p class='ocr_par' dir='ltr' id='par_1_2' title="bbox 522 645 2924 1479">
     <span class='ocr_line' id='line_1_2' title="bbox 524 645 2834 731; baseline 0.001 -21"><span class='ocrx_word' id='word_1_5' title='bbox 524 645 599 710; x_wconf 88' lang='lat' dir='ltr'><strong>ab</strong></span> <span class='ocrx_word' id='word_1_6' title='bbox 640 646 1002 710; x_wconf 90' lang='lat' dir='ltr'><strong>hominibus</strong></span> <span class='ocrx_word' id='word_1_7' title='bbox 1042 645 1497 724; x_wconf 77' lang='lat' dir='ltr'>nescientibus,</span> <span class='ocrx_word' id='word_1_8' title='bbox 1539 646 1694 729; x_wconf 89' lang='lat' dir='ltr'><strong>quid</strong></span> <span class='ocrx_word' id='word_1_9' title='bbox 1731 646 2090 730; x_wconf 80' lang='lat' dir='ltr'><strong>loquantur,</strong></span> <span class='ocrx_word' id='word_1_10' title='bbox 2132 647 2447 712; x_wconf 89' lang='lat' dir='ltr'><strong>obiciatur</strong></span> <span class='ocrx_word' id='word_1_11' title='bbox 2474 647 2834 731; x_wconf 80' lang='lat' dir='ltr'><strong>apostolica</strong></span> 
     </span>
     <span class='ocr_line' id='line_1_3' title="bbox 522 752 2824 836; baseline 0 -19"><span class='ocrx_word' id='word_1_12' title='bbox 522 753 635 818; x_wconf 87' lang='lat' dir='ltr'><strong>illa</strong></span> <span class='ocrx_word' id='word_1_13' title='bbox 700 753 1039 818; x_wconf 85' lang='lat' dir='ltr'><strong>sententia:</strong></span> <span class='ocrx_word' id='word_1_14' title='bbox 1118 752 1199 818; x_wconf 90' lang='lat' dir='ltr'><strong>Si</strong></span> <span class='ocrx_word' id='word_1_15' title='bbox 1267 753 1494 830; x_wconf 90' lang='lat' dir='ltr'><strong>euim,</strong></span> <span class='ocrx_word' id='word_1_16' title='bbox 1563 773 1763 836; x_wconf 85' lang='lat' dir='ltr'><strong>quae</strong></span> <span class='ocrx_word' id='word_1_17' title='bbox 1833 753 2226 832; x_wconf 80' lang='lat' dir='ltr'><strong>destruxi,</strong></span> <span class='ocrx_word' id='word_1_18' title='bbox 2291 753 2488 819; x_wconf 91' lang='lat' dir='ltr'><strong>haec</strong></span> <span class='ocrx_word' id='word_1_19' title='bbox 2552 753 2824 819; x_wconf 83' lang='lat' dir='ltr'><strong>eadem</strong></span> 
     </span>
     <span class='ocr_line' id='line_1_4' title="bbox 524 859 2826 943; baseline -0 -18"><span class='ocrx_word' id='word_1_20' title='bbox 524 862 819 925; x_wconf 89' lang='lat' dir='ltr'><strong>iterum</strong></span> <span class='ocrx_word' id='word_1_21' title='bbox 876 859 1259 939; x_wconf 89' lang='lat' dir='ltr'><strong>aedifico,</strong></span> <span class='ocrx_word' id='word_1_22' title='bbox 1326 859 2086 943; x_wconf 87' lang='lat' dir='ltr'><strong>praeuaricatorem</strong></span> <span class='ocrx_word' id='word_1_23' title='bbox 2153 880 2267 926; x_wconf 91' lang='lat' dir='ltr'><strong>me</strong></span> <span class='ocrx_word' id='word_1_24' title='bbox 2333 860 2593 943; x_wconf 89' lang='lat' dir='ltr'><strong>ipsum</strong></span> <span class='ocrx_word' id='word_1_25' title='bbox 2652 879 2826 926; x_wconf 91' lang='lat' dir='ltr'><strong>con-</strong></span> 
     </span>
     <span class='ocr_line' id='line_1_5' title="bbox 524 967 2822 1050; baseline 0 -20"><span class='ocrx_word' id='word_1_26' title='bbox 524 967 725 1032; x_wconf 89' lang='lat' dir='ltr'><strong>stitu</strong></span> <span class='ocrx_word' id='word_1_27' title='bbox 748 987 804 1032; x_wconf 92' lang='lat' dir='ltr'><strong>o.</strong></span> <span class='ocrx_word' id='word_1_28' title='bbox 880 986 1041 1050; x_wconf 89' lang='lat' dir='ltr'><strong>quae</strong></span> <span class='ocrx_word' id='word_1_29' title='bbox 1118 967 1175 1032; x_wconf 91' lang='lat' dir='ltr'><strong>si</strong></span> <span class='ocrx_word' id='word_1_30' title='bbox 1250 967 1376 1032; x_wconf 87' lang='lat' dir='ltr'><strong>dici</strong></span> <span class='ocrx_word' id='word_1_31' title='bbox 1446 969 1670 1049; x_wconf 88' lang='lat' dir='ltr'><strong>posset</strong></span> <span class='ocrx_word' id='word_1_32' title='bbox 1715 967 1908 1031; x_wconf 91' lang='lat' dir='ltr'><strong>etiam</strong></span> <span class='ocrx_word' id='word_1_33' title='bbox 1972 967 2033 1031; x_wconf 91' lang='lat' dir='ltr'><strong>in</strong></span> <span class='ocrx_word' id='word_1_34' title='bbox 2103 987 2232 1046; x_wconf 86' lang='lat' dir='ltr'><strong>eos,</strong></span> <span class='ocrx_word' id='word_1_35' title='bbox 2308 969 2419 1050; x_wconf 90' lang='lat' dir='ltr'><strong>qui</strong></span> <span class='ocrx_word' id='word_1_36' title='bbox 2484 967 2822 1032; x_wconf 86' lang='lat' dir='ltr'><strong>ueritatem</strong></span> 
     </span>
     <span class='ocr_line' id='line_1_6' title="bbox 524 1074 2924 1159; baseline -0 -19"><span class='ocrx_word' id='word_1_37' title='bbox 524 1075 789 1140; x_wconf 89' lang='lat' dir='ltr'><strong>correcti</strong></span> <span class='ocrx_word' id='word_1_38' title='bbox 860 1074 1249 1157; x_wconf 86' lang='lat' dir='ltr'><strong>praedicant,</strong></span> <span class='ocrx_word' id='word_1_39' title='bbox 1328 1094 1517 1157; x_wconf 89' lang='lat' dir='ltr'><strong>quam</strong></span> <span class='ocrx_word' id='word_1_40' title='bbox 1579 1075 1862 1157; x_wconf 89' lang='lat' dir='ltr'><strong>peruersi</strong></span> <span class='ocrx_word' id='word_1_41' title='bbox 1932 1074 2404 1159; x_wconf 82' lang='lat' dir='ltr'><strong>oppugnabant,</strong></span> <span class='ocrx_word' id='word_1_42' title='bbox 2478 1077 2542 1139; x_wconf 90' lang='lat' dir='ltr'><strong>in</strong></span> <span class='ocrx_word' id='word_1_43' title='bbox 2608 1075 2824 1156; x_wconf 89' lang='lat' dir='ltr'><strong>ipsum</strong></span> <span class='ocrx_word' id='word_1_44' title='bbox 2895 1091 2924 1130; x_wconf 72' lang='grc' dir='ltr'><strong>ε’»</strong></span> 
     </span>
     <span class='ocr_line' id='line_1_7' title="bbox 522 1181 2826 1265; baseline 0 -21"><span class='ocrx_word' id='word_1_45' title='bbox 522 1181 797 1246; x_wconf 84' lang='lat' dir='ltr'><strong>Paulum</strong></span> <span class='ocrx_word' id='word_1_46' title='bbox 850 1181 1148 1262; x_wconf 88' lang='lat' dir='ltr'><strong>primitus</strong></span> <span class='ocrx_word' id='word_1_47' title='bbox 1208 1181 1541 1258; x_wconf 80' lang='lat' dir='ltr'><strong>diceretur,</strong></span> <span class='ocrx_word' id='word_1_48' title='bbox 1610 1181 1672 1245; x_wconf 91' lang='lat' dir='ltr'><strong>in</strong></span> <span class='ocrx_word' id='word_1_49' title='bbox 1731 1201 1856 1265; x_wconf 90' lang='lat' dir='ltr'><strong>quo</strong></span> <span class='ocrx_word' id='word_1_50' title='bbox 1917 1182 2224 1246; x_wconf 85' lang='lat' dir='ltr'><strong>ecclesiae</strong></span> <span class='ocrx_word' id='word_1_51' title='bbox 2282 1181 2518 1247; x_wconf 84' lang='lat' dir='ltr'><strong>Christi</strong></span> <span class='ocrx_word' id='word_1_52' title='bbox 2583 1182 2826 1264; x_wconf 84' lang='lat' dir='ltr'><strong>magni-</strong></span> 
     </span>
     <span class='ocr_line' id='line_1_8' title="bbox 522 1287 2826 1371; baseline 0 -20"><span class='ocrx_word' id='word_1_53' title='bbox 522 1288 795 1352; x_wconf 83' lang='lat' dir='ltr'><strong>ficabant</strong></span> <span class='ocrx_word' id='word_1_54' title='bbox 868 1289 1057 1353; x_wconf 89' lang='lat' dir='ltr'><strong>deum</strong></span> <span class='ocrx_word' id='word_1_55' title='bbox 1130 1287 1481 1366; x_wconf 81' lang='lat' dir='ltr'><strong>audientes,</strong></span> <span class='ocrx_word' id='word_1_56' title='bbox 1560 1288 1729 1370; x_wconf 90' lang='lat' dir='ltr'><strong>quod</strong></span> <span class='ocrx_word' id='word_1_57' title='bbox 1803 1287 2270 1371; x_wconf 81' lang='lat' dir='ltr'><strong>euangelizaret</strong></span> <span class='ocrx_word' id='word_1_58' title='bbox 2339 1287 2548 1366; x_wconf 86' lang='lat' dir='ltr'><strong>fidem,</strong></span> <span class='ocrx_word' id='word_1_59' title='bbox 2635 1305 2826 1370; x_wconf 85' lang='lat' dir='ltr'><strong>quam</strong></span> 
     </span>
     <span class='ocr_line' id='line_1_9' title="bbox 524 1395 1226 1479; baseline 0.001 -19"><span class='ocrx_word' id='word_1_60' title='bbox 524 1395 860 1479; x_wconf 88' lang='lat' dir='ltr'><strong>aliquando</strong></span> <span class='ocrx_word' id='word_1_61' title='bbox 908 1395 1226 1463; x_wconf 84' lang='lat' dir='ltr'><strong>uastabat.</strong></span> 
     </span>
    </p>

    <p class='ocr_par' dir='ltr' id='par_1_3' title="bbox 420 1495 2926 2954">
     <span class='ocr_line' id='line_1_10' title="bbox 420 1495 2826 1585; baseline -0.001 -19"><span class='ocrx_word' id='word_1_62' title='bbox 420 1495 503 1558; x_wconf 78' lang='lat'><strong>53</strong></span> <span class='ocrx_word' id='word_1_63' title='bbox 611 1501 747 1566; x_wconf 91' lang='lat' dir='ltr'><strong>Nec</strong></span> <span class='ocrx_word' id='word_1_64' title='bbox 804 1521 1189 1585; x_wconf 88' lang='lat' dir='ltr'><strong>quemquam</strong></span> <span class='ocrx_word' id='word_1_65' title='bbox 1244 1505 1431 1585; x_wconf 90' lang='lat' dir='ltr'><strong>putes</strong></span> <span class='ocrx_word' id='word_1_66' title='bbox 1490 1503 1567 1568; x_wconf 89' lang='lat' dir='ltr'><strong>ab</strong></span> <span class='ocrx_word' id='word_1_67' title='bbox 1627 1521 1834 1567; x_wconf 87' lang='lat' dir='ltr'><strong>errore</strong></span> <span class='ocrx_word' id='word_1_68' title='bbox 1891 1502 1969 1566; x_wconf 91' lang='lat' dir='ltr'><strong>ad</strong></span> <span class='ocrx_word' id='word_1_69' title='bbox 2026 1501 2362 1567; x_wconf 86' lang='lat' dir='ltr'><strong>ueritatem</strong></span> <span class='ocrx_word' id='word_1_70' title='bbox 2421 1501 2527 1567; x_wconf 92' lang='lat' dir='ltr'><strong>uel</strong></span> <span class='ocrx_word' id='word_1_71' title='bbox 2583 1521 2618 1566; x_wconf 91' lang='lat' dir='ltr'><strong>a</strong></span> <span class='ocrx_word' id='word_1_72' title='bbox 2673 1519 2826 1584; x_wconf 90' lang='lat' dir='ltr'><strong>quo-</strong></span> 
     </span>
     <span class='ocr_line' id='line_1_11' title="bbox 525 1608 2924 1694; baseline -0.001 -22"><span class='ocrx_word' id='word_1_73' title='bbox 525 1627 799 1692; x_wconf 86' lang='lat' dir='ltr'><strong>cumque</strong></span> <span class='ocrx_word' id='word_1_74' title='bbox 857 1627 969 1674; x_wconf 91' lang='lat' dir='ltr'><strong>seu</strong></span> <span class='ocrx_word' id='word_1_75' title='bbox 1017 1628 1249 1694; x_wconf 89' lang='lat' dir='ltr'><strong>magno</strong></span> <span class='ocrx_word' id='word_1_76' title='bbox 1308 1629 1423 1674; x_wconf 87' lang='lat' dir='ltr'><strong>seu</strong></span> <span class='ocrx_word' id='word_1_77' title='bbox 1480 1629 1676 1692; x_wconf 82' lang='lat' dir='ltr'><strong>paruo</strong></span> <span class='ocrx_word' id='word_1_78' title='bbox 1732 1613 1993 1690; x_wconf 87' lang='lat' dir='ltr'><strong>peccato</strong></span> <span class='ocrx_word' id='word_1_79' title='bbox 2051 1609 2129 1673; x_wconf 89' lang='lat' dir='ltr'><strong>ad</strong></span> <span class='ocrx_word' id='word_1_80' title='bbox 2177 1609 2628 1676; x_wconf 80' lang='lat' dir='ltr'><strong>correctionem</strong></span> <span class='ocrx_word' id='word_1_81' title='bbox 2687 1608 2824 1672; x_wconf 91' lang='lat' dir='ltr'><strong>sine</strong></span> <span class='ocrx_word' id='word_1_82' title='bbox 2867 1632 2924 1670; x_wconf 82' lang='grc' dir='ltr'><strong>ιο</strong></span> 
     </span>
     <span class='ocr_line' id='line_1_12' title="bbox 522 1714 2828 1798; baseline 0 -19"><span class='ocrx_word' id='word_1_83' title='bbox 522 1715 915 1798; x_wconf 86' lang='lat' dir='ltr'><strong>paenitentia</strong></span> <span class='ocrx_word' id='word_1_84' title='bbox 940 1734 1130 1798; x_wconf 88' lang='lat' dir='ltr'><strong>posse</strong></span> <span class='ocrx_word' id='word_1_85' title='bbox 1166 1716 1456 1781; x_wconf 82' lang='lat' dir='ltr'><strong>transire.</strong></span> <span class='ocrx_word' id='word_1_86' title='bbox 1490 1717 1603 1780; x_wconf 92' lang='lat' dir='ltr'><strong>sed</strong></span> <span class='ocrx_word' id='word_1_87' title='bbox 1632 1716 1820 1780; x_wconf 87' lang='lat' dir='ltr'><strong>nimis</strong></span> <span class='ocrx_word' id='word_1_88' title='bbox 1847 1715 2161 1798; x_wconf 90' lang='lat' dir='ltr'><strong>inpudens</strong></span> <span class='ocrx_word' id='word_1_89' title='bbox 2195 1735 2362 1780; x_wconf 90' lang='lat' dir='ltr'><strong>error</strong></span> <span class='ocrx_word' id='word_1_90' title='bbox 2401 1719 2502 1780; x_wconf 88' lang='lat' dir='ltr'><strong>est</strong></span> <span class='ocrx_word' id='word_1_91' title='bbox 2527 1714 2631 1779; x_wconf 92' lang='lat' dir='ltr'><strong>hic</strong></span> <span class='ocrx_word' id='word_1_92' title='bbox 2657 1715 2828 1780; x_wconf 92' lang='lat' dir='ltr'><strong>uelle</strong></span> 
     </span>
     <span class='ocr_line' id='line_1_13' title="bbox 526 1821 2828 1906; baseline 0 -20"><span class='ocrx_word' id='word_1_93' title='bbox 526 1822 897 1887; x_wconf 87' lang='lat' dir='ltr'><strong>calumniari</strong></span> <span class='ocrx_word' id='word_1_94' title='bbox 936 1823 1261 1902; x_wconf 85' lang='lat' dir='ltr'><strong>ecclesiae,</strong></span> <span class='ocrx_word' id='word_1_95' title='bbox 1312 1843 1502 1906; x_wconf 86' lang='lat' dir='ltr'><strong>quam</strong></span> <span class='ocrx_word' id='word_1_96' title='bbox 1550 1827 1650 1888; x_wconf 91' lang='lat' dir='ltr'><strong>tot</strong></span> <span class='ocrx_word' id='word_1_97' title='bbox 1687 1822 1922 1887; x_wconf 89' lang='lat' dir='ltr'><strong>diuinis</strong></span> <span class='ocrx_word' id='word_1_98' title='bbox 1969 1821 2354 1887; x_wconf 83' lang='lat' dir='ltr'><strong>testimoniis</strong></span> <span class='ocrx_word' id='word_1_99' title='bbox 2393 1840 2536 1887; x_wconf 92' lang='lat' dir='ltr'><strong>esse</strong></span> <span class='ocrx_word' id='word_1_100' title='bbox 2574 1825 2828 1886; x_wconf 85' lang='lat' dir='ltr'><strong>constat</strong></span> 
     </span>
     <span class='ocr_line' id='line_1_14' title="bbox 527 1925 2824 2013; baseline 0 -21"><span class='ocrx_word' id='word_1_101' title='bbox 527 1929 859 1992; x_wconf 85' lang='lat' dir='ltr'><strong>ecclesiam</strong></span> <span class='ocrx_word' id='word_1_102' title='bbox 910 1925 1166 2007; x_wconf 86' lang='lat' dir='ltr'><strong>Christi,</strong></span> <span class='ocrx_word' id='word_1_103' title='bbox 1224 1929 1393 2011; x_wconf 89' lang='lat' dir='ltr'><strong>quod</strong></span> <span class='ocrx_word' id='word_1_104' title='bbox 1441 1928 1625 1994; x_wconf 88' lang='lat' dir='ltr'><strong>aliter</strong></span> <span class='ocrx_word' id='word_1_105' title='bbox 1667 1930 1898 1994; x_wconf 79' lang='lat' dir='ltr'><strong>tmctat</strong></span> <span class='ocrx_word' id='word_1_106' title='bbox 1942 1929 2112 2008; x_wconf 84' lang='lat' dir='ltr'><strong>illos,</strong></span> <span class='ocrx_word' id='word_1_107' title='bbox 2161 1929 2269 2013; x_wconf 90' lang='lat' dir='ltr'><strong>qui</strong></span> <span class='ocrx_word' id='word_1_108' title='bbox 2318 1947 2458 1992; x_wconf 85' lang='lat' dir='ltr'><strong>eam</strong></span> <span class='ocrx_word' id='word_1_109' title='bbox 2505 1927 2824 2008; x_wconf 89' lang='lat' dir='ltr'><strong>deserunt,</strong></span> 
     </span>
     <span class='ocr_line' id='line_1_15' title="bbox 528 2035 2827 2120; baseline 0.001 -22"><span class='ocrx_word' id='word_1_110' title='bbox 528 2035 581 2098; x_wconf 90' lang='lat' dir='ltr'><strong>si</strong></span> <span class='ocrx_word' id='word_1_111' title='bbox 646 2035 767 2100; x_wconf 93' lang='lat' dir='ltr'><strong>hoc</strong></span> <span class='ocrx_word' id='word_1_112' title='bbox 831 2035 1045 2117; x_wconf 88' lang='lat' dir='ltr'><strong>ipsum</strong></span> <span class='ocrx_word' id='word_1_113' title='bbox 1111 2035 1486 2119; x_wconf 84' lang='lat' dir='ltr'><strong>paenitendo</strong></span> <span class='ocrx_word' id='word_1_114' title='bbox 1554 2035 1890 2120; x_wconf 83' lang='lat' dir='ltr'><strong>corrigant,</strong></span> <span class='ocrx_word' id='word_1_115' title='bbox 1967 2035 2152 2100; x_wconf 89' lang='lat' dir='ltr'><strong>aliter</strong></span> <span class='ocrx_word' id='word_1_116' title='bbox 2212 2035 2380 2111; x_wconf 85' lang='lat' dir='ltr'><strong>illos,</strong></span> <span class='ocrx_word' id='word_1_117' title='bbox 2448 2036 2556 2119; x_wconf 93' lang='lat' dir='ltr'><strong>qui</strong></span> <span class='ocrx_word' id='word_1_118' title='bbox 2619 2035 2684 2100; x_wconf 88' lang='lat' dir='ltr'><strong>in</strong></span> <span class='ocrx_word' id='word_1_119' title='bbox 2750 2054 2827 2100; x_wconf 88' lang='lat' dir='ltr'><strong>ea</strong></span> 
     </span>
     <span class='ocr_line' id='line_1_16' title="bbox 526 2141 2924 2226; baseline -0.001 -21"><span class='ocrx_word' id='word_1_120' title='bbox 526 2141 804 2206; x_wconf 87' lang='lat' dir='ltr'><strong>nondum</strong></span> <span class='ocrx_word' id='word_1_121' title='bbox 858 2141 1115 2206; x_wconf 88' lang='lat' dir='ltr'><strong>fuerunt</strong></span> <span class='ocrx_word' id='word_1_122' title='bbox 1161 2145 1225 2206; x_wconf 88' lang='lat' dir='ltr'><strong>et</strong></span> <span class='ocrx_word' id='word_1_123' title='bbox 1276 2144 1429 2206; x_wconf 90' lang='lat' dir='ltr'><strong>tunc</strong></span> <span class='ocrx_word' id='word_1_124' title='bbox 1476 2143 1753 2226; x_wconf 89' lang='lat' dir='ltr'><strong>primum</strong></span> <span class='ocrx_word' id='word_1_125' title='bbox 1808 2161 2034 2224; x_wconf 86' lang='lat' dir='ltr'><strong>pacem</strong></span> <span class='ocrx_word' id='word_1_126' title='bbox 2081 2143 2220 2207; x_wconf 88' lang='lat' dir='ltr'><strong>eius</strong></span> <span class='ocrx_word' id='word_1_127' title='bbox 2277 2141 2618 2224; x_wconf 84' lang='lat' dir='ltr'><strong>accipiunt,</strong></span> <span class='ocrx_word' id='word_1_128' title='bbox 2671 2142 2823 2206; x_wconf 86' lang='lat' dir='ltr'><strong>illos</strong></span> <span class='ocrx_word' id='word_1_129' title='bbox 2867 2165 2924 2203; x_wconf 76' lang='lat'><strong>15</strong></span> 
     </span>
     <span class='ocr_line' id='line_1_17' title="bbox 529 2247 2824 2333; baseline -0 -20"><span class='ocrx_word' id='word_1_130' title='bbox 529 2248 803 2330; x_wconf 85' lang='lat' dir='ltr'><strong>amplius</strong></span> <span class='ocrx_word' id='word_1_131' title='bbox 860 2247 1274 2324; x_wconf 87' lang='lat' dir='ltr'><strong>humiliando,</strong></span> <span class='ocrx_word' id='word_1_132' title='bbox 1328 2250 1491 2314; x_wconf 89' lang='lat' dir='ltr'><strong>istos</strong></span> <span class='ocrx_word' id='word_1_133' title='bbox 1545 2249 1757 2315; x_wconf 89' lang='lat' dir='ltr'><strong>lenius</strong></span> <span class='ocrx_word' id='word_1_134' title='bbox 1813 2249 2242 2332; x_wconf 81' lang='lat' dir='ltr'><strong>suscipiendO,</strong></span> <span class='ocrx_word' id='word_1_135' title='bbox 2309 2253 2617 2333; x_wconf 88' lang='lat' dir='ltr'><strong>utrosque</strong></span> <span class='ocrx_word' id='word_1_136' title='bbox 2683 2248 2824 2313; x_wconf 89' lang='lat' dir='ltr'><strong>dili·</strong></span> 
     </span>
     <span class='ocr_line' id='line_1_18' title="bbox 528 2354 2824 2440; baseline 0.001 -22"><span class='ocrx_word' id='word_1_137' title='bbox 528 2354 753 2440; x_wconf 86' lang='lat' dir='ltr'><strong>gendo,</strong></span> <span class='ocrx_word' id='word_1_138' title='bbox 791 2355 1078 2438; x_wconf 85' lang='lat' dir='ltr'><strong>utrisque</strong></span> <span class='ocrx_word' id='word_1_139' title='bbox 1118 2355 1413 2421; x_wconf 87' lang='lat' dir='ltr'><strong>sanandis</strong></span> <span class='ocrx_word' id='word_1_140' title='bbox 1452 2360 1737 2421; x_wconf 87' lang='lat' dir='ltr'><strong>materna</strong></span> <span class='ocrx_word' id='word_1_141' title='bbox 1773 2355 2034 2421; x_wconf 87' lang='lat' dir='ltr'><strong>caritate</strong></span> <span class='ocrx_word' id='word_1_142' title='bbox 2074 2355 2429 2422; x_wconf 89' lang='lat' dir='ltr'><strong>seruiendo.</strong></span> <span class='ocrx_word' id='word_1_143' title='bbox 2459 2356 2653 2421; x_wconf 83' lang='lat' dir='ltr'><strong>habes</strong></span> <span class='ocrx_word' id='word_1_144' title='bbox 2695 2357 2824 2438; x_wconf 89' lang='lat' dir='ltr'><strong>epi-</strong></span> 
     </span>
     <span class='ocr_line' id='line_1_19' title="bbox 528 2462 2820 2546; baseline 0 -20"><span class='ocrx_word' id='word_1_145' title='bbox 528 2462 762 2526; x_wconf 90' lang='lat' dir='ltr'><strong>stulam</strong></span> <span class='ocrx_word' id='word_1_146' title='bbox 820 2462 1219 2544; x_wconf 81' lang='lat' dir='ltr'><strong>prolixiorem</strong></span> <span class='ocrx_word' id='word_1_147' title='bbox 1284 2463 1576 2543; x_wconf 85' lang='lat' dir='ltr'><strong>fortasse,</strong></span> <span class='ocrx_word' id='word_1_148' title='bbox 1627 2482 1816 2546; x_wconf 89' lang='lat' dir='ltr'><strong>quam</strong></span> <span class='ocrx_word' id='word_1_149' title='bbox 1861 2463 2086 2528; x_wconf 87' lang='lat' dir='ltr'><strong>uelles.</strong></span> <span class='ocrx_word' id='word_1_150' title='bbox 2136 2465 2309 2528; x_wconf 88' lang='lat' dir='ltr'><strong>esset</strong></span> <span class='ocrx_word' id='word_1_151' title='bbox 2354 2466 2564 2528; x_wconf 90' lang='lat' dir='ltr'><strong>autem</strong></span> <span class='ocrx_word' id='word_1_152' title='bbox 2615 2463 2820 2527; x_wconf 87' lang='lat' dir='ltr'><strong>multo</strong></span> 
     </span>
     <span class='ocr_line' id='line_1_20' title="bbox 526 2568 2822 2654; baseline 0.001 -22"><span class='ocrx_word' id='word_1_153' title='bbox 526 2568 795 2636; x_wconf 86' lang='lat' dir='ltr'><strong>breuior.</strong></span> <span class='ocrx_word' id='word_1_154' title='bbox 865 2569 921 2632; x_wconf 86' lang='lat' dir='ltr'><strong>si</strong></span> <span class='ocrx_word' id='word_1_155' title='bbox 980 2575 1043 2632; x_wconf 92' lang='lat' dir='ltr'><strong>te</strong></span> <span class='ocrx_word' id='word_1_156' title='bbox 1090 2573 1341 2634; x_wconf 85' lang='lat' dir='ltr'><strong>tantum</strong></span> <span class='ocrx_word' id='word_1_157' title='bbox 1398 2570 1460 2633; x_wconf 89' lang='lat' dir='ltr'><strong>in</strong></span> <span class='ocrx_word' id='word_1_158' title='bbox 1514 2569 1948 2651; x_wconf 88' lang='lat' dir='ltr'><strong>respondendo</strong></span> <span class='ocrx_word' id='word_1_159' title='bbox 2007 2569 2380 2654; x_wconf 86' lang='lat' dir='ltr'><strong>cogitarem;</strong></span> <span class='ocrx_word' id='word_1_160' title='bbox 2439 2588 2604 2634; x_wconf 88' lang='lat' dir='ltr'><strong>nunc</strong></span> <span class='ocrx_word' id='word_1_161' title='bbox 2647 2588 2822 2635; x_wconf 71' lang='lat' dir='ltr'><strong>uero,</strong></span> 
     </span>
     <span class='ocr_line' id='line_1_21' title="bbox 530 2675 2926 2760; baseline -0 -21"><span class='ocrx_word' id='word_1_162' title='bbox 530 2677 722 2740; x_wconf 85' lang='lat' dir='ltr'><strong>etiam</strong></span> <span class='ocrx_word' id='word_1_163' title='bbox 772 2676 825 2740; x_wconf 89' lang='lat' dir='ltr'><strong>si</strong></span> <span class='ocrx_word' id='word_1_164' title='bbox 872 2676 991 2741; x_wconf 89' lang='lat' dir='ltr'><strong>tibi</strong></span> <span class='ocrx_word' id='word_1_165' title='bbox 1037 2676 1194 2740; x_wconf 89' lang='lat' dir='ltr'><strong>nihil</strong></span> <span class='ocrx_word' id='word_1_166' title='bbox 1242 2676 1467 2758; x_wconf 89' lang='lat' dir='ltr'><strong>prosit,</strong></span> <span class='ocrx_word' id='word_1_167' title='bbox 1515 2696 1638 2741; x_wconf 91' lang='lat' dir='ltr'><strong>non</strong></span> <span class='ocrx_word' id='word_1_168' title='bbox 1685 2681 1840 2760; x_wconf 88' lang='lat' dir='ltr'><strong>puto</strong></span> <span class='ocrx_word' id='word_1_169' title='bbox 1897 2675 2056 2742; x_wconf 91' lang='lat' dir='ltr'><strong>nihil</strong></span> <span class='ocrx_word' id='word_1_170' title='bbox 2103 2676 2193 2741; x_wconf 89' lang='lat' dir='ltr'><strong>eis</strong></span> <span class='ocrx_word' id='word_1_171' title='bbox 2249 2677 2665 2760; x_wconf 87' lang='lat' dir='ltr'><strong>profuturam,</strong></span> <span class='ocrx_word' id='word_1_172' title='bbox 2713 2677 2825 2759; x_wconf 89' lang='lat' dir='ltr'><strong>qui</strong></span> <span class='ocrx_word' id='word_1_173' title='bbox 2867 2699 2926 2738; x_wconf 75' lang='lat'><strong>20</strong></span> 
     </span>
     <span class='ocr_line' id='line_1_22' title="bbox 530 2783 2824 2868; baseline 0 -22"><span class='ocrx_word' id='word_1_174' title='bbox 530 2803 667 2846; x_wconf 85' lang='lat' dir='ltr'><strong>eam</strong></span> <span class='ocrx_word' id='word_1_175' title='bbox 723 2783 935 2868; x_wconf 89' lang='lat' dir='ltr'><strong>legere</strong></span> <span class='ocrx_word' id='word_1_176' title='bbox 994 2802 1138 2848; x_wconf 90' lang='lat' dir='ltr'><strong>cum</strong></span> <span class='ocrx_word' id='word_1_177' title='bbox 1205 2783 1305 2847; x_wconf 91' lang='lat' dir='ltr'><strong>dei</strong></span> <span class='ocrx_word' id='word_1_178' title='bbox 1370 2783 1596 2848; x_wconf 87' lang='lat' dir='ltr'><strong>timore</strong></span> <span class='ocrx_word' id='word_1_179' title='bbox 1663 2787 1727 2848; x_wconf 89' lang='lat' dir='ltr'><strong>et</strong></span> <span class='ocrx_word' id='word_1_180' title='bbox 1790 2786 1923 2848; x_wconf 89' lang='lat' dir='ltr'><strong>sine</strong></span> <span class='ocrx_word' id='word_1_181' title='bbox 1987 2802 2394 2867; x_wconf 88' lang='lat' dir='ltr'><strong>personarum</strong></span> <span class='ocrx_word' id='word_1_182' title='bbox 2463 2783 2824 2867; x_wconf 88' lang='lat' dir='ltr'><strong>acceptione</strong></span> 
     </span>
     <span class='ocr_line' id='line_1_23' title="bbox 530 2891 1160 2954; baseline 0 -1"><span class='ocrx_word' id='word_1_183' title='bbox 530 2891 905 2954; x_wconf 86' lang='lat' dir='ltr'><strong>curauerint.</strong></span> <span class='ocrx_word' id='word_1_184' title='bbox 958 2909 1160 2954; x_wconf 87' lang='lat' dir='ltr'><strong>amen.</strong></span> 
     </span>
    </p>
   </div>
   <div class='ocr_carea' id='block_1_3' title="bbox 708 3077 1737 3142">
    <p class='ocr_par' dir='ltr' id='par_1_4' title="bbox 708 3077 1737 3142">
     <span class='ocr_line' id='line_1_24' title="bbox 708 3077 1737 3142; baseline 0.001 -10"><span class='ocrx_word' id='word_1_185' title='bbox 708 3079 741 3132; x_wconf 86' lang='lat'>2</span> <span class='ocrx_word' id='word_1_186' title='bbox 782 3077 901 3133; x_wconf 83' lang='lat' dir='ltr'><strong>Gal.</strong></span> <span class='ocrx_word' id='word_1_187' title='bbox 942 3081 993 3142; x_wconf 86' lang='lat'><strong>2,</strong></span> <span class='ocrx_word' id='word_1_188' title='bbox 1036 3079 1101 3133; x_wconf 84' lang='lat'><strong>18</strong></span> <span class='ocrx_word' id='word_1_189' title='bbox 1212 3080 1244 3133; x_wconf 90' lang='grc'>6</span> <span class='ocrx_word' id='word_1_190' title='bbox 1274 3079 1393 3133; x_wconf 73' lang='lat' dir='ltr'><strong>Gal.</strong></span> <span class='ocrx_word' id='word_1_191' title='bbox 1436 3081 1483 3142; x_wconf 87' lang='lat'><strong>1,</strong></span> <span class='ocrx_word' id='word_1_192' title='bbox 1522 3081 1737 3134; x_wconf 82' lang='lat'>23—24</span> 
     </span>
    </p>
   </div>
   <div class='ocr_carea' id='block_1_4' title="bbox 529 3201 2836 3983">
    <p class='ocr_par' dir='ltr' id='par_1_5' title="bbox 529 3201 2826 3452">
     <span class='ocr_line' id='line_1_25' title="bbox 608 3201 2826 3275; baseline 0 -18"><span class='ocrx_word' id='word_1_193' title='bbox 608 3204 629 3258; x_wconf 93' lang='lat'>1</span> <span class='ocrx_word' id='word_1_194' title='bbox 676 3202 947 3257; x_wconf 86' lang='lat' dir='ltr'><strong>ominibus</strong></span> <span class='ocrx_word' id='word_1_195' title='bbox 988 3203 1033 3256; x_wconf 84' lang='lat' dir='ltr'><strong><em>G</em></strong></span> <span class='ocrx_word' id='word_1_196' title='bbox 1176 3201 1323 3271; x_wconf 89' lang='lat' dir='ltr'><strong>quod</strong></span> <span class='ocrx_word' id='word_1_197' title='bbox 1365 3203 1413 3256; x_wconf 83' lang='lat' dir='ltr'><em>C</em></span> <span class='ocrx_word' id='word_1_198' title='bbox 1554 3202 1862 3257; x_wconf 81' lang='lat' dir='ltr'><strong>obiciantur</strong></span> <span class='ocrx_word' id='word_1_199' title='bbox 1901 3209 1955 3268; x_wconf 90' lang='lat' dir='ltr'><strong>(n</strong></span> <span class='ocrx_word' id='word_1_200' title='bbox 1995 3209 2138 3272; x_wconf 72' lang='lat' dir='ltr'><strong>exp.)</strong></span> <span class='ocrx_word' id='word_1_201' title='bbox 2179 3205 2252 3257; x_wconf 70' lang='grc' dir='ltr'><strong>ΙΙΙ</strong></span> <span class='ocrx_word' id='word_1_202' title='bbox 2391 3205 2488 3259; x_wconf 79' lang='lat' dir='ltr'><strong>illa</strong></span> <span class='ocrx_word' id='word_1_203' title='bbox 2526 3205 2826 3275; x_wconf 81' lang='lat' dir='ltr'><strong>apostolica</strong></span> 
     </span>
     <span class='ocr_line' id='line_1_26' title="bbox 530 3291 2824 3363; baseline 0.001 -19"><span class='ocrx_word' id='word_1_204' title='bbox 530 3291 693 3346; x_wconf 87' lang='lat' dir='ltr'><strong>PRL</strong></span> <span class='ocrx_word' id='word_1_205' title='bbox 732 3295 892 3354; x_wconf 86' lang='lat' dir='ltr'><strong>(corr.</strong></span> <span class='ocrx_word' id='word_1_206' title='bbox 933 3291 1239 3361; x_wconf 81' lang='lat' dir='ltr'><strong>apostolica</strong></span> <span class='ocrx_word' id='word_1_207' title='bbox 1265 3291 1381 3357; x_wconf 73' lang='lat' dir='ltr'><strong>ills)</strong></span> <span class='ocrx_word' id='word_1_208' title='bbox 1413 3291 1533 3346; x_wconf 73' lang='lat' dir='ltr'><strong>edd.</strong></span> <span class='ocrx_word' id='word_1_209' title='bbox 1647 3293 1679 3345; x_wconf 83' lang='lat'><strong>2</strong></span> <span class='ocrx_word' id='word_1_210' title='bbox 1719 3292 2034 3346; x_wconf 84' lang='lat' dir='ltr'><strong>destruxisti</strong></span> <span class='ocrx_word' id='word_1_211' title='bbox 2061 3293 2114 3345; x_wconf 81' lang='lat' dir='ltr'><strong><em>A</em></strong></span> <span class='ocrx_word' id='word_1_212' title='bbox 2259 3295 2396 3349; x_wconf 81' lang='lat' dir='ltr'><strong>haec</strong></span> <span class='ocrx_word' id='word_1_213' title='bbox 2434 3293 2644 3363; x_wconf 86' lang='lat' dir='ltr'><strong>eadem]</strong></span> <span class='ocrx_word' id='word_1_214' title='bbox 2677 3294 2824 3363; x_wconf 87' lang='lat' dir='ltr'><strong>prius</strong></span> 
     </span>
     <span class='ocr_line' id='line_1_27' title="bbox 529 3378 2826 3452; baseline 0.001 -20"><span class='ocrx_word' id='word_1_215' title='bbox 529 3380 664 3433; x_wconf 82' lang='lat' dir='ltr'><strong>haec</strong></span> <span class='ocrx_word' id='word_1_216' title='bbox 700 3379 756 3434; x_wconf 88' lang='lat' dir='ltr'><strong><em>R</em></strong></span> <span class='ocrx_word' id='word_1_217' title='bbox 795 3378 1057 3434; x_wconf 86' lang='lat' dir='ltr'><strong>eademm</strong></span> <span class='ocrx_word' id='word_1_218' title='bbox 1226 3379 1260 3432; x_wconf 84' lang='lat'><strong>3</strong></span> <span class='ocrx_word' id='word_1_219' title='bbox 1301 3378 1547 3433; x_wconf 83' lang='lat' dir='ltr'><strong>aedificio</strong></span> <span class='ocrx_word' id='word_1_220' title='bbox 1590 3384 1788 3448; x_wconf 79' lang='lat' dir='ltr'><strong>(postr.</strong></span> <span class='ocrx_word' id='word_1_221' title='bbox 1829 3380 1849 3432; x_wconf 89' lang='lat' dir='ltr'><strong>i</strong></span> <span class='ocrx_word' id='word_1_222' title='bbox 1885 3385 2025 3448; x_wconf 66' lang='lat' dir='ltr'><strong>exp.)</strong></span> <span class='ocrx_word' id='word_1_223' title='bbox 2063 3380 2121 3434; x_wconf 90' lang='lat' dir='ltr'><strong><em>P</em></strong></span> <span class='ocrx_word' id='word_1_224' title='bbox 2279 3383 2312 3434; x_wconf 85' lang='lat'>5</span> <span class='ocrx_word' id='word_1_225' title='bbox 2349 3381 2736 3452; x_wconf 79' lang='lat' dir='ltr'><strong>praedicabant</strong></span> <span class='ocrx_word' id='word_1_226' title='bbox 2773 3381 2826 3434; x_wconf 89' lang='lat' dir='ltr'><em>L</em></span> 
     </span>
    </p>

    <p class='ocr_par' dir='ltr' id='par_1_6' title="bbox 532 3467 2836 3983">
     <span class='ocr_line' id='line_1_28' title="bbox 602 3467 2824 3538; baseline 0 -16"><span class='ocrx_word' id='word_1_227' title='bbox 602 3467 875 3537; x_wconf 84' lang='lat' dir='ltr'><strong>peruersio</strong></span> <span class='ocrx_word' id='word_1_228' title='bbox 915 3467 1306 3537; x_wconf 76' lang='lat' dir='ltr'><strong>oppugnabant</strong></span> <span class='ocrx_word' id='word_1_229' title='bbox 1347 3467 1395 3522; x_wconf 81' lang='lat'><em>0</em></span> <span class='ocrx_word' id='word_1_230' title='bbox 1571 3469 1604 3522; x_wconf 89' lang='grc'><strong>6</strong></span> <span class='ocrx_word' id='word_1_231' title='bbox 1644 3467 1913 3522; x_wconf 87' lang='lat' dir='ltr'><strong>diceretur</strong></span> <span class='ocrx_word' id='word_1_232' title='bbox 1949 3469 2199 3538; x_wconf 88' lang='lat' dir='ltr'><strong>primitus</strong></span> <span class='ocrx_word' id='word_1_233' title='bbox 2237 3469 2309 3523; x_wconf 82' lang='lat' dir='ltr'><strong><em>M</em></strong></span> <span class='ocrx_word' id='word_1_234' title='bbox 2523 3469 2736 3523; x_wconf 84' lang='lat' dir='ltr'><strong>dicetur</strong></span> <span class='ocrx_word' id='word_1_235' title='bbox 2771 3471 2824 3522; x_wconf 79' lang='lat' dir='ltr'><em>A</em></span> 
     </span>
     <span class='ocr_line' id='line_1_29' title="bbox 535 3556 2836 3625; baseline 0.001 -16"><span class='ocrx_word' id='word_1_236' title='bbox 535 3557 594 3610; x_wconf 97' lang='grc'><strong>11</strong></span> <span class='ocrx_word' id='word_1_237' title='bbox 637 3556 920 3625; x_wconf 88' lang='lat' dir='ltr'><strong>impudens</strong></span> <span class='ocrx_word' id='word_1_238' title='bbox 959 3557 1119 3610; x_wconf 86' lang='lat' dir='ltr'><strong>nimis</strong></span> <span class='ocrx_word' id='word_1_239' title='bbox 1157 3557 1213 3612; x_wconf 88' lang='lat' dir='ltr'><strong><em>R</em></strong></span> <span class='ocrx_word' id='word_1_240' title='bbox 1374 3557 1479 3625; x_wconf 87' lang='lat' dir='ltr'><strong>hic,</strong></span> <span class='ocrx_word' id='word_1_241' title='bbox 1520 3573 1660 3614; x_wconf 79' lang='lat' dir='ltr'><strong>corr.</strong></span> <span class='ocrx_word' id='word_1_242' title='bbox 1697 3575 1765 3610; x_wconf 86' lang='lat' dir='ltr'><strong>m.</strong></span> <span class='ocrx_word' id='word_1_243' title='bbox 1803 3565 1867 3612; x_wconf 74' lang='lat' dir='ltr'><strong>ut</strong></span> <span class='ocrx_word' id='word_1_244' title='bbox 1901 3559 2018 3612; x_wconf 79' lang='lat' dir='ltr'><strong>uid.</strong></span> <span class='ocrx_word' id='word_1_245' title='bbox 2059 3563 2090 3610; x_wconf 91' lang='lat'><strong><em>1</em></strong></span> <span class='ocrx_word' id='word_1_246' title='bbox 2129 3558 2255 3612; x_wconf 91' lang='lat' dir='ltr'><strong>huic</strong></span> <span class='ocrx_word' id='word_1_247' title='bbox 2295 3560 2396 3624; x_wconf 82' lang='lat' dir='ltr'><strong>(sic</strong></span> <span class='ocrx_word' id='word_1_248' title='bbox 2419 3561 2460 3622; x_wconf 70' lang='lat' dir='ltr'><strong>l)</strong></span> <span class='ocrx_word' id='word_1_249' title='bbox 2497 3559 2572 3612; x_wconf 81' lang='lat' dir='ltr'><strong><em>M</em></strong></span> <span class='ocrx_word' id='word_1_250' title='bbox 2603 3559 2730 3612; x_wconf 88' lang='lat' dir='ltr'><strong>hinc</strong></span> <span class='ocrx_word' id='word_1_251' title='bbox 2767 3557 2836 3611; x_wconf 81' lang='lat' dir='ltr'><em>N</em></span> 
     </span>
     <span class='ocr_line' id='line_1_30' title="bbox 532 3645 2822 3716; baseline 0.001 -18"><span class='ocrx_word' id='word_1_252' title='bbox 532 3645 649 3698; x_wconf 79' lang='lat' dir='ltr'><strong>edd.</strong></span> <span class='ocrx_word' id='word_1_253' title='bbox 818 3647 884 3699; x_wconf 88' lang='lat'><strong>12</strong></span> <span class='ocrx_word' id='word_1_254' title='bbox 922 3645 1204 3699; x_wconf 86' lang='lat' dir='ltr'><strong>ecclesiam</strong></span> <span class='ocrx_word' id='word_1_255' title='bbox 1242 3646 1361 3700; x_wconf 82' lang='lat' dir='ltr'><strong>edd.</strong></span> <span class='ocrx_word' id='word_1_256' title='bbox 1395 3653 1678 3715; x_wconf 76' lang='lat' dir='ltr'><strong>praetera</strong></span> <span class='ocrx_word' id='word_1_257' title='bbox 1859 3651 2074 3702; x_wconf 80' lang='lat' dir='ltr'><strong>constat</strong></span> <span class='ocrx_word' id='word_1_258' title='bbox 2111 3665 2228 3701; x_wconf 84' lang='lat' dir='ltr'><strong>esse</strong></span> <span class='ocrx_word' id='word_1_259' title='bbox 2265 3647 2386 3703; x_wconf 80' lang='lat' dir='ltr'><strong>edd.</strong></span> <span class='ocrx_word' id='word_1_260' title='bbox 2549 3649 2615 3701; x_wconf 87' lang='lat'><strong>13</strong></span> <span class='ocrx_word' id='word_1_261' title='bbox 2655 3648 2822 3716; x_wconf 73' lang='lat' dir='ltr'><strong>quod!</strong></span> 
     </span>
     <span class='ocr_line' id='line_1_31' title="bbox 534 3733 2830 3806; baseline 0.002 -19"><span class='ocrx_word' id='word_1_262' title='bbox 534 3750 669 3802; x_wconf 88' lang='lat' dir='ltr'><strong>quae</strong></span> <span class='ocrx_word' id='word_1_263' title='bbox 708 3733 761 3786; x_wconf 92' lang='lat' dir='ltr'><strong><em>L</em></strong></span> <span class='ocrx_word' id='word_1_264' title='bbox 925 3735 990 3788; x_wconf 85' lang='lat'><strong>14</strong></span> <span class='ocrx_word' id='word_1_265' title='bbox 1047 3735 1298 3804; x_wconf 83' lang='lat' dir='ltr'><strong>corrigat,</strong></span> <span class='ocrx_word' id='word_1_266' title='bbox 1336 3751 1473 3790; x_wconf 85' lang='lat' dir='ltr'><strong>corr.</strong></span> <span class='ocrx_word' id='word_1_267' title='bbox 1512 3753 1580 3788; x_wconf 84' lang='lat' dir='ltr'><strong>m.</strong></span> <span class='ocrx_word' id='word_1_268' title='bbox 1603 3741 1634 3788; x_wconf 87' lang='lat'><strong><em>1</em></strong></span> <span class='ocrx_word' id='word_1_269' title='bbox 1671 3737 1945 3806; x_wconf 81' lang='lat' dir='ltr'><strong>corrigant</strong></span> <span class='ocrx_word' id='word_1_270' title='bbox 1977 3735 2056 3790; x_wconf 81' lang='lat' dir='ltr'><strong><em>M</em></strong></span> <span class='ocrx_word' id='word_1_271' title='bbox 2281 3737 2518 3792; x_wconf 87' lang='lat' dir='ltr'><strong>nondum</strong></span> <span class='ocrx_word' id='word_1_272' title='bbox 2563 3737 2620 3790; x_wconf 89' lang='lat' dir='ltr'><strong>in</strong></span> <span class='ocrx_word' id='word_1_273' title='bbox 2671 3753 2736 3790; x_wconf 77' lang='lat' dir='ltr'><strong>ea</strong></span> <span class='ocrx_word' id='word_1_274' title='bbox 2769 3736 2830 3792; x_wconf 82' lang='lat' dir='ltr'><em>R</em></span> 
     </span>
     <span class='ocr_line' id='line_1_32' title="bbox 537 3823 2826 3896; baseline 0.001 -19"><span class='ocrx_word' id='word_1_275' title='bbox 537 3823 600 3877; x_wconf 87' lang='grc'>15</span> <span class='ocrx_word' id='word_1_276' title='bbox 640 3823 755 3876; x_wconf 88' lang='lat' dir='ltr'><strong>eius</strong></span> <span class='ocrx_word' id='word_1_277' title='bbox 792 3840 977 3892; x_wconf 88' lang='lat' dir='ltr'><strong>pacem</strong></span> <span class='ocrx_word' id='word_1_278' title='bbox 1018 3823 1072 3878; x_wconf 84' lang='lat' dir='ltr'><em>R</em></span> <span class='ocrx_word' id='word_1_279' title='bbox 1110 3823 1229 3880; x_wconf 74' lang='lat' dir='ltr'><strong>edd.</strong></span> <span class='ocrx_word' id='word_1_280' title='bbox 1388 3827 1453 3880; x_wconf 87' lang='grc'>16</span> <span class='ocrx_word' id='word_1_281' title='bbox 1492 3825 1628 3879; x_wconf 82' lang='lat' dir='ltr'><strong>istos</strong></span> <span class='ocrx_word' id='word_1_282' title='bbox 1667 3829 1846 3879; x_wconf 82' lang='lat' dir='ltr'><strong>autem</strong></span> <span class='ocrx_word' id='word_1_283' title='bbox 1883 3827 2060 3880; x_wconf 85' lang='lat' dir='ltr'><strong>lenius</strong></span> <span class='ocrx_word' id='word_1_284' title='bbox 2097 3825 2154 3880; x_wconf 78' lang='lat' dir='ltr'><em>R</em></span> <span class='ocrx_word' id='word_1_285' title='bbox 2269 3827 2337 3880; x_wconf 83' lang='lat'><strong>21</strong></span> <span class='ocrx_word' id='word_1_286' title='bbox 2377 3825 2579 3896; x_wconf 87' lang='lat' dir='ltr'><strong>legere]</strong></span> <span class='ocrx_word' id='word_1_287' title='bbox 2621 3824 2826 3896; x_wconf 81' lang='lat' dir='ltr'><strong>digere,</strong></span> 
     </span>
     <span class='ocr_line' id='line_1_33' title="bbox 532 3899 2832 3983; baseline 0.002 -19"><span class='ocrx_word' id='word_1_288' title='bbox 532 3927 601 3965; x_wconf 87' lang='lat' dir='ltr'><strong>m.</strong></span> <span class='ocrx_word' id='word_1_289' title='bbox 626 3915 663 3964; x_wconf 77' lang='lat'><strong>:2</strong></span> <span class='ocrx_word' id='word_1_290' title='bbox 701 3911 927 3982; x_wconf 89' lang='lat' dir='ltr'><strong>diligere</strong></span> <span class='ocrx_word' id='word_1_291' title='bbox 966 3916 1017 3966; x_wconf 83' lang='lat' dir='ltr'><strong><em>A</em></strong></span> <span class='ocrx_word' id='word_1_292' title='bbox 1165 3914 1507 3983; x_wconf 59' lang='lat' dir='ltr'><strong>acceptionem</strong></span> <span class='ocrx_word' id='word_1_293' title='bbox 1554 3932 1569 3967; x_wconf 68' lang='grc' dir='ltr'>ἰ</span> <span class='ocrx_word' id='word_1_294' title='bbox 1613 3899 1744 3980; x_wconf 59' lang='lat' dir='ltr'><strong>(riis.</strong></span> <span class='ocrx_word' id='word_1_295' title='bbox 1785 3919 1937 3969; x_wconf 79' lang='lat'><strong>2—3</strong></span> <span class='ocrx_word' id='word_1_296' title='bbox 1974 3915 2033 3982; x_wconf 78' lang='grc' dir='ltr'><strong>Ζ.)</strong></span> <span class='ocrx_word' id='word_1_297' title='bbox 2073 3914 2148 3968; x_wconf 83' lang='grc' dir='ltr'>Μ</span> <span class='ocrx_word' id='word_1_298' title='bbox 2279 3916 2347 3969; x_wconf 83' lang='grc'><strong>22</strong></span> <span class='ocrx_word' id='word_1_299' title='bbox 2387 3931 2540 3969; x_wconf 87' lang='lat' dir='ltr'><strong>amen</strong></span> <span class='ocrx_word' id='word_1_300' title='bbox 2582 3931 2686 3968; x_wconf 87' lang='lat' dir='ltr'><strong>om.</strong></span> <span class='ocrx_word' id='word_1_301' title='bbox 2729 3913 2832 3968; x_wconf 75' lang='lat' dir='ltr'><strong>CL</strong></span> 
     </span>
    </p>
   </div>
   <div class='ocr_carea' id='block_1_5' title="bbox 3162 0 3164 1356">
    <p class='ocr_par' dir='ltr' id='par_1_7' title="bbox 3162 0 3164 1356">
     <span class='ocr_line' id='line_1_34' title="bbox 3162 0 3164 1356; baseline 0 0"><span class='ocrx_word' id='word_1_302' title='bbox 3162 0 3164 1356; x_wconf 95' lang='lat' dir='ltr'><strong> </strong></span> 
     </span>
    </p>
   </div>
   <div class='ocr_carea' id='block_1_6' title="bbox 3161 2035 3165 4124">
    <p class='ocr_par' dir='ltr' id='par_1_8' title="bbox 3161 2035 3165 4124">
     <span class='ocr_line' id='line_1_35' title="bbox 3161 2035 3165 4124; baseline 0 0"><span class='ocrx_word' id='word_1_303' title='bbox 3161 2035 3165 4124; x_wconf 95' lang='lat' dir='ltr'><strong> </strong></span> 
     </span>
    </p>
   </div>
   <div class='ocr_carea' id='block_1_7' title="bbox 3162 4269 3165 4918">
    <p class='ocr_par' dir='ltr' id='par_1_9' title="bbox 3162 4269 3165 4918">
     <span class='ocr_line' id='line_1_36' title="bbox 3162 4269 3165 4918; baseline 0 0"><span class='ocrx_word' id='word_1_304' title='bbox 3162 4269 3165 4918; x_wconf 95' lang='lat' dir='ltr'><strong> </strong></span> 
     </span>
    </p>
   </div>
  </div>
 </body>
</html>
