3184 4959
450 435 576 500 190
1154 433 1206 486 S.
1263 431 1534 484 Aureli
1589 429 2026 499 Augustini

447 623 827 688 inueniebat.
900 623 1161 705 proinde
1239 623 1617 688 admonetur
1686 623 1749 686 in
1815 621 2092 705 psalmo:
2168 621 2605 688 Delectare
2668 624 2747 688 in

452 730 767 795 domino
817 734 894 796 et
941 730 1172 796 dabit
1217 730 1370 794 tibi
1415 729 1875 813 petitiones
1922 728 2193 795 cordis
2240 729 2386 794 tui.

321 837 403 904 19
542 833 746 914 Quia
818 855 966 922 ergo
1043 836 1348 902 caritas
1416 835 1542 900 dei
1610 835 1925 900 diffusa
2008 840 2134 901 est
2202 835 2281 900 in
2359 835 2745 901 cordibus

451 944 758 1009 nostris
805 963 944 1027 per
991 943 1378 1026 spiritum
1429 945 1817 1020 sanctum,
1860 942 1995 1024 qui
2044 942 2279 1008 datus
2322 947 2449 1008 est
2485 943 2745 1022 nobis,

447 1052 592 1118 ideo
639 1051 1054 1118 sanctificatio
1093 1049 1158 1114 in
1197 1051 1468 1134 septimo
1510 1049 1613 1114 die
1650 1052 2145 1115 commemorata
2183 1053 2303 1128 est,
2342 1050 2455 1114 ubi
2492 1051 2745 1133 requies
2812 1071 2842 1113 s

451 1157 950 1224 commendatur.
1029 1157 1176 1240 quia
1249 1175 1398 1222 uero
1474 1175 1588 1221 nec
1662 1156 1819 1220 bene
1896 1157 2136 1240 operari
2210 1175 2556 1239 possumus
2623 1156 2749 1220 nisi

453 1265 614 1330 dono
671 1265 807 1330 eius
873 1264 1096 1342 adiuti,
1165 1263 1334 1328 sicut
1399 1263 1732 1345 apostolus
1798 1263 1984 1329 dicit:
2052 1262 2267 1328 Deus
2335 1263 2541 1328 enim
2609 1268 2747 1342 est,

454 1371 592 1453 qui
637 1374 1032 1454 operatur
1074 1370 1152 1434 in
1197 1369 1437 1435 uobis
1487 1372 1565 1434 et
1611 1370 1831 1434 uelle
1880 1372 1952 1434 et
2000 1367 2322 1453 o'perari
2366 1388 2507 1453 pro
2546 1369 2752 1435 bona

452 1479 906 1556 uoluntate,
998 1495 1114 1543 uec
1184 1476 1580 1559 requiescere
1653 1476 2007 1557 poterimus
2080 1479 2228 1559 post
2303 1475 2515 1540 omnia
2586 1476 2771 1540 bona·

455 1603 644 1667 opera
707 1587 942 1662 nostra,
1009 1601 1168 1665 quae
1230 1583 1294 1646 in
1360 1583 1477 1647 hac
1541 1581 1680 1647 uita
1736 1582 2039 1666 gerimus,
2098 1582 2225 1648 nisi
2271 1582 2409 1646 eius
2460 1581 2623 1647 dono
2672 1581 2751 1646 ad
2790 1607 2845 1648 10

454 1689 892 1754 aeternitatem
941 1688 1320 1754 sanctificati
1368 1693 1558 1772 atque
1607 1689 1895 1773 perfecti,
1943 1691 2277 1772 propterea
2325 1688 2400 1753 de
2447 1689 2586 1772 ipso
2636 1687 2750 1753 deo

457 1796 709 1874 dicitur,
775 1795 942 1879 quia,
1011 1815 1152 1861 cum
1224 1797 1486 1862 fecisset
1559 1797 1822 1862 omnia
1896 1815 2137 1878 opera
2209 1795 2417 1861 bona
2490 1795 2749 1860 ualde,

459 1902 807 1985 septimo
875 1902 1002 1967 die
1063 1902 1496 1985 requieuit
1541 1902 1630 1966 ab
1692 1901 2062 1967 omnibus
2120 1901 2507 1984 operibus
2557 1903 2750 1980 suiS,

458 2028 658 2093 quae
721 2009 945 2074 fecit.
1009 2009 1290 2074 futuram
1350 2010 1518 2074 enirn
1563 2009 1850 2091 requiem
1898 2007 2322 2093 significabat,
2372 2029 2561 2092 quam
2606 2012 2754 2091 post

457 2116 624 2182 bona
688 2134 876 2197 opera
945 2115 1208 2181 daturus
1275 2117 1415 2180 erat
1477 2115 1865 2180 hominibus
1932 2115 2103 2180 sicut
2156 2115 2344 2193 enim,
2403 2135 2549 2180 cum
2594 2115 2752 2180 bene
2792 2140 2845 2182 ιε

458 2241 807 2308 operamur,
865 2223 1004 2305 ipse
1063 2221 1295 2287 dicitur
1350 2223 1592 2305 operari
1646 2223 1711 2287 in
1768 2221 1972 2300 nobis,
2031 2221 2213 2288 cuius
2270 2240 2530 2287 munere
2594 2221 2755 2287 bene

457 2349 809 2410 operamur,
856 2329 965 2407 ita,
1014 2349 1160 2394 cum
1206 2329 1689 2412 requiescimus,
1727 2330 1865 2413 ipse
1910 2329 2303 2411 requiescere
2341 2329 2592 2409 dicitur,
2632 2347 2754 2412 quo

459 2435 728 2502 donante
775 2435 1259 2519 requiescimus,

237 2551 324 2614 XI
356 2551 440 2614 20
549 2543 717 2608 Hinc
774 2547 894 2620 est,
957 2542 1126 2626 quod
1174 2543 1364 2607 etiem
1411 2543 1475 2607 in
1523 2542 1727 2607 tribus
1774 2543 1997 2626 primis
2042 2543 2399 2627 praeceptis
2447 2541 2755 2628 decalogi,

461 2669 621 2734 quae
670 2651 748 2716 ad
796 2650 982 2716 deum
1034 2649 1348 2734 pertinent
1393 2687 1481 2696 —
1527 2653 1736 2714 cetera
1782 2649 1943 2714 enim
1995 2653 2237 2734 septem
2288 2649 2365 2714 ad
2403 2649 2753 2733 proximum
2792 2677 2848 2719 20

461 2759 796 2840 pertinent,
836 2756 902 2821 id
942 2761 1042 2822 est
1089 2757 1166 2822 ad
1212 2757 1553 2834 hominem,
1606 2756 1755 2840 quia
1798 2755 1875 2820 in
1926 2755 2237 2822 duobus
2287 2757 2755 2840 praeceptis

385 2932 393 2940 ,
462 2868 639 2930 tota
702 2863 827 2928 lex
893 2863 1190 2946 pendet
1233 2900 1341 2943 —,
1390 2863 1652 2928 tertium
1709 2863 1796 2927 ibi
1864 2863 1937 2928 de
2002 2863 2443 2928 obseruatione
2508 2862 2759 2928 sabbati

461 2968 746 3052 positum
805 2972 923 3047 est,
979 2974 1054 3032 ut
1099 2969 1162 3033 in
1211 2969 1413 3053 primo
1461 2974 1799 3053 praecepto
1844 2975 2088 3052 patrem
2134 2970 2600 3055 intellegamuS,
2646 2969 2757 3034 ubi

463 3075 832 3159 prohibetur
896 3075 1019 3140 coli
1085 3076 1298 3158 aliqua
1349 3076 1414 3140 in
1471 3076 1790 3161 figmentis
1847 3077 2174 3141 hominum
2234 3075 2332 3140 dei
2382 3075 2756 3155 similitudo,

647 3321 670 3374 1
713 3319 802 3374 Pe.
841 3320 926 3383 36,
965 3322 1000 3373 4
1111 3321 1142 3375 3
1180 3320 1333 3375 Rom.
1375 3322 1424 3386 5,
1463 3322 1496 3374 5
1610 3321 1639 3372 7
1677 3320 1818 3375 Phil.
1859 3322 1910 3384 2,
1952 3321 2019 3376 13
2132 3320 2197 3374 12
2237 3318 2371 3374 Gen.
2416 3321 2464 3380 1.
2502 3320 2602 3383 313
2643 3320 2693 3382 2,
2723 3319 2757 3372 2

465 3407 530 3462 21
571 3408 768 3464 Matth.
807 3409 894 3472 22,
931 3408 1003 3463 40

540 3533 564 3586 1
608 3532 750 3601 quod
785 3533 912 3587 inde
955 3531 1120 3602 (quod
1159 3533 1260 3588 del.
1299 3551 1367 3587 m.
1390 3537 1450 3597 2)
1491 3532 1556 3586 K
1734 3533 2138 3588 admonstratur
2173 3534 2228 3587 Β
2409 3532 2666 3586 dilectare
2704 3531 2760 3584 Β

465 3622 498 3676 2
535 3622 857 3689 petitionem
879 3623 985 3676 PB
1060 3623 1093 3678 3
1133 3622 1219 3676 dei
1256 3639 1358 3677 om.
1389 3623 1445 3676 P
1514 3623 1544 3676 7
1584 3621 1749 3692 sicut]
1790 3624 1932 3677 sicut
1970 3623 2113 3677 euim
2144 3621 2198 3675 B
2307 3621 2443 3676 dicit
2478 3621 2757 3692 apostolus

467 3710 586 3765 edd.
699 3711 839 3764 enim
877 3727 978 3766 om.
1011 3712 1066 3765 Β
1139 3711 1175 3764 8
1201 3712 1355 3766 uobis
1399 3715 1453 3776 (u
1491 3712 1555 3765 in
1589 3727 1703 3766 rae.
1747 3729 1810 3766 m.
1835 3712 1886 3783 1)
1924 3713 1979 3766 Β
2014 3711 2172 3766 nobis
2200 3711 2267 3764 K
2372 3716 2430 3765 et
2460 3715 2589 3764 ante
2616 3709 2757 3764 uelle

467 3815 586 3864 om„
613 3816 682 3853 m.
707 3805 734 3852 1
773 3799 902 3856 add.
933 3799 1006 3854 P¹
1081 3802 1113 3854 9
1150 3801 1425 3854 uoluntati
1453 3800 1518 3854 K
1624 3797 1770 3854 bona
1805 3817 1909 3856 om.
1945 3802 1993 3852 B
2104 3800 2246 3854 bona
2283 3803 2469 3853 nostra
2506 3814 2669 3868 opera
2696 3797 2763 3850 K

468 3905 631 3959 opera
665 3891 852 3944 nostra
889 3889 1032 3944 bona
1070 3887 1288 3943 P¹P²M
1425 3889 1488 3944 11
1528 3891 1763 3958 porrecti
1802 3889 2029 3943 P¹P2M
2153 3889 2218 3943 12
2258 3887 2417 3942 ualde
2453 3887 2599 3941 bona
2634 3885 2755 3940 edd.

467 3993 566 4033 sec.
613 3977 771 4046 Vulq.
886 3979 952 4032 14
988 3977 1276 4048 significat,
1317 3994 1382 4033 m.
1405 3981 1434 4030 1
1471 3993 1610 4031 corr.
1650 3976 2001 4046 significabat
2038 3978 2093 4030 Β
2202 3978 2269 4031 15
2310 3977 2429 4030 erat
2466 3975 2621 4029 nobis
2657 3975 2757 4028 ho-

469 4066 702 4121 minibus
741 4067 860 4122 edd.
977 4068 1041 4120 19
1080 4066 1268 4135 etiam]
1312 4069 1457 4119 esset
1485 4065 1550 4118 K
1656 4067 1725 4122 20
1764 4081 1869 4136 que
1908 4054 1960 4120 st
1999 4064 2066 4120 ad
2102 4065 2178 4119 M
2318 4065 2424 4130 dm,
2462 4081 2529 4118 m.
2554 4067 2594 4118 2
2620 4079 2757 4118 corr.

469 4154 596 4209 dum
633 4155 688 4208 Β
793 4156 1070 4226 pertinent
1106 4154 1393 4208 sabbatum
1430 4154 1657 4208 tertium
1693 4156 1915 4224 ponitur
1952 4159 2133 4208 cetera
2160 4152 2317 4207 P¹P²
2422 4155 2491 4207 21
2530 4154 2584 4206 in
2626 4151 2759 4207 duo-

470 4243 570 4296 bus
607 4260 727 4310 om.,
761 4244 859 4299 sed
890 4261 1066 4312 supra
1106 4261 1156 4298 u.
1200 4241 1410 4308 (m.1?)
1451 4243 1507 4296 in
1546 4226 1627 4296 ,ἷεὶ
1664 4242 1721 4295 P
1861 4243 1929 4296 22
1966 4242 2159 4312 pendit
2196 4242 2251 4295 Β
2418 4242 2665 4311 tertium]
2704 4247 2761 4296 et

471 4331 691 4386 tertium
729 4331 1010 4386 1³P¹P²M
1051 4335 1108 4386 et
1151 4333 1376 4386 tertium
1425 4348 1607 4386 eorum
1656 4335 1860 4396 (eorum
1908 4333 2049 4400 exp.)
2088 4331 2143 4384 Β
2324 4332 2393 4385 24
2431 4331 2533 4384 coli
2570 4349 2673 4387 om.
2710 4331 2766 4384 P
