3184 4959
1186 439 1708 510 epistularum
1765 437 2028 494 LXXXII.
2615 443 2744 506 :373

432 645 657 720 torem,
708 643 940 722 quanto
988 639 1193 724 magis
1241 639 1369 714 illa,
1419 659 1579 722 quae
1632 637 2116 723 significationis
2165 660 2355 706 causa
2404 649 2744 726 praecepta

436 750 607 824 sunt,
673 747 1073 812 circumcisio
1141 749 1204 810 et
1270 749 1495 821 cetera,
1564 765 1725 828 quae
1791 746 2032 830 gratiae
2095 747 2482 812 reuelatione
2537 749 2738 812 latins

436 855 870 920 innotescente
927 871 1187 918 necesse
1246 854 1451 917 fuerat
1499 853 1758 928 aboleri,
1807 853 2150 919 iustificare
2199 854 2512 918 neminem
2559 860 2738 936 pote-

435 965 601 1026 rant!
668 979 789 1026 non
854 964 1067 1026 tamen
1132 959 1273 1025 ideo
1340 961 1590 1024 fuerant
1663 963 1988 1042 tamquam
2063 959 2376 1025 diabolica
2449 961 2738 1046 gentium

374 1087 401 1127 5
438 1068 771 1152 sacrilegia
844 1067 1165 1152 fugienda,
1244 1067 1435 1132 etiam
1512 1087 1658 1132 cum
1742 1067 1882 1152 ipsa
1965 1068 2168 1152 gratia
2251 1068 2374 1132 iam
2461 1069 2741 1149 coeperit

437 1176 724 1242 reuelari.
774 1194 935 1256 quae
982 1174 1225 1239 umbris
1273 1173 1511 1238 talibus
1559 1174 1770 1238 fuerat
1813 1175 2274 1256 praenuntiata,
2323 1175 2434 1240 sed
2483 1175 2739 1258 permit-

436 1281 623 1346 tenda
700 1281 1032 1363 paululum
1108 1283 1200 1346 eis
1264 1282 1554 1357 maxime,
1625 1281 1730 1364 qui
1801 1301 1872 1345 ex
1936 1282 2045 1347 illo
2095 1281 2351 1365 populo,
2420 1281 2522 1347 cui
2590 1281 2739 1347 data

440 1394 610 1468 sunt,
680 1391 995 1453 uenerant.
1070 1391 1295 1471 postea
1358 1407 1507 1452 uero
1573 1395 1897 1470 tamquam
1964 1407 2108 1452 cum
2177 1389 2409 1453 honore
2485 1391 2736 1472 sepulta

440 1495 569 1559 sint
615 1515 650 1558 a
698 1493 1071 1560 Christianis
1121 1494 1414 1560 omnibus
1462 1494 1968 1577 inreparabiliter
2015 1495 2376 1560 deserenda.

261 1607 413 1668 2110
527 1603 667 1668 Hoc
716 1605 946 1678 autem,
997 1599 1165 1684 quod
1214 1600 1370 1664 dicis
1419 1603 1557 1665 ‘non
1609 1600 2061 1684 dispensatiue,
2110 1605 2184 1666 ut
2229 1603 2426 1666 nostri
2475 1603 2732 1666 uoluere

440 1709 751 1774 maiores'.
818 1709 967 1790 quid
1034 1707 1153 1772 sibi
1220 1707 1405 1772 uult?
1474 1727 1578 1773 oro
1645 1711 1726 1772 te.
1795 1713 1906 1772 aut
1971 1709 2134 1772 enim
2203 1708 2320 1774 hoc
2386 1713 2505 1788 est,
2565 1709 2734 1791 quod

440 1835 556 1900 ego
624 1817 871 1898 appello
938 1815 1289 1880 officiosum
1360 1813 1784 1880 mendacium.
1852 1817 1926 1879 ut
1989 1815 2142 1878 haec
2199 1815 2589 1898 dispensatio
2649 1815 2735 1880 sit

442 1922 719 1988 officium
772 1923 953 1986 uelut
997 1922 1259 1986 honeste
1307 1921 1672 1995 mentiendi,
1721 1925 1854 1999 aut,
1903 1921 2056 2004 quid
2103 1921 2272 1987 aliud
2324 1923 2428 2000 sit,
2479 1923 2730 1987 omnino

366 2013 378 2018 ”
438 2049 556 2094 non
630 2029 838 2106 uide0,
912 2028 1034 2093 nisi
1108 2029 1268 2093 forte
1344 2028 1558 2093 addito
1627 2028 1876 2093 nomine
1945 2030 2434 2111 dispensationis
2499 2029 2591 2106 fit,
2659 2034 2731 2094 ut

346 2157 397 2196 ιε,
436 2136 831 2200 mendacium
900 2155 1019 2200 non
1078 2137 1165 2199 sit
1218 2135 1638 2202 mendacium.
1708 2135 1876 2218 quod
1933 2136 1990 2199 si
2045 2135 2386 2200 absurdum
2445 2139 2562 2210 est,
2621 2155 2731 2200 cur

438 2261 583 2327 ergo
648 2261 768 2307 non
836 2247 1047 2326 aperte
1114 2243 1271 2306 dic-is
1337 2241 1692 2306 officiosum
1761 2242 2158 2307 mendacium
2226 2243 2728 2307 defendendum?

436 2351 557 2414 nisi
612 2349 771 2413 forte
828 2369 1054 2414 nomen
1113 2355 1175 2414 te
1232 2354 1470 2428 mouet,
1528 2349 1676 2431 quia
1739 2369 1860 2414 non
1926 2353 2055 2414 tam
2121 2349 2436 2414 usitatum
2501 2354 2601 2413 est
2663 2351 2724 2414 in

436 2456 881 2521 ecclesiasticis
930 2456 1109 2521 libris
1158 2457 1544 2522 uocabulum
1594 2455 1807 2535 officii,
1868 2457 2036 2538 quod
2079 2455 2455 2520 Ambrosius
2515 2460 2728 2521 noster

435 2583 553 2627 non
620 2565 854 2639 timuit,
915 2565 1021 2645 qui
1080 2584 1231 2628 suos
1290 2567 1596 2648 quosdam
1652 2563 1848 2629 libros
1907 2564 2162 2628 utilium
2211 2564 2724 2646 praeceptionum

347 2689 399 2730 20
434 2669 653 2752 plenos
710 2670 785 2734 de
845 2671 1070 2735 officiis
1128 2671 1336 2735 uoluit
1391 2671 1723 2752 appellare.
1793 2689 1892 2748 an,
1950 2671 2004 2734 si
2053 2669 2332 2734 officiose
2383 2670 2728 2735 mentiatur
2834 2679 2847 2692 ‘

434 2777 721 2860 quisque,
788 2777 1141 2860 culpandus
1210 2783 1327 2853 est,
1395 2777 1448 2842 si
1514 2777 1966 2860 dispensatiue,
2033 2775 2515 2859 adprobandus?
2568 2795 2722 2860 rogo

432 2889 513 2948 te.
590 2885 951 2964 mentiatur,
1020 2885 1131 2948 ubi
1196 2884 1439 2968 legerit,
1510 2886 1619 2966 qui
1685 2885 1804 2948 hoc
1870 2886 2057 2966 putat
2101 2921 2186 2928 —
2236 2883 2384 2965 quia
2447 2887 2512 2946 et
2567 2884 2720 2947 haec

610 3076 815 3130 10-11
858 3100 926 3120 =
965 3093 1013 3145 p.
1056 3076 1176 3138 307,
1221 3076 1285 3129 12
1400 3077 1463 3128 12
1505 3075 1569 3128 ef.
1615 3091 1695 3144 ep.
1735 3073 1968 3128 xxvm
2004 3094 2057 3145 p.
2101 3075 2218 3136 108,
2257 3077 2394 3130 6-7

504 3199 525 3252 1
572 3199 983 3269 quanto-magis
1022 3199 1087 3252 H
1226 3199 1257 3252 2
1299 3215 1405 3268 qua
1442 3199 1497 3252 P
1638 3199 1973 3253 reuelatione
2012 3201 2222 3268 gratiae
2262 3199 2381 3253 cdd.
2527 3199 2716 3268 latius]

428 3288 637 3355 gratius
678 3287 741 3340 H
845 3289 878 3342 3
916 3288 1252 3342 innotescere
1298 3287 1403 3357 QE
1540 3287 1760 3342 fuerant
1786 3287 1861 3341 Ρι
2007 3289 2168 3352 aboli,
2198 3305 2336 3343 corr.
2366 3305 2434 3342 m.
2455 3291 2486 3340 1
2515 3287 2720 3341 diaboli

434 3375 479 3444 Q
507 3375 793 3430 abolitioni
824 3378 883 3431 E
985 3375 1269 3429 iustificari
1298 3377 1362 3428 H
1467 3381 1686 3446 poterat
1713 3376 1806 3429 ΡΙ
1897 3377 1934 3430 4
1961 3375 2258 3446 tamquam]
2291 3379 2404 3430 tam
2434 3376 2541 3445 ΘΕ
2567 3379 2654 3437 (m.
2681 3381 2719 3428 2

425 3469 724 3534 tamquam)
805 3467 836 3518 5
864 3464 1115 3519 facienda
1133 3464 1231 3518 HI
1339 3468 1545 3535 ceperit
1567 3467 1620 3518 P
1649 3465 1926 3537 ceperitA
1960 3465 2266 3536 ceperatM
2291 3467 2568 3536 inceperat
2587 3466 2722 3519 P¹E

426 3554 691 3623 inciperat
726 3553 842 3623 HQ
880 3555 1143 3624 inciperet
1178 3555 1269 3610 IR
1307 3558 1559 3624 coeperat
1597 3555 1715 3608 edd.
1793 3556 1824 3608 6
1867 3553 2140 3608 mittenda
2173 3554 2229 3606 P
2303 3557 2333 3608 7
2373 3553 2636 3624 paullum
2671 3553 2718 3624 Q

497 3644 587 3712 qui
627 3659 729 3696 om.
768 3643 878 3712 ΘΕ
980 3645 1014 3698 8
1051 3660 1331 3709 uenerant,
1370 3661 1535 3712 super
1573 3660 1686 3699 ras.
1726 3661 1790 3697 m.
1831 3649 1894 3698 ut
1930 3644 2048 3696 uid.
2087 3647 2119 3696 1
2157 3643 2228 3698 da
2263 3645 2323 3698 E
2445 3644 2478 3697 9
2519 3649 2648 3697 sunt
2688 3645 2724 3696 I

424 3729 543 3784 edd.
727 3747 759 3784 a
795 3746 897 3785 om.
938 3731 977 3784 Ι
1164 3731 1602 3802 inseparabiliter
1638 3732 1746 3802 ΟΕ
1934 3731 2096 3786 deren
2118 3733 2124 3802 ξ
2145 3730 2218 3786 da
2251 3731 2307 3785 P
2339 3731 2628 3786 reserenda
2671 3733 2717 3802 Q

426 3819 493 3872 12
532 3835 633 3890 ego
673 3835 773 3874 om.
819 3821 927 3891 ΟΕ
1064 3821 1219 3889 haec]
1260 3819 1366 3874 hen
1403 3820 1459 3874 P
1566 3822 1633 3876 14
1670 3839 1779 3875 non
1817 3837 1917 3876 om.
1958 3821 2014 3874 P
2153 3821 2228 3876 sit
2271 3821 2378 3890 ΟΕ
2503 3822 2568 3877 15
2606 3838 2714 3876 non

425 3909 497 3962 sit
532 3910 871 3964 mendacium
912 3927 1013 3966 om.
1052 3909 1119 3964 H
1293 3909 1355 3962 fit
1392 3910 1447 3961 P
1625 3915 1708 3964 est
1754 3927 1855 3965 om.
1895 3909 2072 3964 PMA
2253 3909 2322 3964 16
2359 3909 2608 3963 offiosum
2645 3911 2720 3964 M

428 3999 490 4050 17
528 4015 723 4052 nomen
762 4015 864 4053 om.
902 3999 957 4054 R
1102 3999 1290 4052 mobet
1326 3999 1365 4052 I
1500 3999 1638 4067 tam]
1675 3998 1720 4051 si
1757 4001 1872 4051 tam
1912 3999 1948 4051 I
2087 4001 2172 4052 est
2207 3997 2631 4070 hecclesiast-icis
2661 3999 2712 4050 A

423 4089 506 4139 est
544 4087 923 4142 ecclesiasticis
961 4087 1028 4141 H
1060 4088 1116 4141 in
1157 4087 1503 4142 eclesiasticis
1544 4091 1668 4152 (om.
1709 4090 1816 4155 est)
1847 4087 1886 4140 I
1953 4087 2019 4142 19
2055 4087 2223 4140 libros
2261 4104 2364 4142 om.
2393 4087 2450 4141 P
2517 4088 2587 4141 20
2618 4104 2711 4156 ap-

420 4175 610 4243 pellari
647 4175 715 4230 H
873 4177 1076 4232 officina
1113 4177 1169 4229 P
1318 4177 1584 4230 mentiatu
1625 4177 1786 4242 (ciel)
1827 4175 1896 4231 H
2069 4177 2138 4230 22
2178 4175 2406 4246 elegerit
2443 4177 2510 4230 Η
2514 4176 2620 4245 QE
2632 4194 2684 4230 m
2695 4196 2715 4242 ;

421 4263 491 4330 cs.
510 4281 573 4332 p.
599 4267 733 4328 374,
762 4269 797 4318 5
920 4271 975 4320 et
1011 4291 1069 4317 u
1106 4265 1241 4320 haec
1269 4265 1324 4317 A
1359 4267 1415 4318 et
1442 4266 1497 4318 in
1522 4265 1655 4319 haec
1685 4265 1862 4320 PMR
1891 4267 1947 4319 et
1973 4264 2028 4318 in
2059 4264 2160 4318 hoc
2185 4265 2258 4318 P¹
2289 4264 2440 4331 edd.;
2463 4265 2715 4332 fortasse

422 4353 585 4407 etiam
621 4353 755 4409 haec
