3184 4959
1164 392 1690 462 epistularum
1747 393 1984 446 Lxxvl.
2584 395 2712 460 327

428 588 609 653 dixit:
658 589 977 653 Messores
1024 587 1341 672 principes
1390 587 1993 654 circumcellionum
2041 593 2210 654 sunt.
2259 589 2384 654 sed·
2420 589 2564 672 quia
2603 607 2714 672 pro

428 695 681 760 zizaniis
744 695 1029 760 triticum
1095 696 1467 774 accusastis,
1532 713 1651 761 uos
1717 714 1856 762 esse
1923 695 2158 761 zizania
2234 696 2715 762 demonstrastis

428 807 511 879 et,
569 801 737 884 quod
793 805 894 867 est
948 802 1229 886 grauiuS,
1286 805 1431 866 ante
1484 804 1742 886 tempus
1807 819 1926 867 uos
1983 822 2020 868 a
2073 802 2284 869 tritico
2352 800 2717 884 separastis,

426 909 695 973 maiores
750 909 917 974 enim
974 909 1195 984 uestri,
1260 909 1323 973 in
1380 928 1648 993 quorum
1705 909 2013 993 sacrilega
2066 907 2456 993 praecisione
2509 927 2716 990 perse-

364 1039 390 1076 5
428 1016 687 1096 ueratis,
738 1015 995 1100 quidam
1032 1017 1234 1100 gestis
1272 1015 1765 1100 municipalibus
1803 1017 2056 1082 codices
2095 1020 2348 1082 sanctos
2388 1020 2452 1082 et
2486 1017 2720 1082 instru-

340 1573 393 1612 10

346 2106 395 2146 1⁵

429 1127 641 1190 menta
686 1123 991 1190 ecclesiae
1036 1123 1550 1204 persecutoribus
1599 1122 2012 1202 tradiderunt,
2061 1123 2317 1206 quidam
2364 1143 2472 1188 eos
2519 1123 2718 1188 faten·
2823 1113 2830 1122 ’

428 1236 525 1296 tes
591 1231 970 1296 dimiserunt
1036 1234 1101 1295 et
1163 1230 1255 1296 eis
1322 1231 1955 1296 communicauerunt
2017 1233 2082 1296 et
2141 1231 2398 1313 utrique
2465 1230 2716 1295 Cartha·

430 1339 639 1423 ginem
686 1337 927 1404 furiosa
972 1337 1245 1402 factione
1294 1341 1744 1413 conuenerunt,
1793 1337 1869 1402 de
1918 1339 2176 1404 crimine
2222 1337 2603 1415 traditionis,
2642 1337 2718 1400 de

430 1465 551 1529 quo
616 1447 740 1530 ipsi
806 1447 972 1510 inter
1034 1463 1103 1510 se
1155 1445 1285 1510 iam
1343 1448 1805 1522 consenserant,
1861 1445 2182 1511 inauditos
2241 1446 2718 1520 damnauerunt,

432 1553 799 1637 episcopum
848 1555 1063 1618 contra
1109 1552 1481 1636 episcopum
1530 1552 1996 1632 ordinauerunt,
2035 1552 2230 1617 altare
2271 1555 2486 1618 contra
2523 1553 2720 1615 altare

432 1663 775 1728 erexerunt.
841 1662 1067 1741 postea
1126 1659 1375 1724 litteras
1442 1657 1519 1724 ad
1585 1659 2026 1743 imperatorem
2083 1658 2590 1734 Constantinum,
2647 1661 2722 1723 ut

430 1767 593 1831 inter
654 1766 843 1830 Afros
908 1765 1189 1848 episcopi
1252 1765 1658 1830 transmarini
1719 1765 2089 1843 iudicarent,
2151 1765 2487 1840 miserunt3
2555 1765 2720 1829 datis

430 1872 769 1948 iudicibus,
846 1891 1004 1954 quos
1078 1872 1582 1954 postulauerant,
1659 1875 1724 1936 et
1784 1871 2020 1936 Romae
2091 1871 2524 1937 iudicantibus
2597 1889 2718 1935 non

432 1977 1051 2060 obtemperauerunt;
1100 1977 1431 2060 episcopos
1480 1977 1648 2060 apud
1691 1977 2157 2061 imperatorem,
2197 1981 2520 2060 tamquam
2559 1976 2720 2040 male

431 2084 869 2164 iudicauerint,
916 2087 1291 2168 argue1·unt;
1340 2083 1417 2149 ab
1466 2085 1612 2149 aliis
1656 2103 1876 2150 rursus
1923 2084 2240 2169 episcopis
2277 2085 2356 2148 ad
2391 2083 2720 2148 Arelatum

430 2191 647 2256 missis
704 2190 783 2254 ad
836 2191 1051 2273 ipsum
1104 2189 1551 2274 imperatorem
1607 2191 2113 2274 appellauerunt3
2181 2190 2257 2256 ab
2312 2191 2453 2273 ipso
2521 2189 2720 2254 auditi

432 2300 497 2362 et
567 2298 1051 2363 calumniatores
1124 2297 1371 2362 inuenti
1442 2298 1504 2362 in
1590 2298 1814 2364 eodem
1898 2300 2134 2365 scelere
2215 2298 2716 2382 permanserunt.

433 2403 735 2488 euigilate
781 2402 863 2468 ad
908 2404 1203 2480 salutem,
1252 2405 1459 2467 amate
1503 2421 1748 2484 pacem,
1795 2403 1996 2469 redite
2045 2402 2122 2468 ad
2167 2403 2497 2469 unitatem.
2561 2401 2718 2466 haec

434 2509 637 2586 uobis,
713 2527 899 2592 quem
977 2508 1057 2574 ad
1127 2507 1417 2574 modum·
1454 2511 1638 2592 gesta
1703 2507 1850 2586 sint,
1917 2507 2166 2591 quando
2231 2507 2455 2586 uultis„
2513 2507 2720 2572 omnia

432 2615 793 2682 recitamus,

518 2723 636 2788 Ille
690 2722 1119 2788 communicat
1172 2721 1379 2800 malis,
1439 2722 1547 2804 qui
1606 2722 1924 2788 consentit
1973 2720 2166 2788 factis
2219 2721 2552 2798 malorum,
2599 2740 2718 2786 non

432 2829 538 2912 qui
594 2830 827 2894 tolerat
882 2829 945 2894 in
1003 2847 1153 2912 agro
1210 2828 1527 2894 dominico
1583 2829 1821 2894 zizania
1875 2847 2080 2913 usque
2135 2829 2214 2894 ad
2275 2847 2552 2894 messem
2615 2828 2720 2892 uel

427 2937 673 3020 paleam
740 2955 947 3019 usque
1013 2937 1091 3001 ad
1156 2937 1451 3002 ultimam
1516 2935 2016 3003 uentilationem.
2084 2937 2140 3002 si
2205 2936 2406 3001 malos
2472 2934 2720 3012 odistis,

427 3061 545 3108 uos
590 3043 715 3126 ipsi
762 3043 1097 3109 mutamini
1145 3044 1222 3108 ab
1270 3045 1509 3110 scelere
1554 3044 1948 3122 schismatis3
2000 3043 2058 3109 si
2101 3044 2414 3109 malorum
2457 3042 2722 3126 permix-

364 3177 389 3214 5
429 3149 667 3214 tionem
712 3150 1045 3228 timeretiS,
1096 3149 1403 3234 Optatum
1448 3151 1613 3215 inter
1657 3169 1774 3216 uos
1822 3149 1884 3214 in
1932 3149 2335 3234 apertissima
2386 3147 2723 3231 iniquitate

428 3257 755 3322 uiuentem
798 3277 912 3340 per
956 3261 1057 3322 tot
1100 3275 1294 3322 annos
1342 3275 1465 3322 non
1511 3256 1835 3321 teneretis.
1885 3275 2074 3340 quem
2131 3275 2278 3321 cum
2325 3255 2515 3320 modo
2560 3273 2720 3318 mar-

429 3366 629 3448 tyrem
687 3364 922 3440 dicitis,
980 3367 1289 3446 superest,
1343 3367 1642 3448 ut‚eum‚
1697 3367 1956 3446 propter
2011 3381 2198 3446 quem
2251 3365 2545 3427 mortuus
2603 3365 2722 3436 est,

431 3469 755 3535 Christum
814 3469 1064 3536 dicatis.
1130 3475 1449 3555 postremo
1510 3470 1666 3554 quid
1717 3489 1834 3536 uos
1893 3471 2155 3536 offendit
2199 3469 2369 3535 orbis
2418 3467 2723 3534 Christia-

502 3786 524 3839 1
567 3787 696 3838 sunt
732 3785 1001 3854 principes
1038 3783 1507 3838 circuncellionum
1544 3783 1602 3838 R
1723 3783 2148 3838 cercicellionum
2187 3783 2298 3837 ΕΑ
2336 3781 2720 3844 cercillionum,

426 3887 563 3926 corr.
612 3873 978 3927 circellionum
1013 3871 1090 3926 M
1130 3871 1497 3926 circellionum
1536 3871 1591 3924 P
1765 3873 1799 3925 2
1847 3872 2112 3926 accusatis
2146 3871 2204 3927 R
2385 3871 2534 3932 estis,
2580 3885 2720 3924 corr.

426 3970 512 4025 (m.
536 3962 647 4030 ,23)
686 3979 805 4017 esse
842 3963 916 4016 Μ
1074 3962 1459 4016 demonstratis
1495 3961 1551 4016 Β
1696 3963 1730 4016 3
1769 3965 1852 4016 est
1887 3979 1988 4016 om.
2027 3961 2102 4015 M
2237 3963 2274 4014 4
2307 3958 2722 4031 perseueranti·

428 4057 804 4119 (parituras.)
833 4051 894 4106 F
922 4053 1313 4122 perseuermtis
1344 4051 1399 4104 P
1503 4051 1533 4103 7
1574 4051 1906 4105 demiserunt
1943 4051 2002 4104 F
2103 4051 2138 4106 8
2175 4049 2242 4105 de
2281 4049 2500 4104 crimine
2540 4049 2720 4102 autern

425 4139 735 4196 traditionis
774 4144 828 4196 Β
957 4141 1024 4194 13
1060 4140 1475 4210 postulauerunt
1509 4139 1565 4195 R
1707 4142 1772 4194 16
1810 4139 2013 4207 audite,
2050 4143 2174 4194 m.2
2211 4137 2386 4193 auditi
2424 4136 2499 4191 M
2531 4134 2722 4196 audiri,

426 4247 561 4284 corr.
598 4235 719 4286 m.1
759 4229 933 4284 auditi
968 4230 1025 4284 P
1148 4229 1211 4282 21
1256 4229 1413 4282 malis
1450 4246 1552 4284 om.
1594 4229 1648 4282 P
1775 4231 1846 4284 24
1884 4228 2314 4283 commixtionem
2354 4225 2412 4282 R
2517 4225 2586 4280 25
2625 4239 2722 4294 op-

424 4323 599 4373 tatum
640 4331 749 4386 (um
788 4335 857 4374 ex
890 4336 1027 4374 corr.
1068 4323 1209 4386 m.1)
1246 4319 1303 4372 P
1396 4319 1466 4373 26
1502 4336 1612 4373 non
1650 4336 1747 4389 per
1781 4323 1869 4373 tot
1903 4335 2072 4372 annos
2107 4317 2164 4372 Β
2271 4318 2341 4370 28
2379 4313 2558 4370 dicitis
2599 4313 2644 4365 A
