3184 4959
619 431 748 493 690
1330 428 1382 481 S.
1439 426 1715 481 Aureli
1768 426 2209 497 Augustini

621 642 746 705 qua
810 624 1231 688 communiter
1295 623 1520 704 omnis,
1587 643 1749 706 quae
1814 624 1879 689 id
1952 626 2186 707 potest,
2254 624 2461 689 anima
2536 624 2787 706 sapiens
2848 626 2905 687 et

619 749 806 794 uerax
853 730 1146 795 efficitur.
1195 749 1384 812 quam
1433 731 1488 795 si
1537 732 1741 795 sensit
1788 750 1927 797 esse
1974 732 2375 815 Anaxagoras
2416 712 2689 813 eumque
2728 730 2901 795 deum

621 855 761 902 esse
789 837 956 901 uidit
989 841 1392 921 mentemque
1424 837 1793 920 appellauit,
1832 857 1955 902 non
1997 838 2203 903 solum
2242 838 2905 922 nomen-Anaxagorae,

621 942 790 1025 quod
828 946 1087 1027 propter
1114 944 1458 1009 litteratam
1488 946 1881 1009 uetustatem
1910 930 2149 1022 omnes,
2187 947 2263 1008 ut
2288 944 2653 1008 militariter
2678 945 2907 1027 loquar,

619 1050 975 1115 litteriones
1029 1050 1301 1114 libenter
1356 1050 1632 1127 sufflant,
1692 1070 1805 1115 nos
1855 1051 2077 1115 doctos
2127 1053 2193 1115 et
2238 1052 2554 1134 sapientes
2600 1069 2725 1115 nou
2772 1050 2913 1114 facit
2957 1072 2976 1111 ⁵

623 1157 735 1223 sed
791 1177 866 1222 ne
921 1158 1064 1241 ipsa
1109 1158 1365 1239 quidem
1413 1158 1548 1222 eius
1600 1158 1901 1241 cognitio,
1952 1178 2077 1239 qua
2120 1158 2184 1222 id
2231 1177 2451 1223 uerum
2502 1176 2644 1222 esse
2692 1176 2909 1240 cogno-

621 1266 739 1329 uit.
795 1283 917 1329 non
975 1264 1141 1329 enim
1202 1264 1362 1329 mihi
1425 1268 1757 1347 propterea
1820 1266 2058 1330 ueritas
2116 1283 2258 1329 cara
2312 1283 2453 1329 esse
2508 1263 2719 1339 debet,
2778 1262 2913 1344 quia

622 1390 744 1438 non
803 1372 998 1437 latuit
1039 1370 1493 1455 Anaxagoram,
1552 1372 1663 1437 sed
1713 1372 1861 1454 quia
1906 1371 2146 1436 ueritas
2194 1377 2312 1449 est,
2361 1371 2553 1436 etiam
2600 1371 2657 1435 si
2703 1370 2910 1435 nullus

624 1497 760 1543 eam
809 1478 1216 1563 cognouisset
1257 1478 1535 1545 illorum.

519 1577 600 1641 27
715 1583 786 1650 Si
828 1584 1026 1669 igitur
1069 1604 1184 1649 nec
1223 1586 1361 1649 eius
1409 1584 1706 1663 hominis,
1748 1585 1856 1668 qui
1904 1604 2127 1649 uerum
2174 1585 2435 1651 forsitan
2484 1584 2668 1659 uidit,
2710 1582 2983 1667 cogni-10

623 1693 714 1757 tio
769 1710 887 1756 nos
941 1690 1157 1756 inflare
1215 1691 1421 1767 debet,
1477 1696 1553 1755 ut
1611 1710 1685 1756 ea
1740 1691 1920 1774 quasi
1978 1691 2150 1757 docti
2204 1708 2343 1754 esse
2400 1690 2752 1766 uideamur,
2812 1689 2913 1753 sed

623 1797 828 1881 ipsius
893 1799 1029 1862 ueri
1094 1797 1386 1876 solidare,
1445 1816 1570 1879 qua
1632 1816 1781 1861 uere
1839 1796 2007 1862 docti
2062 1815 2204 1862 esse
2258 1814 2625 1880 possumuS,
2686 1800 2915 1878 quanto

623 1905 834 1969 minus
890 1923 1108 1969 eorum
1163 1904 1514 1981 hominum,
1573 1904 1685 1987 qui
1737 1903 1902 1968 falsa
1948 1905 2299 1977 senserunt,
2348 1902 2603 1967 nomina
2650 1904 2717 1965 et
2774 1902 2917 1984 dog-

627 2014 799 2076 mata
841 2015 1121 2076 nostram
1168 2013 1444 2094 possunt
1489 2010 1789 2075 adiuuare
1846 2010 2193 2075 doctrinam
2241 2012 2305 2074 et
2348 2009 2613 2073 latentia
2668 2008 2920 2092 cognita

625 2120 852 2195 facere,
901 2136 1068 2197 cum,
1127 2118 1182 2183 si
1227 2118 1516 2184 homines
1567 2138 1813 2196 sumus,
1871 2117 2075 2201 magis
2130 2136 2246 2181 nos
2294 2114 2655 2181 contristari
2704 2114 2921 2179 deceat
2951 2138 2987 2175 ιε
3084 2102 3086 2113 ’

627 2228 727 2289 tot
783 2229 847 2289 et
897 2228 1028 2289 tam
1093 2225 1572 2290 nobilitatorum
1636 2224 1965 2290 hominum
2020 2222 2355 2297 erroribus,
2422 2221 2478 2286 si
2534 2240 2641 2286 eos
2710 2222 2921 2285 audire

628 2331 983 2414 contigerit,
1043 2350 1232 2414 quam
1286 2331 1443 2395 haec
1509 2333 1843 2413 propterea
1897 2328 2181 2394 studiose
2237 2347 2557 2411 quaerere,
2624 2330 2703 2392 ut
2764 2328 2923 2392 inter

629 2456 758 2515 eos,
801 2437 908 2519 qui
943 2438 1058 2502 illa
1093 2438 1404 2516 nesciunt,
1445 2437 1783 2502 iactatione
1818 2436 2191 2500 inanissima
2226 2436 2637 2499 uentilemur!
2690 2438 2921 2517 quanto

629 2545 792 2609 enim
859 2544 1092 2608 melius
1157 2563 1235 2608 ne
1303 2542 1627 2608 audissem
1694 2542 1950 2624 quidem
2014 2560 2243 2607 nomen
2297 2542 2669 2619 Democriti,
2738 2560 2921 2624 quam

629 2670 774 2715 cum
823 2651 1035 2715 dolore
1083 2650 1451 2734 cogitarem,
1499 2649 1713 2714 nescio
1762 2668 1949 2731 quem
1999 2647 2133 2713 suis
2179 2648 2575 2729 temporibus
2620 2668 2923 2732 magnum
2954 2674 2995 2711 ιο

631 2761 944 2841 putatum,
995 2758 1102 2840 qui
1149 2757 1301 2821 deos
1349 2774 1488 2821 esse
1537 2755 1948 2820 arbitraretur
1990 2754 2321 2839 imaginari,
2369 2773 2529 2836 quae
2578 2755 2653 2819 de
2702 2754 2925 2820 solidis

631 2864 997 2947 corporibus
1061 2863 1325 2927 fluerent
1389 2863 1757 2944 solidaeque
1813 2863 1989 2946 ipsae
2044 2880 2167 2926 non
2224 2863 2456 2939 essent,
2516 2880 2753 2944 easque
2812 2863 2925 2925 hac

631 2974 820 3054 atque
857 2970 976 3035 hac
1013 2973 1190 3035 motu
1226 2970 1479 3053 proprio
1511 2968 1953 3035 circumeundo
1984 2973 2173 3051 atque
2207 2967 2544 3034 inlabendo
2581 2970 2643 3033 in
2685 2969 2928 3034 animos

630 3078 956 3143 hominum
1013 3077 1238 3153 facere,
1294 3080 1370 3141 ut
1423 3077 1526 3141 uis
1575 3076 1791 3142 diuina
1838 3076 2173 3159 cogitetur,
2221 3094 2367 3139 cum
2423 3076 2709 3158 profecto
2768 3075 2927 3141 illud

707 3270 732 3323 1
775 3269 902 3337 qua]
945 3270 1075 3337 quia
1110 3267 1166 3321 R
1361 3275 1474 3321 oms
1513 3266 1636 3320 MA
1816 3266 1849 3319 2
1888 3267 2059 3320 sentit
2094 3267 2205 3321 PV
2236 3268 2312 3319 sit
2348 3271 2401 3320 A
2596 3282 2928 3337 anaxagoras

633 3373 750 3410 esse
787 3357 844 3411 R
1007 3372 1230 3425 eamque
1269 3356 1390 3409 edd.
1553 3358 1588 3409 4
1624 3356 1813 3409 littera
1849 3370 1969 3409 cum
2006 3370 2115 3410 ras.
2153 3371 2316 3424 super
2352 3372 2399 3420 a,
2437 3373 2507 3408 m.
2531 3358 2569 3409 2
2603 3355 2831 3409 litterae
2866 3354 2933 3407 M

631 3446 848 3499 litterae
884 3445 940 3498 A
975 3445 1297 3504 litterarum,
1337 3462 1405 3497 m.
1427 3450 1458 3496 1
1491 3461 1669 3514 supra
1703 3444 1731 3497 1
1763 3444 2064 3497 litteratam
2093 3444 2149 3497 R
2254 3442 2564 3498 militaliter
2608 3442 2656 3497 V
2766 3446 2801 3497 5
2839 3444 2928 3497 lit-

632 3534 858 3588 teriores
883 3534 1065 3589 MAR
1094 3536 1180 3601 (m.
1203 3538 1233 3585 1
1257 3550 1434 3602 supra
1468 3533 1496 3586 ἔ
1531 3533 1857 3604 litteriones)
1889 3550 1926 3587 a
1962 3532 2317 3586 litteratiores
2347 3548 2374 3585 e
2391 3533 2508 3601 Ην
2649 3532 2933 3587 suffiuant.

633 3640 700 3677 m.
722 3627 754 3676 1
786 3639 962 3690 supra
996 3622 1024 3675 ἕ
1059 3622 1282 3675 sufflant
1306 3620 1362 3675 R
1454 3624 1486 3677 6
1527 3620 1792 3692 quaedam
1818 3624 1875 3677 A
1966 3623 1997 3675 7
2035 3622 2169 3675 mihi
2205 3638 2308 3677 om.
2348 3622 2397 3675 V
2506 3638 2680 3676 essessa
2712 3628 2931 3691 (poma

631 3712 772 3779 ras.)
816 3711 892 3765 M
1091 3712 1124 3764 9
1173 3726 1356 3765 eorum
1404 3711 1755 3780 cognouisset
1801 3727 1918 3765 eam
1964 3710 2021 3765 R
2230 3713 2291 3766 11
2344 3710 2463 3780 sed]
2509 3710 2607 3765 sed
2654 3728 2755 3766 nec
2794 3714 2931 3766 Irin

637 3802 702 3855 12
740 3800 872 3865 ueri,
911 3818 979 3854 m.
1002 3804 1042 3855 2
1077 3818 1206 3854 uera
1240 3799 1316 3853 M
1599 3800 1775 3854 solida
1812 3817 1867 3855 re
1904 3799 2039 3853 RP1
2079 3804 2167 3865 (m.
2190 3804 2229 3854 2
2265 3800 2519 3869 solidare)
2567 3801 2622 3855 V
2650 3800 2931 3855 soliditate

637 3890 773 3957 aef
801 3888 976 3943 solida
1013 3904 1098 3943 res
1139 3890 1275 3943 lrm
1388 3891 1454 3943 13
1490 3889 1715 3942 nomina
1752 3889 1825 3958 et]
1868 3892 1923 3941 et
1960 3890 2141 3942 omnia
2176 3889 2251 3942 M
2366 3890 2433 3943 14
2467 3893 2701 3959 possunt
2737 3906 2843 3943 om.
2882 3890 2935 3942 A

705 3978 973 4031 laetitiam
1009 3977 1190 4032 MAR
1369 3977 1606 4047 cognita.
1644 3995 1712 4031 m.
1735 3980 1777 4031 2
1813 3978 2087 4046 cognitam
2123 3977 2199 4030 M
2231 3978 2501 4047 cognitam
2543 3980 2596 4030 A
2784 3979 2853 4032 15
2890 3978 2933 4029 si

635 4084 736 4122 om.
767 4068 820 4119 A
964 4066 1132 4119 simus
1169 4066 1288 4120 edd.
1437 4066 1631 4119 doceat
1656 4066 1837 4119 MAP
1872 4070 1961 4132 (m.
1984 4069 2023 4119 2
2061 4065 2269 4133 deceat)
2382 4068 2445 4121 16
2485 4065 2933 4121 nobilitanorum.

635 4172 772 4210 corr.
810 4173 877 4212 m.
900 4160 930 4209 1
966 4154 1380 4209 nobilitatorum
1417 4154 1491 4207 M
1632 4155 1840 4224 audire]
1882 4154 2117 4209 audierit
2153 4154 2228 4207 M
2402 4156 2468 4209 17
2510 4157 2849 4225 contingerit
2882 4158 2933 4209 A

639 4244 704 4297 18
741 4245 1036 4298 iactatione
1075 4248 1173 4309 (ae
1214 4248 1374 4309 eras.)
1413 4244 1488 4297 M
1700 4245 1763 4297 19
1802 4242 2083 4297 audissent
2117 4244 2172 4297 A
2390 4245 2812 4312 quam—nescio
2854 4244 2935 4298 bis

641 4333 828 4401 (prius
861 4348 962 4385 om.
1005 4338 1146 4401 cum)
1190 4331 1240 4385 V
1343 4333 1404 4385 21
1451 4332 1581 4401 quid
1620 4350 1711 4385 eos
1741 4333 1816 4386 M
1840 4336 1991 4397 (m.2
2028 4332 2159 4401 quid
2197 4335 2309 4399 eas)
2337 4332 2448 4387 ΑΡ
2472 4336 2617 4401 (m..2
2645 4334 2735 4403 qui
2778 4332 2933 4397 deos)
