3184 4959
1086 457 1617 527 epistularum
1675 455 1869 512 cvm.
2492 461 2617 524 621

325 655 490 738 quia,
557 655 613 720 si
669 655 812 737 quis
869 653 1213 729 alterutris,
1273 652 1506 736 quibus
1565 652 1739 717 aliud
1794 653 2071 731 uidetur,
2139 671 2329 734 quam
2384 651 2622 716 ueritas

325 763 534 839 habet,
564 762 880 826 humanus
909 779 1078 827 error
1105 761 1458 844 inrepserit,
1487 760 1763 825 fraterna
1794 761 2129 825 eoncordia
2158 758 2481 825 custodita
2518 777 2624 824 ca-

324 868 510 934 ritas
549 869 893 952 cooperit
929 869 1120 932 etiam
1155 866 1737 932 multitudinem
1773 870 2290 951 peccatorum:
2321 867 2482 931 hano
2510 866 2621 930 ille

327 977 418 1040 sic
455 977 680 1054 tenuit,
713 977 809 1040 sic
835 974 1096 1052 amauit,
1125 977 1220 1052 ut,
1252 974 1308 1039 si
1347 973 1500 1056 quid
1537 973 1742 1052 aliter,
1776 993 1966 1056 quam
1995 977 2244 1052 res-est,
2278 973 2355 1038 de
2383 972 2627 1055 baptis-

270 1109 292 1143 s
327 1084 414 1148 mi
471 1084 863 1148 sacramento
921 1084 1240 1164 sapuerat,
1296 1077 1360 1144 id
1411 1099 1663 1162 quoque
1712 1079 1867 1146 deus
1923 1079 2020 1145 illi
2068 1081 2397 1158 reuelaret‚
2458 1080 2627 1144 sicut

329 1189 656 1274 apostolus
702 1187 1007 1254 fratribus
1044 1188 1106 1252 in
1149 1188 1410 1252 caritate
1449 1187 1928 1253 ambulantibus
1969 1187 2149 1253 dicit:
2202 1186 2625 1269 Quotquot

331 1315 516 1382 ergo
595 1294 972 1378 perfecti,
1056 1295 1203 1359 hoc
1279 1293 1727 1376 sapiamus3
1814 1298 1893 1359 et
1966 1295 2035 1360 si
2109 1293 2302 1377 quid
2376 1295 2625 1358 aliter

287 1401 654 1489 sapitis,
729 1401 810 1466 id
876 1419 1192 1484 quoque
1265 1399 1508 1466 uobis
1576 1400 1775 1466 deus
1838 1401 2277 1466 reuelabit.
2354 1419 2625 1464 uerum

333 1513 592 1572 tamen
658 1509 732 1572 in
790 1508 1000 1591 quod
1064 1507 1613 1591 peruenimus‚
1681 1509 1760 1572 in
1818 1526 1903 1574 eo
1963 1511 2043 1572 et
2097 1508 2623 1573 ambulemus.

250 1640 296 1678 ιο
333 1615 460 1680 huc
491 1615 756 1690 accedit,
788 1614 1086 1696 quoniam
1117 1615 1518 1680 fructuosum
1551 1619 1961 1694 sarmentum,
1994 1615 2045 1680 si
2078 1613 2319 1698 aliquid
2356 1613 2630 1678 habebat

335 1722 542 1787 adhuc
586 1720 1007 1806 purgandum,
1049 1721 1236 1785 etiam
1289 1721 1565 1805 gloriosa
1606 1721 1889 1804 martyrii
1926 1721 2089 1786 falce
2125 1724 2466 1806 purgatum
2508 1723 2625 1796 est,

334 1846 456 1892 non
524 1828 674 1911 quia
745 1847 856 1912 pro
934 1827 1170 1893 Christi
1253 1827 1507 1893 nomine
1583 1829 1837 1893 occisus
1912 1835 2030 1907 est,
2106 1828 2221 1893 sed
2292 1827 2442 1910 quia
2513 1845 2624 1910 pro

338 1934 574 2000 Christi
617 1935 868 2000 nomine
912 1935 974 1998 in
1025 1935 1266 2018 gremio
1313 1934 1578 2000 unitatis
1629 1935 1876 2000 occisus
1918 1938 2036 2000 est.
2074 1954 2221 1999 nam
2256 1934 2393 2017 ipse
2433 1932 2627 2015 scrip-

337 2042 422 2106 sit
477 2045 542 2106 et
604 2041 1022 2106 fidentissime
1097 2041 1334 2106 adserit
1397 2060 1526 2116 eos,
1594 2042 1703 2124 qui
1770 2046 1942 2107 extra
2004 2043 2311 2106 unitatem
2376 2039 2626 2104 etiamsi

256 2172 302 2212 ιε.
339 2168 449 2231 pro
507 2148 619 2214 illo
676 2149 928 2214 nomine
975 2149 1344 2216 moriantur.
1403 2148 1609 2214 occidi
1653 2167 1867 2230 posse,
1922 2166 2041 2214 non
2089 2167 2279 2232 posse
2326 2147 2625 2212 coronari.

335 2258 582 2320 tantum
621 2255 798 2320 ualet
843 2255 981 2319 siue
1031 2254 1107 2319 ad
1147 2255 1411 2320 delenda
1458 2256 1598 2320 siue
1636 2254 1717 2318 ad
1754 2253 2175 2321 confirmanda
2218 2257 2479 2337 peccata
2520 2254 2627 2317 uel

337 2361 658 2426 custodita
703 2362 810 2425 uel
855 2361 1098 2426 uiolata
1145 2363 1374 2426 caritas
1425 2363 1707 2427 unitatis.

163 2477 288 2538 10·
425 2468 571 2551 Ipse
645 2485 794 2551 ergo
866 2467 976 2532 ille
1057 2467 1406 2551 Cyprianus
1481 2485 1629 2532 cum
1701 2487 1814 2550 per
1882 2467 2223 2551 impiorum
2296 2464 2631 2550 gentilium

335 2575 844 2656 persecutionem
891 2577 1146 2638 uastata
1198 2573 1468 2638 ecclesia
1513 2575 1755 2639 multos
1810 2576 2141 2658 plangeret
2182 2575 2399 2655 lapsos
2446 2571 2633 2635 malis

248 2711 304 2749 ρο
338 2681 460 2746 hoe
515 2681 800 2746 moribus
857 2681 1146 2744 tribuens
1206 2699 1443 2756 eorum,
1507 2680 1616 2761 qui
1668 2681 1731 2744 in
1787 2681 1929 2762 ipsa
1976 2681 2245 2745 ecclesia
2291 2678 2634 2744 damnabili

340 2787 817 2853 conuersatione
865 2787 1191 2865 uiuebant,
1241 2787 1319 2852 de
1359 2787 1748 2871 collegarum
1796 2805 2054 2852 suorum
2104 2787 2389 2852 moribus
2440 2786 2636 2870 gemit

339 2914 456 2960 nec
521 2914 708 2958 suum
779 2894 1090 2980 gemitum
1158 2894 1412 2959 silentio
1471 2893 1655 2978 tegit,
1723 2895 1835 2959 sed
1892 2894 2049 2959 dicit
2104 2912 2211 2959 eos
2276 2895 2339 2959 in
2394 2895 2635 2957 tantam

340 3001 756 3084 cupiditatem
801 3000 1446 3086 fuisse.progressos‚
1497 3005 1569 3066 ut
1608 3001 2057 3066 ‘esurientibus
2100 3001 2290 3066 etiam
2336 3001 2397 3064 in
2439 3000 2637 3064 eccle·

339 3109 436 3172 sia
497 3107 795 3172 fratribus
862 3108 1093 3173 habere
1159 3111 1492 3192 argentum
1557 3109 1821 3192 largiter
1874 3109 2136 3187 uellent,
2200 3107 2431 3173 fundos
2484 3107 2637 3170 insi·

246 3241 300 3280 25
340 3214 538 3278 diesis
585 3213 916 3278 fraudibus
953 3219 1265 3296 raperent,
1315 3215 1528 3279 usuris
1566 3215 2143 3298 multiplicantibus
2190 3216 2410 3280 faenus
2450 3232 2636 3298 auge-

337 3323 516 3385 rent'.
554 3324 710 3404 puto
747 3321 1020 3386 istorum
1069 3321 1356 3400 auaritia,
1395 3322 1633 3405 rapinis
1682 3325 1746 3386 et
1790 3323 2039 3387 faenore
2088 3322 2465 3406 Cyprianum
2516 3339 2635 3385 non

519 3530 552 3582 2
591 3529 615 3580 1
653 3528 800 3582 Petr.
838 3530 889 3591 4,
929 3529 962 3581 8
1065 3531 1098 3583 6
1136 3528 1276 3582 Phil.
1319 3529 1367 3594 3,
1412 3529 1627 3585 15-16
1709 3530 1775 3583 14
1815 3527 1969 3600 Cypr.
2011 3529 2077 3584 de
2117 3530 2315 3585 cathol.
2356 3531 2484 3585 eccl.
2514 3531 2635 3584 uni·

338 3623 456 3672 tate
495 3635 537 3674 c.
583 3619 648 3672 14
686 3635 737 3688 p.
766 3619 888 3678 223,
933 3617 998 3672 10
1040 3617 1120 3671 ed.
1161 3618 1368 3672 Hartel.
1484 3619 1549 3672 18
1580 3617 1647 3672 de
1684 3618 1853 3689 lapsis
1892 3636 1936 3673 e.
1974 3621 2117 3674 4-6
2254 3621 2323 3674 23
2362 3619 2427 3674 de
2468 3620 2635 3689 lapsis

340 3725 384 3762 c.
425 3709 458 3762 6
494 3724 546 3777 p.
587 3708 712 3774 241,
749 3707 891 3760 2—4
930 3707 1012 3760 ed.
1052 3706 1259 3760 Hartel.

413 3849 445 3902 3
485 3849 646 3901 etiam
687 3849 929 3917 cooperit
974 3847 1090 3902 VU
1121 3848 1240 3902 edd.
1388 3851 1420 3902 5
1461 3849 1711 3920 quodque
1749 3851 1805 3904 P
1946 3853 1979 3905 6
2018 3851 2244 3905 caritate
2282 3851 2337 3904 P
2478 3855 2637 3920 quot-

341 3936 488 4007 quod
523 3937 578 3990 P
613 3941 670 3990 et
708 3941 842 4006 quot
887 3936 1080 3992 VUzs
1178 3937 1210 3990 8
1249 3937 1406 3992 uobis
1444 3955 1565 4002 om„
1606 3943 1727 3993 m.1
1766 3939 1896 3993 add.
1926 3940 1983 3993 P
2076 3941 2108 3994 9
2150 3943 2206 3994 et
2244 3933 2359 3993 ont.¹
2383 3939 2495 3992 VU
2517 3937 2634 3992 edd.

341 4027 406 4081 11
448 4027 613 4080 etiarn
651 4041 828 4082 om.m
866 4030 922 4080 et
962 4026 1193 4081 VUlsr
1323 4027 1388 4081 12
1427 4027 1558 4098 non]
1598 4045 1736 4082 nunc
1782 4027 1887 4083 VU
2012 4030 2079 4082 14
2117 4030 2349 4082 asseruit
2374 4045 2403 4082 s
2518 4029 2637 4080 uni-

336 4118 454 4168 tate
491 4115 547 4168 P
727 4116 792 4170 19
831 4118 1202 4186 persecutione
1239 4117 1294 4171 P
1479 4117 1664 4187 lapsus
1714 4117 1768 4171 U
1940 4117 2009 4170 22
2047 4117 2104 4171 in
2142 4121 2301 4171 tanta
2339 4117 2638 4186 cupiditate

339 4203 498 4258 codd.
538 4205 653 4258 lsr
795 4205 1007 4260 24—25
1047 4206 1188 4260 uelle
1212 4247 1224 4261 .
1248 4249 1258 4260 .
1284 4249 1294 4261 .
1317 4223 1535 4276 rapere.
1560 4247 1571 4260 .
1597 4246 1609 4259 .
1631 4223 1829 4276 augere
1869 4207 1935 4270 P,
1972 4205 2116 4260 sicut
2152 4212 2230 4260 est
2264 4205 2328 4258 in
2368 4205 2643 4276 Cypriani

340 4293 526 4347 libello
635 4293 706 4347 26
741 4293 921 4362 piguis
950 4293 1006 4346 P
1029 4293 1212 4348 fundis
1251 4293 1360 4349 VU
1393 4293 1546 4362 cdd.‚·
1581 4293 1783 4364 scripsi
1808 4295 2011 4365 rapinis
2156 4293 2483 4366 Cyprianum
2513 4311 2637 4350 om„

337 4382 403 4435 in
439 4398 610 4452 marq.
653 4382 784 4436 add.
833 4381 887 4436 U
