3184 4959
1028 410 1558 478 epistularum
1616 408 1799 465 CXXI.
1860 410 2072 467 CXXII.
2577 418 2704 482 743

407 598 654 676 fratres,
712 601 804 665 sic
861 600 1051 684 agite,
1101 603 1210 679 ut,
1262 600 1430 683 quod
1486 601 1576 666 ait
1632 604 1982 686 apostoluS‚
2034 603 2210 669 siue
2260 605 2704 672 adueniens

407 712 486 773 et
539 708 830 773 uidens
889 726 1034 772 uos
1093 707 1272 773 siue
1329 708 1621 774 absens
1680 709 2001 774 audiam
2050 711 2141 775 de
2195 712 2457 791 uobiS‚
2516 714 2705 796 qnia

407 815 662 881 statis
739 814 816 878 in
891 831 1041 879 uno
1120 814 1428 896 spiritu
1503 834 1655 881 uno
1733 816 1991 881 animo
2070 818 2701 884 conlaborantes

405 921 611 987 fidei
641 940 732 987 eu
751 939 838 986 an
857 920 1072 1005 gelic
1091 938 1195 986 ae.
1229 921 1285 985 si
1313 940 1428 987 uos
1459 922 1673 1005 aliqua
1699 923 1997 988 molestia
2016 924 2381 1006 temporalis
2404 926 2700 1010 exagitat,

340 1053 365 1091 ο
402 1029 544 1112 ipsa
588 1047 708 1094 uos
753 1028 960 1112 magis
1009 1027 1338 1094 admonere
1388 1027 1594 1107 debet,
1638 1048 1828 1112 quem
1879 1030 1957 1095 ad
2004 1030 2265 1095 modum
2304 1032 2381 1096 de
2418 1033 2531 1097 illa
2568 1034 2703 1098 uita

405 1137 681 1221 cogitare
747 1133 1052 1213 debeatis,
1117 1133 1229 1197 ubi
1295 1133 1430 1199 sine
1496 1134 1709 1217 aliquo
1776 1136 1989 1201 labore
2054 1137 2295 1201 uiuatis
2362 1138 2702 1204 euadentes

401 1264 524 1310 non
576 1242 882 1309 molestas
941 1240 1269 1325 angustias
1313 1242 1621 1323 temporis
1676 1242 1857 1324 parui
1914 1242 2028 1307 sed
2081 1243 2418 1308 horrendas
2464 1263 2702 1329 poenas

400 1352 566 1435 ignis
616 1348 871 1414 aeterni.
919 1366 1061 1411 nam
1111 1346 1168 1411 si
1215 1345 1402 1411 modo
1448 1348 1629 1412 tanta
1665 1365 1835 1425 cura,
1885 1350 2061 1413 tanta
2106 1348 2475 1428 intentione,
2524 1354 2699 1417 tanto

399 1458 614 1523 labore
679 1455 893 1541 agitis,
959 1472 1037 1519 ne
1099 1453 1162 1517 in
1229 1452 1475 1534 aliquos
1534 1453 1854 1518 cruciatus
1920 1454 2320 1521 transitorios
2383 1456 2698 1537 incidatis,

314 1588 363 1627 ιο
404 1568 707 1649 quantum
763 1580 882 1626 uos
931 1562 1182 1643 oportet
1227 1578 1368 1624 esse
1425 1558 1761 1637 sollicitos,
1818 1563 1892 1625 ut
1948 1561 2363 1644 sempiternas
2409 1563 2697 1629 miserias

400 1671 692 1755 fugiatis!
735 1674 800 1735 et
835 1670 891 1733 si
919 1687 1090 1733 mors
1130 1668 1223 1732 sic
1253 1667 1532 1745 timetur,
1573 1685 1734 1750 quae
1772 1666 1915 1732 finit
1938 1670 2355 1750 temporalem
2390 1669 2697 1737 laborem.

404 1796 526 1862 quo
593 1774 780 1841 modo
845 1772 1126 1839 timenda
1189 1775 1306 1850 est,
1374 1790 1536 1855 quae
1600 1771 1805 1837 mittit
1866 1771 1930 1835 in
1993 1776 2317 1839 >aeternum
2382 1774 2693 1843 dolorem!

401 1887 465 1948 et
520 1882 576 1947 si
630 1881 893 1946 deliciae
947 1878 1186 1945 saeculi
1239 1878 1432 1943 huius
1487 1878 1717 1943 breues
1765 1882 1829 1943 et
1886 1878 2177 1944 sordidae
2234 1879 2325 1945 sic
2385 1886 2694 1961 amantur,

401 1992 632 2071 quanto
705 1986 1147 2052 uehementius
1219 1986 1422 2051 futuri
1495 1984 1731 2051 saeculi
1808 1985 2041 2070 gaudia
2102 2005 2262 2069 pura
2326 1989 2390 2051 et
2452 1988 2697 2054 infinita
2798 2030 2808 2041 ·

311 2120 360 2159 ιε,
399 2094 752 2180 quaerenda
807 2096 980 2158 sunt!
1037 2093 1166 2157 ista
1213 2092 1570 2177 cogitantes
1627 2092 1823 2157 nolite
1871 2110 2011 2156 esse
2067 2094 2232 2177 pigri
2288 2092 2351 2157 in
2398 2095 2693 2178 operibus

395 2202 599 2277 bonis,
646 2206 722 2265 ut
767 2199 846 2264 ad
894 2199 1094 2264 uestri
1140 2198 1398 2263 seminis
1445 2216 1722 2263 messem
1770 2216 1886 2263 suo
1937 2201 2220 2283 tempore
2266 2201 2565 2266 ueniatis.

260 2302 300 2363 2
483 2306 866 2372 Nuntiatum
904 2309 1005 2370 est
1042 2304 1206 2369 enim
1253 2303 1433 2382 mihi,
1483 2304 1651 2387 quod
1696 2322 1937 2368 morem
1982 2308 2265 2369 uestrum
2309 2306 2385 2370 de
2422 2307 2688 2372 uestien·

398 2415 496 2478 dis
560 2412 946 2495 pauperibus
1011 2410 1258 2475 fueritis
1320 2410 1522 2489 obliti,
1589 2410 1668 2475 ad
1727 2429 1914 2492 quam
1972 2412 2492 2492 misericordiam,
2551 2432 2693 2477 cum

395 2538 694 2602 praesens
737 2536 962 2594 essem,
1011 2535 1128 2582 uos
1175 2517 1540 2581 exhortatus
1589 2535 1733 2581 sum
1772 2520 1836 2580 et
1881 2536 2046 2581 nunc
2094 2518 2405 2597 exhortor,
2453 2538 2529 2583 ne
2574 2539 2693 2584 uos

304 2652 358 2689 ιο
394 2626 613 2691 uincat
648 2628 712 2689 et
755 2624 970 2707 pigros
1017 2623 1212 2688 faciat
1248 2623 1542 2688 contritio
1579 2623 1802 2688 mundi
1850 2624 2065 2701 huius,
2116 2624 2220 2688 cui
2256 2626 2411 2689 talia
2456 2626 2691 2691 uidetis

395 2732 696 2807 accidere,
764 2731 977 2814 qua-lia
1041 2729 1335 2795 dominus
1404 2732 1466 2795 et
1531 2730 1891 2814 redemptor
1962 2733 2198 2811 noster,
2266 2732 2375 2814 qui
2438 2734 2690 2798 mentiri

393 2858 517 2905 non
579 2840 817 2923 potest,
881 2840 1153 2901 uentura
1213 2836 1537 2921 praedixit.
1606 2856 1727 2901 non
1794 2838 2005 2902 solum
2061 2857 2211 2922 ergo
2266 2858 2389 2904 non
2446 2839 2691 2905 debetis

393 2948 604 3011 minus
659 2946 866 3011 facere
915 2963 1102 3028 opera
1157 2943 1647 3021 misericordiae,
1707 2944 1817 3009 sed
1866 2944 2056 3009 etiam
2104 2945 2347 3010 debetis
2395 2947 2689 3029 amplius,

393 3072 582 3135 quam
621 3052 860 3117 soletis,
901 3052 1071 3117 sicut
1109 3051 1276 3115 enim
1313 3050 1392 3115 ad
1428 3050 1572 3116 loca
1608 3051 1953 3115 munitiora
1989 3051 2353 3117 festinatius
2392 3052 2686 3137 migrant,

301 3184 354 3225 εὖ
392 3160 500 3243 qui
555 3160 800 3223 ruinam
858 3158 1084 3224 domus
1141 3158 1364 3222 uident
1419 3157 1708 3223 contritis
1772 3157 2119 3240 parietibus
2184 3158 2531 3238 imminere,
2594 3160 2685 3226 sic

391 3265 578 3331 corda
626 3264 982 3330 Christiana
1025 3267 1264 3347 ,quanto
1322 3264 1527 3347 magis
1586 3264 1870 3328 sentiunt
1916 3264 2141 3329 mundi
2194 3264 2386 3329 huius
2438 3267 2687 3331 ruinam

571 3474 595 3527 1
636 3474 776 3527 Phil.
821 3475 867 3534 1,
907 3474 974 3527 27
1089 3546 1092 3551 Ι

461 3598 485 3651 1
547 3598 624 3651 sic
679 3614 783 3653 om.
838 3598 894 3651 P
1142 3598 1176 3649 2
1234 3596 1428 3650 absens
1487 3600 1542 3651 et
1589 3596 1816 3651 audiam
1854 3596 1929 3649 Μ
2145 3598 2240 3667 qui
2295 3598 2491 3651 astatis
2545 3614 2613 3651 m.
2651 3603 2687 3653 2

386 3703 523 3742 corr.
560 3687 634 3741 Ρι
745 3688 778 3741 9
809 3685 1071 3741 cruciatos
1110 3685 1165 3739 P
1199 3688 1287 3751 (m.
1310 3689 1350 3739 2
1386 3686 1676 3752 cruciatus)
1715 3686 1792 3739 M
1825 3685 2095 3745 cruciatis.
2131 3703 2199 3743 m.
2225 3689 2265 3739 2
2302 3686 2571 3740 cruciatus
2608 3686 2679 3740 P¹

391 3778 456 3830 12
503 3774 765 3845 dolorem]
815 3775 1072 3837 laborem,
1113 3790 1250 3829 corr.
1287 3790 1356 3827 m.
1389 3778 1418 3827 1
1466 3774 1706 3830 dolorem
1744 3772 1817 3827 M
2068 3774 2132 3827 13
2176 3774 2341 3827 huius
2388 3774 2591 3828 saeculi
2627 3774 2683 3829 R

389 3866 453 3919 17
503 3864 646 3918 enim
691 3865 776 3917 est
811 3862 919 3917 ΓΑ
967 3863 1088 3917 edd.
1310 3862 1375 3917 19
1423 3880 1567 3917 nuuc
1616 3866 1729 3933 (pr.
1770 3880 1805 3916 n
1842 3878 1981 3917 corr.
2019 3878 2087 3917 m.
2110 3865 2175 3929 2;
2220 3862 2404 3929 fuitne
2437 3860 2474 3914 h
2516 3861 2567 3927 .9)
2606 3862 2681 3916 Ρ1

387 3954 458 4007 20
492 3952 640 4017 facit,
681 3968 817 4005 corr.
856 3968 924 4005 m.
947 3956 976 4005 1
1012 3951 1179 4006 faciat
1215 3950 1292 4005 Ρί
1496 3951 1661 4006 huius
1698 3951 1887 4005 mundi
1925 3950 2045 4005 edd.
2227 3950 2291 4001 21
2336 3950 2589 4005 accedere
2626 3952 2680 4003 A

460 4044 516 4095 et
551 4037 862 4110 redemptor
896 4057 996 4095 om.
1037 4040 1106 4093 M
1222 4040 1425 4111 noster]
1464 4044 1528 4095 ut
1563 4040 1627 4095 F
1657 4049 1723 4095 ur
1758 4040 1887 4095 AP'
1998 4040 2068 4093 22
2106 4056 2215 4094 non
2252 4038 2512 4093 uidebitis
2548 4038 2679 4106 (non

387 4134 439 4184 et
467 4129 520 4182 ui
547 4128 610 4182 in
635 4144 749 4181 ras.
778 4144 847 4184 m.
868 4132 924 4194 1)
949 4128 1005 4182 A
1088 4129 1156 4183 23
1195 4128 1371 4183 facere
1412 4144 1577 4198 opera
1613 4124 2034 4197 misericordiae]
2076 4142 2241 4195 opera
2277 4125 2677 4180 misericordiae

387 4234 571 4272 curare
608 4218 664 4271 P
767 4218 836 4271 24
874 4216 1224 4272 festinantius
1262 4217 1317 4271 P
1354 4216 1473 4271 edd.
1503 4222 1840 4285 praeterae
1948 4216 2017 4270 25
2054 4214 2212 4269 ruina
2240 4214 2307 4267 M
2450 4214 2513 4277 si,
2550 4230 2618 4269 m.
2643 4216 2682 4265 2

381 4306 458 4361 sic
494 4305 568 4360 Ρ1
