3184 4959
1135 453 1669 523 epistularum
1726 453 1918 509 CVIII.
2546 461 2673 525 619

373 645 710 731 Bagaiensi
741 646 1005 713 concilio
1046 647 1405 712 dicebatur:
1446 649 1721 713 ‘Famosi
1752 648 2030 714 criminis
2068 670 2230 728 reos,
2271 651 2381 733 qui
2420 652 2673 717 funesto

373 773 560 835 opere
597 753 970 836 perditionis
1011 773 1124 819 uas
1165 755 1492 820 sordidum
1525 756 1799 822 collecta
1833 756 2218 822 faeculentia
2257 759 2673 842 glutinarunt,

373 861 702 926 damnatos
752 879 892 925 esse
940 863 1352 945 cognoscite.’

113 967 212 1032 ΙΙΙ
243 969 276 1030 7
461 967 596 1033 Ista
639 968 715 1033 de
763 969 1080 1050 baptismo
1129 969 1362 1034 dixisse
1411 969 1753 1034 suffecerit.
1814 987 2007 1035 causa
2054 991 2205 1036 uero
2254 972 2671 1054 separationis

305 1093 330 1132 ⁵
368 1080 620 1141 uestrae
665 1075 766 1140 his
815 1077 985 1141 solet
1027 1094 1152 1140 non
1198 1076 1543 1140 intellectis
1591 1076 1979 1142 testimoniis
2028 1077 2314 1143 colorari.
2364 1079 2672 1160 scriptum

371 1187 495 1248 est:
543 1184 654 1248 Ne
701 1183 1252 1248 communices
1300 1185 1673 1267 peccatis
1722 1184 2050 1260 alienis;
2103 1185 2213 1249 sed
2256 1185 2674 1268 respondetur

370 1308 512 1354 eum
565 1281 1028 1356 communicare
1074 1291 1356 1372 peccatis
1405 1291 1651 1369 alienis,
1709 1292 1819 1374 qui
1868 1291 2186 1356 consentit
2229 1290 2417 1356 malis
2464 1291 2671 1368 factis,

367 1416 490 1461 non
530 1416 696 1472 eum,
745 1397 875 1480 qui,
926 1415 1070 1461 cum
1115 1397 1254 1480 ipse
1301 1398 1390 1462 sit
1423 1397 1733 1476 triticum,
1784 1399 1979 1462 simul
2028 1400 2237 1462 tamen
2279 1417 2424 1463 cum
2471 1398 2671 1479 palea,

371 1522 559 1586 quam
625 1503 734 1568 diu
799 1521 942 1568 area
1004 1503 1358 1582 trituratur,
1425 1503 1660 1569 diuinis
1738 1505 2167 1570 communicat
2240 1505 2671 1570 sacramentis.

282 1627 335 1666 10
373 1611 682 1692 scripturn
740 1614 840 1674 est
895 1610 1094 1675 enim:
1149 1611 1384 1676 Exite
1440 1611 1626 1676 inde
1684 1615 1763 1676 et
1814 1612 2279 1677 inmundum
2337 1632 2429 1677 ne
2487 1614 2673 1677 teti-

373 1716 676 1802 geritis
743 1720 836 1782 et:
905 1715 1052 1795 Qui
1115 1717 1512 1801 tetigerit
1570 1717 2005 1801 pollutum,
2081 1719 2459 1801 pollutus
2526 1723 2669 1789 est.

373 1823 487 1888 sed
541 1823 951 1888 consensione
1013 1822 1388 1902 uoluntatis,
1458 1842 1582 1904 qua
1638 1823 1945 1906 deceptus
2004 1828 2104 1889 est
2158 1823 2347 1889 homo
2402 1825 2670 1908 primm,

371 1950 495 1995 non
553 1931 1030 1996 conuersatione
1093 1930 1395 2013 emperie,
1454 1949 1579 2013 qua
1626 1934 1689 1995 et
1736 1931 1926 1996 Iudas
1976 1931 2303 1996 osculatus
2352 1935 2451 1996 est
2497 1931 2671 1997 Chri-

372 2041 572 2114 stum;
638 2037 848 2120 pisces
914 2035 1148 2120 quippe
1211 2036 1329 2115 illi,
1406 2036 1482 2101 de
1547 2037 1780 2120 quibus
1846 2038 1909 2101 in
1976 2038 2307 2122 euangelio
2375 2038 2669 2103 dominus

283 2162 332 2202 1⁵
368 2143 676 2227 quuitur,
723 2143 872 2208 boni
908 2146 973 2207 et
1007 2144 1157 2208 mali
1206 2144 1372 2208 intra
1409 2143 1625 2209 eadem
1664 2145 1847 2222 retia,
1893 2144 2127 2228 quibus
2166 2145 2671 2230 congregationis

368 2253 624 2334 coaptat
659 2250 992 2328 unitatem,
1039 2269 1246 2332 usque
1283 2251 1359 2314 ad
1408 2250 1597 2314 finem
1649 2251 1907 2328 saeculi,
1959 2251 2129 2334 quod
2173 2251 2381 2317 litoris
2419 2251 2670 2316 nomine

367 2358 848 2442 praefiguratur,
921 2339 1155 2438 pariter
1227 2359 1449 2420 natant
1512 2358 1883 2452 corporibus
1958 2358 2139 2422 mixti
2206 2359 2317 2422 sed
2382 2357 2667 2422 moribus

369 2465 665 2549 separati.
715 2463 1024 2546 scriptum
1065 2466 1164 2528 est
1202 2461 1399 2528 enim:
1437 2463 1845 2529 Modicum
1894 2465 2377 2529 fermentum
2416 2467 2665 2528 totam

366 2589 710 2636 massam
777 2570 1250 2658 corrumpit,
1329 2570 1440 2635 sed
1519 2589 1759 2648 eorum,
1837 2571 1949 2653 qui
2024 2571 2429 2636 consentiunt
2498 2571 2666 2639 mala

277 2695 330 2734 20
367 2677 767 2755 facientibu8‚
815 2695 936 2740 non
981 2669 1224 2756 eorum,
1274 2677 1411 2759 qui
1458 2676 1818 2763 secundum·
1854 2677 2227 2760 prophetam
2268 2676 2667 2742 Ezechielem

367 2789 697 2870 gemunt
752 2787 830 2850 et
892 2789 1254 2850 maerent
1311 2786 1404 2850 ob
1468 2785 1974 2868 iniquitates
2022 2784 2243 2868 populi
2291 2784 2414 2864 dei,
2466 2803 2661 2867 quae

365 2893 587 2957 fiunt
633 2893 708 2956 in
754 2891 1013 2958 medio
1065 2911 1358 2957 eorum.

230 2995 270 3057 8
452 2999 654 3065 Istam
710 2998 1025 3063 malorum
1080 2998 1562 3080 permixtionem
1620 2998 1823 3082 gemit
1878 3001 1943 3062 et
1986 2997 2280 3074 Danihel,
2337 2998 2465 3062 tres
2514 3015 2663 3079 quo—

364 3125 486 3187 que
561 3105 685 3169 uiri
758 3108 1163 3190 gemue1·unt;
1229 3105 1340 3169 ille
1415 3105 1534 3170 hoc
1606 3105 1671 3169 in
1740 3105 2042 3182 oratione,
2117 3105 2215 3169 illi
2278 3105 2344 3170 in
2410 3103 2661 3168 fornace

272 3223 326 3262 2⁵
361 3214 712 3287 testantur;
787 3230 902 3276 nec
965 3215 1176 3276 tamen
1245 3231 1314 3276 se
1380 3212 1456 3276 ab
1523 3211 1768 3276 unitate
1832 3211 2074 3294 populi,
2152 3211 2335 3275 cuius
2400 3214 2663 3292 peccata

364 3317 844 3394 confitebantur,
913 3319 1218 3402 corporali
1286 3318 1711 3384 disiunctione
1778 3321 2249 3402 separauerunt.
2315 3317 2661 3401 prophetae

365 3443 582 3490 omnes
646 3425 710 3489 in
776 3425 1042 3490 eundern
1109 3425 1440 3509 populum,
1505 3425 1570 3489 in
1638 3443 1761 3507 quo
1828 3429 2023 3505 erant,
2090 3443 2251 3507 quae
2308 3428 2373 3488 et
2427 3427 2662 3506 quanta

545 3615 571 3668 1
612 3614 751 3685 Aug.
792 3617 980 3669 contra
1018 3613 1266 3670 Crescon.
1295 3615 1434 3669 Don.
1463 3613 1550 3668 111
1577 3616 1674 3680 223
1714 3617 1808 3680 59;
1840 3615 1919 3669 IV
1946 3615 2005 3679 5;
2044 3617 2135 3678 15;
2166 3615 2263 3679 39;
2296 3617 2483 3669 contra
2512 3614 2657 3669 Gau-

363 3705 512 3759 dent.
558 3703 701 3760 Don.
748 3703 806 3758 11
853 3704 882 3756 7
994 3703 1027 3756 6
1064 3703 1092 3758 1
1129 3703 1264 3758 Tim.
1303 3704 1356 3767 5,
1395 3705 1464 3758 22
1578 3703 1645 3758 10
1682 3703 1771 3757 Es.
1810 3705 1897 3767 52,
1941 3704 2005 3757 11
2120 3702 2180 3756 11
2220 3703 2351 3756 Len.
2393 3702 2478 3766 22,
2515 3703 2659 3756 4-—6

366 3797 431 3850 12
473 3793 605 3851 Gen.
645 3795 696 3859 3,
739 3793 878 3847 1-6
1061 3793 1126 3846 13
1163 3792 1360 3847 Matth.
1399 3794 1488 3862 26,
1524 3793 1623 3860 49;
1662 3793 1828 3849 Marc.
1870 3793 1954 3859 14,
1991 3793 2061 3847 45
2230 3792 2296 3845 14
2331 3791 2530 3846 Matth.
2573 3791 2656 3848 13.

363 3885 577 3939 47—49
761 3882 827 3936 18
865 3882 892 3936 Ι
932 3881 1052 3938 Cor.
1091 3883 1142 3946 5,
1183 3882 1216 3934 6
1398 3883 1469 3937 20
1506 3881 1701 3936 Ezech.
1732 3883 1784 3944 9,
1813 3883 1849 3935 4
2022 3881 2091 3935 23
2118 3880 2257 3934 Dan.
2290 3881 2340 3944 9,
2371 3882 2577 3944 5--16;
2628 3883 2661 3936 3

361 3974 574 4028 28—31

437 4082 462 4136 1
503 4081 786 4151 uagaiensi
823 4079 878 4133 P
911 4079 1030 4134 edd.
1069 4079 1355 4149 uagalensi
1403 4077 1514 4133 VU
1634 4079 1669 4132 2
1706 4077 2040 4148 glutinorum
2080 4075 2238 4130 codd.
2278 4076 2345 4130 Ζε
2475 4076 2512 4129 4
2548 4075 2657 4129 suf-

359 4166 574 4225 ficerint
609 4169 665 4223 P
791 4171 824 4225 5
864 4167 910 4221 V
948 4168 1210 4238 scriptum
1246 4170 1332 4222 est
1365 4168 1421 4221 P
1552 4169 1586 4222 9
1624 4165 1968 4221 retritulatur
2012 4164 2125 4220 VU
2150 4165 2500 4219 retrituratur
2536 4164 2657 4219 edd.

364 4257 432 4312 10
466 4256 544 4310 VI
572 4255 830 4327 seriptum
870 4261 954 4310 est
980 4255 1037 4309 P
1126 4257 1191 4310 13
1228 4255 1360 4310 iuda
1396 4255 1671 4310 osculatus
1702 4258 1785 4309 est
1813 4253 2047 4308 christus
2074 4253 2131 4306 P
2221 4254 2288 4308 14
2322 4252 2571 4307 dominus
2598 4255 2655 4307 in

363 4347 648 4417 euangelio
677 4345 730 4400 U
799 4347 864 4401 17
894 4345 1262 4416 praefigurant
1279 4343 1334 4397 P
1407 4343 1474 4398 18
1501 4343 1609 4398 VII
1628 4345 1889 4412 scriptum
1919 4343 2076 4398 estP
2145 4343 2213 4398 27
2243 4343 2301 4396 in
2329 4342 2460 4412 quo]
2480 4359 2585 4412 quo
2605 4342 2661 4396 P
