3184 4959
335 1592 384 1628 10

338 2125 385 2164 15

1110 411 1639 481 epistularum
1697 410 2042 465 LXXXVIII.
2592 417 2724 480 409

419 625 607 689 quem
674 605 751 671 ad
808 606 1067 671 modum
1127 625 1319 672 causa
1368 606 1538 671 dicta
1594 610 1784 690 atque
1839 606 2018 671 finita
2071 607 2158 672 sit
2213 612 2278 672 et
2325 607 2724 674 Caecilianus

419 714 719 778 innocens
764 713 1083 779 iudicatus
1132 713 1237 790 sit,
1285 713 1567 778 indicant
1612 714 1798 798 gesta
1835 713 2286 778 ecclesiastica.
2334 713 2460 779 iam
2499 714 2724 796 utique

419 823 565 902 post
625 818 961 903 pacificum
1025 819 1427 884 moderamen
1495 819 1878 903 episcopalis
1933 819 2154 884 iudicii
2211 821 2416 885 omnis
2474 823 2725 886 conten-

417 927 612 992 tionis
660 929 725 990 et
771 926 1195 990 animositatis
1240 927 1585 1009 pertinacia
1633 925 1902 990 debebat
1967 925 2268 1011 extingui.
2327 926 2440 992 sed
2501 945 2724 992 rursus

418 1033 689 1099 maiores
736 1033 937 1098 uestri
984 1032 1061 1096 ad
1109 1032 1557 1116 imperatorem
1605 1032 1946 1108 redierunt,
1997 1052 2116 1097 non
2163 1037 2333 1098 recte
2369 1033 2722 1098 iudicatum

420 1157 621 1222 neque
670 1158 917 1204 omnem
965 1157 1221 1204 causam
1272 1139 1554 1203 auditam
1605 1157 1745 1203 esse
1793 1139 2128 1219 conquesti
2184 1143 2353 1204 sunt.
2403 1139 2568 1204 unde
2615 1138 2728 1204 ille

422 1247 691 1312 alterum
766 1246 1125 1330 episcopale
1196 1244 1507 1310 iudicium
1576 1245 1752 1309 dedit
1816 1245 2174 1310 habendum
2239 1245 2302 1308 in
2368 1246 2726 1310 Arelatensi

424 1351 669 1418 Galliae
716 1352 997 1426 ciuitate,
1046 1352 1151 1416 ubi
1200 1352 1390 1417 multi
1438 1351 1640 1417 uestri
1677 1371 1841 1416 uana
1878 1355 1943 1416 et
1980 1350 2295 1417 diabolica
2333 1351 2726 1416 dissensione

423 1461 719 1524 damnata
781 1477 927 1522 cum
986 1459 1343 1524 Caeciliano
1410 1459 1473 1522 in
1543 1458 1940 1524 concordiam
1998 1457 2338 1535 redierunt,
2403 1459 2514 1522 alii
2571 1477 2722 1524 uero

422 1565 911 1650 pertinacissimi
959 1568 1025 1629 et
1068 1565 1525 1648 litigiosissimi
1573 1565 1654 1629 ad
1701 1565 1970 1630 eundem
2019 1566 2460 1649 imperatorem
2517 1564 2726 1649 appel·

421 1651 763 1737 lauemnt.’
804 1677 1029 1756 postea
1093 1677 1157 1736 et
1220 1672 1357 1754 ipse
1423 1675 1680 1738 coactus
1749 1673 2174 1755 episcopalem
2241 1691 2500 1738 causam
2561 1672 2728 1738 inter

422 1783 633 1863 partes
689 1779 1007 1864 cognitam
1063 1779 1433 1842 terminauit
1488 1781 1553 1844 et
1599 1779 1842 1862 primus
1893 1783 2110 1844 contra
2157 1783 2436 1845 uestram
2482 1782 2726 1862 partem

423 1887 627 1970 legem
703 1885 1057 1961 constituit,
1131 1889 1207 1950 ut
1286 1887 1427 1950 loca
1504 1887 2068 1970 congregationum
2141 1889 2500 1952 uestrarum
2571 1885 2728 1950 fisco

424 1992 909 2058 uindicarentur.
956 2011 1222 2076 quarum
1273 1993 1552 2058 omnium
1601 2013 1810 2058 rerum
1861 1993 2242 2058 documenta
2300 1993 2355 2057 si
2411 1992 2727 2057 uellemus

422 2100 715 2178 inserere,
762 2098 1029 2163 nimium
1074 2099 1301 2183 longas
1346 2099 1593 2164 litteras
1642 2099 2017 2166 faceremus.
2075 2099 2236 2164 illud
2291 2104 2502 2164 tamen
2550 2097 2728 2162 nullo

424 2205 611 2270 modo
676 2205 1303 2289 praetermittendum
1370 2209 1487 2282 est,
1542 2225 1666 2288 quo
1722 2206 1910 2272 modo
1972 2205 2204 2271 Felicis
2269 2205 2727 2290 Aptungensis‚

426 2332 615 2396 quem
658 2312 899 2378 fontem
948 2312 1232 2377 omnium
1277 2313 1589 2378 malorum
1646 2313 1707 2376 in
1765 2313 2034 2378 concilio
2083 2311 2592 2397 Carthaginiensi
2649 2311 2728 2375 ab

376 2419 711 2486 ‘Secundo
768 2419 1119 2502 Tigisitano
1175 2419 1443 2502 primate
1494 2419 1702 2484 habito
1757 2423 1968 2504 patres
2033 2421 2234 2484 uestri
2301 2419 2502 2484 fuisse
2562 2418 2728 2483 dixe-

338 2659 389 2696 20

426 2530 587 2603 runt,
650 2525 1029 2610 urgentibus
1093 2526 1263 2608 apud
1332 2525 1778 2609 imperatorem
1848 2526 2083 2592 uestris
2157 2526 2414 2610 publico
2489 2523 2725 2589 iudicio

428 2653 619 2698 causa
690 2633 984 2698 discussa
1046 2635 1236 2714 atque
1304 2631 1479 2697 finita
1541 2633 1648 2698 sit.
1723 2652 1870 2698 nam
1936 2636 2322 2698 memoratus
2389 2631 2732 2714 Imperator

427 2740 488 2804 in
554 2741 673 2806 hac
737 2740 880 2824 ipsa
942 2758 1136 2804 causa
1198 2743 1447 2804 uestros
1514 2740 1684 2824 apud
1741 2759 1808 2804 se
1865 2743 2265 2804 accusatores
2323 2741 2389 2804 et
2437 2737 2727 2802 assiduos

426 2846 929 2930 interpellatores
975 2845 1207 2910 litteris
1258 2845 1391 2910 suis
1440 2846 1644 2911 fuisse
1701 2848 1992 2924 testatur,
2051 2865 2314 2929 quarum
2373 2843 2729 2926 exemplum

428 2953 587 3017 infra
635 2953 1031 3036 scripsimus.

499 3163 530 3216 :3
568 3161 757 3216 iudicii
794 3161 1115 3232 episcopalis
1145 3162 1265 3216 edd.
1397 3162 1794 3228 contentiones,
1824 3179 1891 3216 m.
1915 3165 1956 3216 2
1984 3159 2346 3216 contentionis
2371 3158 2445 3213 M
2533 3161 2565 3214 5
2595 3159 2726 3226 non]

430 3255 485 3304 et
520 3267 627 3304 non
663 3251 720 3303 P
752 3250 874 3304 edd.
1013 3253 1044 3304 6
1084 3253 1319 3320 omnem]
1358 3251 1501 3305 euim
1536 3250 1613 3304 M
1791 3252 1972 3320 questi
2006 3250 2064 3306 R
2211 3249 2324 3314 illu,
2363 3265 2431 3305 m.
2457 3253 2496 3302 2
2531 3247 2624 3300 ille
2661 3246 2734 3300 M

428 3341 461 3392 8
498 3341 799 3393 uestrorum
828 3340 882 3392 A
983 3341 1014 3394 9
1054 3339 1295 3394 damnati
1332 3341 1386 3392 A
1530 3340 1583 3393 in
1626 3339 1913 3394 concordia
1949 3340 2022 3393 M
2130 3339 2194 3394 10
2233 3339 2300 3394 ab
2342 3336 2571 3393 eundem
2609 3335 2734 3388 MP

432 3433 591 3492 (corr.
632 3428 700 3481 ad
728 3427 977 3496 eundem)
1083 3429 1148 3482 12
1185 3433 1398 3498 partem
1436 3432 1676 3482 uestram
1704 3429 1760 3484 R
1863 3431 1930 3485 14
1968 3430 2011 3482 si
2051 3429 2115 3482 nl
2150 3429 2314 3482 limus
2343 3433 2502 3494 (σοιτ.
2531 3426 2728 3490 lemus)

430 3515 502 3568 M
534 3517 579 3568 si
618 3516 847 3570 uelimus
886 3517 941 3570 R
978 3518 1093 3572 siue
1134 3517 1293 3571 limus
1320 3519 1375 3572 Α
1491 3519 1555 3574 15
1592 3517 1760 3588 longa
1795 3517 1996 3572 litteris
2025 3517 2083 3570 F
2181 3519 2244 3571 17
2276 3516 2514 3570 omnium
2543 3531 2646 3570 om.
2675 3516 2728 3568 A

502 3604 900 3674 carthaginensi
932 3605 998 3658 M
1032 3607 1122 3676 (m.
1144 3611 1174 3659 1
1194 3605 1225 3660 ‚9
1260 3621 1398 3663 corr.
1430 3605 1879 3678 carthaginiensi)
1911 3605 2076 3660 FAP
2101 3605 2220 3662 cdd.
2249 3603 2652 3675 kartaginensi.
2682 3607 2730 3666 (s

432 3697 592 3760 eras.)
628 3697 681 3746 A
798 3695 861 3748 18
899 3694 1117 3764 primati
1152 3695 1223 3750 M
1364 3694 1555 3750 habito
1594 3711 1661 3750 ex
1697 3696 2014 3750 coniectura
2055 3694 2257 3749 addidi
2402 3693 2572 3763 patris
2609 3690 2736 3746 ΜΡ

430 3785 570 3850 (m.1
607 3799 747 3836 corr.
786 3787 987 3852 patres)
1030 3783 1139 3837 AR.
1251 3783 1319 3838 20
1355 3785 1504 3852 nam]
1544 3800 1612 3838 ne
1649 3787 1702 3837 A
1813 3785 1882 3837 22
1920 3787 2157 3838 testatus
2195 3786 2246 3836 A
2367 3783 2436 3836 23
2471 3779 2639 3834 infras
2677 3782 2728 3832 A
