3184 4959
306 1633 357 1670 10

307 2167 358 2206 15

307 2703 361 2743 20

306 3237 359 3276 25

1139 447 1671 519 epistularum
1727 449 1922 504 XCIII.
2564 453 2694 520 485

393 643 817 726 paenitentiae
872 643 1086 708 locum
1146 646 1364 710 contra
1420 643 1731 709 adulteria
1787 645 2172 725 clauserunt,
2227 665 2351 712 non
2399 651 2610 712 tamen
2661 669 2696 712 a

395 749 914 833 coepiscoporum
1000 769 1261 816 suorum
1338 749 1610 835 collegio
1684 756 2085 818 recesserunt
2157 757 2270 818 aut
2342 753 2695 820 catholicae

396 857 699 921 ecclesiae
746 857 1059 922 unitatem
1107 857 1214 922 uel
1261 857 1495 923 duritie
1542 859 1650 922 uel
1698 877 1998 924 censurae
2056 879 2210 926 suae
2269 861 2695 928 obstinatione

393 967 719 1047 ruperunt,
776 967 871 1044 ut,
928 965 1080 1048 quia
1126 964 1290 1048 apud
1349 965 1509 1030 alios
1557 964 1863 1031 adulteris
1919 985 2038 1049 pax
2087 967 2359 1045 daretur,
2419 967 2528 1052 qui
2572 988 2696 1033 non

395 1069 605 1148 dabat,
654 1069 732 1136 de
778 1070 1052 1136 ecclesia
1098 1074 1514 1153 separaretur.
1564 1076 1855 1136 manente
1904 1074 2276 1138 concordiae
2323 1073 2584 1140 uinculo
2634 1079 2698 1138 et

394 1179 839 1260 perseuerante
886 1178 1191 1243 ecclesiae
1238 1178 1588 1243 catholicae
1635 1178 1968 1246 indiuiduo
2028 1185 2421 1247 sacramento
2481 1185 2696 1246 actum

396 1301 584 1349 suum
659 1283 942 1366 disponit
1014 1289 1078 1350 et
1151 1284 1368 1368 dirigit
1448 1286 1892 1369 unusquisque
1968 1287 2308 1369 episcopus
2389 1289 2698 1354 rationem

394 1389 703 1474 propositi
760 1390 861 1455 sui
918 1391 1171 1456 domino
1230 1391 1642 1457 redditurus.³
1707 1393 1861 1475 quid
1917 1394 1996 1458 ad
2052 1395 2208 1460 haec
2266 1395 2449 1476 dicis,
2506 1396 2698 1461 frater

395 1497 733 1562 Vincenti?
814 1516 1041 1581 nempe
1124 1499 1392 1564 intueris
1477 1500 1647 1564 hunc
1719 1503 1968 1565 tanturn
2045 1502 2277 1581 uirum,
2359 1504 2697 1585 pacificum

394 1604 767 1687 episcopum
802 1608 867 1670 et
900 1605 1325 1670 fortissimum
1352 1609 1690 1690 martyrem
1720 1607 1880 1672 nihil
1911 1610 2354 1676 uehementius
2385 1612 2696 1695 sategisse

396 1730 585 1793 quam
616 1731 693 1776 ne
722 1712 987 1778 unitatis
1018 1712 1349 1778 uinculum
1376 1718 1795 1795 rumperetur.
1837 1715 2018 1781 uides
2047 1735 2192 1781 eum
2220 1716 2694 1800 parturientem,

394 1837 517 1883 non
574 1818 783 1883 solum
838 1822 914 1884 ut
965 1819 1219 1902 paruuli
1274 1821 1338 1884 in
1396 1818 1648 1886 Christo
1708 1823 1997 1905 concepti
2051 1827 2414 1904 nascantur,
2469 1843 2694 1889 uerum

398 1925 583 1989 etiam
635 1944 713 1989 ne
760 1925 885 1990 iam
933 1925 1064 1991 nati
1110 1927 1187 1991 de
1236 1927 1379 1992 sinu
1424 1928 1648 1993 matris
1698 1928 1950 1994 excussi
1994 1930 2357 1996 moriantur.

482 2031 675 2096 Porro
733 2035 948 2098 autem
1012 2031 1219 2115 ipsam
1275 2053 1430 2110 rem,
1496 2053 1686 2116 quam
1745 2038 1964 2100 contra
2017 2037 2250 2118 impios
2305 2041 2696 2120 separatores

398 2139 941 2218 commemorauit,
1027 2139 1315 2206 adtende.
1402 2141 1457 2204 si
1542 2140 1847 2206 adulteris
1931 2143 2502 2222 communicabant,
2587 2145 2698 2226 qui

396 2245 868 2327 paenitentibus
926 2246 1232 2312 adulteris
1287 2266 1509 2330 pacem
1557 2248 1810 2325 dabant,
1875 2248 2188 2332 numquid
2232 2251 2351 2330 illi,
2411 2251 2520 2333 qui
2577 2251 2698 2316 hoc

398 2370 519 2417 non
558 2353 896 2432 faciebant,
946 2354 1219 2439 collegio
1258 2355 1744 2420 maculabantur
1789 2356 2104 2421 istorum?
2151 2359 2208 2423 si
2245 2361 2480 2434 autem,
2530 2359 2696 2442 quod

398 2459 637 2525 ueritas
675 2461 867 2525 habet
905 2463 971 2524 et
1007 2460 1178 2543 quod
1216 2461 1487 2526 ecclesia
1523 2462 1748 2527 men’to
1787 2465 1983 2540 tenet,
2019 2468 2190 2528 recte
2227 2464 2696 2547 paenitentibus

398 2566 701 2631 adulteris
758 2587 877 2650 pax
934 2567 1220 2647 dabatur,
1278 2568 1395 2647 illi,
1456 2569 1563 2652 qui
1619 2569 1682 2634 in
1741 2573 1951 2634 totum
2007 2570 2221 2635 locum
2277 2571 2696 2655 paenitentiae

398 2676 613 2738 contra
641 2673 961 2740 adulteros
992 2675 1392 2754 claudebant,
1432 2675 1626 2759 impie
1664 2677 1885 2759 utique
1916 2675 2206 2761 agebant,
2247 2677 2356 2759 qui
2393 2678 2696 2742 membris

399 2779 635 2845 Christi
710 2781 1048 2847 sanitatem
1112 2783 1429 2867 negabant
1503 2787 1570 2848 et
1633 2782 1846 2847 claues
1912 2781 2219 2848 ecclesiae
2290 2783 2697 2866 pulsantibus

398 2885 857 2952 subtrahebant
909 2890 974 2952 et
1036 2888 1672 2956 misericordissimae
1735 2889 2077 2972 patientiae
2135 2889 2258 2967 dei,
2325 2907 2485 2972 quae
2549 2889 2696 2955 illos

396 2996 727 3076 propterea
782 2995 1030 3060 sinebat
1084 2995 1324 3074 uiuere,
1392 2999 1467 3061 ut
1530 2996 1910 3079 paenitendo
1966 2999 2336 3062 sanarentur
2389 2997 2696 3062 sacrificio

398 3100 654 3164 contriti
703 3102 969 3185 spiritus
1020 3104 1085 3166 et
1130 3102 1539 3168 contribulati
1588 3102 1794 3169 cordis
1845 3102 2077 3178 oblato,
2127 3103 2284 3168 dura
2320 3103 2698 3168 crudelitate

398 3210 614 3273 contra
677 3208 991 3274 dicebant.
1070 3227 1185 3274 nec
1251 3212 1461 3276 tamen
1538 3213 1698 3275 istos
1764 3209 2204 3276 misericordes
2262 3215 2326 3275 et
2399 3210 2696 3292 pacificos

397 3333 544 3379 cum
610 3316 701 3379 eis
762 3315 1121 3382 Christiana
1186 3321 1581 3382 sacramenta
1637 3317 2180 3382 communicantes
2239 3318 2304 3383 et
2360 3337 2468 3382 eos
2533 3317 2697 3380 intra

472 3649 496 3700 1
538 3647 717 3701 locum
752 3647 1123 3717 paenitentiae
1160 3648 1214 3702 L
1407 3648 1738 3702 adulterium
1783 3649 1830 3702 C
2007 3647 2286 3702 cluserunt
2333 3647 2494 3718 Cypr.
2535 3645 2694 3701 codd.

468 3733 536 3790 ab
576 3737 950 3806 episcoporum
988 3737 1145 3791 codd.
1170 3754 1207 3790 a
1280 3738 1315 3791 2
1354 3738 1467 3808 aut]
1508 3741 1772 3806 quantum
1809 3737 1866 3790 P
1936 3739 1968 3792 3
2010 3737 2244 3790 duritiae
2283 3737 2440 3793 codd.
2464 3754 2500 3790 α
2533 3737 2695 3806 Cypr.

468 3825 867 3880 obstinatione*
898 3827 1043 3894 (ficit
1082 3835 1155 3886 m)
1195 3827 1249 3880 L
1318 3833 1353 3880 4
1396 3825 1628 3882 dabatur
1664 3825 1786 3880 edd.
1817 3831 2104 3895 praetera
2139 3842 2240 3880 see.
2287 3825 2449 3895 Cypr.
2541 3827 2572 3878 5
2612 3841 2694 3878 se-

396 3919 677 3984 pareretur
702 3915 777 3970 M
809 3919 1089 3986 separetur
1116 3915 1171 3970 R
1242 3917 1275 3971 6
1306 3915 1606 3970 catholicae
1647 3916 1906 3970 ecclesiae
1935 3915 2055 3970 edd.
2084 3921 2312 3984 praeter
2333 3932 2370 3968 a
2395 3931 2494 3968 see.
2531 3915 2693 3984 Cypr.

398 4005 428 4057 7
468 4003 795 4074 disponebat
833 4007 889 4058 et
926 4004 1201 4074 dirigebat
1237 4004 1291 4058 P
1405 4004 1439 4058 9
1474 4003 1750 4058 uincenti*
1782 4005 1928 4070 (fuit
1961 4004 2003 4066 i)
2041 4003 2118 4056 M
2225 4002 2289 4057 10
2327 4001 2466 4056 nihil
2501 4018 2604 4056 om.
2643 4003 2697 4054 A

467 4094 735 4162 satagisse
772 4094 824 4147 L
936 4094 996 4148 11
1036 4094 1193 4147 uides
1231 4094 1373 4148 enim
1410 4110 1519 4148 non
1557 4092 1733 4146 solum
1774 4109 1892 4146 eum
1933 4091 2324 4163 parturientem
2355 4091 2410 4146 R
2523 4093 2588 4145 16
2615 4091 2696 4145 illi

396 4199 500 4240 om.
534 4183 603 4238 N
708 4182 773 4238 18
810 4183 1005 4237 merito
1045 4182 1272 4237 ecclesia
1297 4182 1354 4237 R
1450 4181 1521 4236 20
1561 4181 2004 4252 qui—negabant
2031 4197 2133 4236 om.
2163 4181 2226 4236 N
2323 4183 2387 4235 21
2422 4180 2700 4250 negabant

394 4273 458 4326 in
493 4273 606 4339 fine
638 4289 693 4326 u.
732 4287 835 4326 om.
874 4271 929 4325 P
1034 4273 1103 4326 23
1140 4271 1511 4342 sacrificioque
1548 4271 1605 4325 P
1721 4271 1792 4325 24
1830 4271 2012 4325 ablato
2057 4271 2104 4324 C
2247 4270 2516 4332 crulitate‚
2557 4285 2695 4324 corr.

394 4379 463 4414 m.
485 4365 516 4414 1
554 4360 878 4415 crudelitate
916 4361 987 4415 M
