3184 4959
597 432 724 496 618
1317 428 1369 482 S.
1427 428 1705 482 Aureli
1758 429 2202 498 Augustini

595 625 964 708 gregatione
1004 624 1468 689 communionis
1518 623 1753 689 eiectos
1800 622 2087 706 loquitur
2123 624 2477 708 Bagaiense
2525 625 2897 690 concilium:

593 731 946 810 ‘Veridica‘‚
1029 731 1258 814 inquit,
1333 729 1523 796 ‘unda
1603 730 1668 794 in
1744 749 2001 814 asperos
2076 731 2377 814 scopulos
2450 732 2897 797 nonnullorum

593 837 900 922 naufraga
934 837 1218 920 proiecta
1256 841 1408 902 sunt
1443 836 1755 913 membra3
1804 836 2263 919 Aegyptiorum
2312 837 2653 902 admodum
2690 856 2897 902 exem·

591 944 697 1024 plo
763 943 1164 1027 pereuntium
1226 943 1554 1008 funeribus
1618 943 1807 1025 plena
1864 946 2015 1008 sunt
2067 943 2275 1022 litora,
2344 943 2577 1026 quibus
2634 942 2697 1008 in
2753 943 2896 1024 ipsa

592 1054 794 1114 morte
852 1050 1054 1115 maior
1099 1054 1198 1115 est
1252 1068 1475 1132 poena,
1534 1049 1703 1132 quod
1750 1053 1901 1130 post
1947 1051 2256 1114 extortam
2314 1049 2497 1132 aquis
2553 1049 2892 1114 ultricibus
2958 1069 2985 1106 ει

593 1155 868 1218 animam
917 1173 1032 1220 nec
1078 1154 1284 1238 ipsam
1333 1154 1667 1220 inueniunt
1714 1153 2151 1238 sepulturam'.
2210 1173 2283 1218 ex
2328 1155 2447 1220 hac
2493 1155 2681 1220 turba
2723 1173 2893 1220 mor·

591 1265 846 1326 tuorum
913 1261 1095 1344 quasi
1169 1261 1631 1326 reuiuiscentes
1696 1259 2090 1326 Felieianum
2156 1263 2222 1324 et
2282 1261 2753 1326 Praetextatum
2828 1261 2891 1326 in

591 1369 727 1433 suis
785 1367 1133 1433 honoribus
1191 1367 1571 1450 suscepistis
1621 1370 1687 1432 et
1741 1367 1818 1432 ab
1868 1367 1959 1432 eis
2017 1368 2081 1432 in
2126 1368 2242 1432 illa
2286 1371 2489 1433 morte
2537 1366 2891 1449 baptizatos

587 1493 711 1540 non
776 1473 1245 1559 rebaptizastiS,
1313 1473 1461 1556 quia
1525 1474 1920 1556 baptismum
1977 1473 2211 1540 Christi
2275 1473 2431 1540 foris
2495 1473 2715 1538 datum
2776 1491 2893 1554 per

589 1586 875 1647 mortuos
941 1581 1210 1646 mortuis
1275 1599 1399 1644 non
1464 1579 1787 1662 prodesse,
1863 1579 2130 1646 eundem
2194 1583 2409 1645 tamen
2472 1580 2683 1662 ipsum
2746 1598 2889 1662 pro·
2930 1603 2985 1640 ιο

588 1687 771 1752 desse
858 1686 1032 1752 intus
1131 1685 1669 1751 reuiuiscentibus
1752 1686 2132 1770 agnouistis.
2216 1687 2588 1771 proponitur
2674 1685 2887 1751 nobis:

591 1793 873 1859 Oleum
957 1793 1428 1876 peccatoris
1511 1813 1660 1859 non
1754 1793 2193 1878 inpinguet
2275 1797 2521 1877 caput
2600 1787 2883 1862 meum:

587 1899 1003 1984 respondetur
1052 1901 1172 1965 hoc
1228 1900 1539 1982 scriptum
1596 1899 1673 1964 de
1730 1900 2157 1965 assentatione
2222 1900 2351 1964 leni
2415 1903 2605 1981 atque
2670 1898 2884 1963 fallaci

591 2005 804 2071 blandi
841 2006 1188 2072 adulatoris
1235 2006 1546 2090 intellegi,
1594 2007 1745 2089 quia
1790 2007 2097 2090 unguitur
2144 2009 2209 2071 et
2254 2006 2487 2072 crescit
2531 2005 2621 2071 eis
2670 2009 2884 2088 eaput,

589 2131 736 2178 cum
799 2113 1140 2178 laudantur
1193 2116 1558 2196 peccatores
1616 2113 1679 2178 in
1736 2113 2067 2178 desideriis
2124 2111 2372 2177 animae
2426 2131 2579 2178 suae
2636 2115 2717 2190 et,
2774 2111 2885 2193 qui
2928 2138 2987 2176 ιε»

587 2219 808 2302 iniqua
837 2221 1102 2304 egerint,
1142 2219 1613 2287 benedicentur.
1654 2219 1824 2302 quod
1854 2239 1927 2284 ex
1953 2219 2160 2302 priore
2189 2237 2381 2284 uersu
2411 2219 2568 2284 satis
2596 2222 2883 2300 apparet;

587 2325 679 2390 sic
722 2326 890 2391 enim
935 2325 1146 2410 posita
1195 2330 1296 2393 est
1341 2331 1479 2392 tota
1525 2327 1867 2392 sententia:
1916 2325 2399 2390 Emendabit
2443 2344 2558 2390 me
2605 2324 2883 2389 iustus

586 2430 658 2496 in
727 2432 1304 2498 misericordia
1361 2437 1440 2498 et
1494 2437 1787 2516 arguet
1832 2452 1977 2510 me3
2046 2433 2309 2499 oleum
2380 2434 2647 2497 autem
2714 2449 2885 2514 pec·

589 2540 904 2605 catoris
961 2559 1109 2604 non
1166 2540 1701 2624 inpinguabit
1746 2543 1990 2622 caput
2044 2557 2317 2605 meum.
2372 2539 2565 2604 malle
2613 2557 2681 2602 se
2727 2536 2887 2601 dixit

583 2646 796 2710 ueraci
831 2646 1259 2712 misericordis
1299 2647 1675 2712 austeritate
1714 2646 2033 2729 compesci
2072 2665 2264 2728 quam
2301 2644 2662 2728 deceptoria
2693 2642 2883 2708 laude
2922 2673 2987 2712 ιο

581 2751 862 2817 fallentis
909 2752 1146 2820 extolli.
1197 2752 1312 2817 sed
1359 2772 1482 2834 quo
1531 2752 1721 2818 modo
1765 2752 1927 2816 libet
1970 2751 2091 2817 hoc
2136 2752 2550 2836 intellegatis,
2600 2753 2767 2816 certe
2814 2749 2880 2814 in

581 2859 696 2938 eis,
753 2877 912 2940 quos
967 2859 1032 2922 in
1090 2858 1422 2944 sacrilegio
1479 2858 1849 2924 Maximiani
1901 2859 2263 2925 Felicianus
2320 2863 2385 2923 et
2438 2859 2879 2923 Praetextatus

579 2964 1087 3048 baptizauerunt‚
1155 2968 1269 3030 aut
1331 2968 1735 3048 peccatorum
1801 2965 2013 3030 oleum
2079 2965 2453 3048 suscepistis
2519 2969 2633 3031 aut
2686 2963 2881 3028 etia-m

579 3071 1018 3152 peccatoribus
1075 3071 1582 3137 ministrantibus
1633 3072 1853 3136 datum
1903 3071 2140 3137 Christi
2196 3091 2339 3138 esse
2387 3073 2599 3138 oleum
2646 3089 2879 3155 cogno·

579 3179 796 3254 uistis;
843 3197 1046 3260 neque
1103 3179 1268 3243 enim
1325 3199 1447 3244 non
1505 3182 1681 3245 erant
1734 3186 2121 3263 peccatores»,
2181 3179 2431 3262 quando
2491 3178 2567 3244 de
2621 3179 2751 3243 illis
2806 3178 2875 3243 in
2915 3207 2979 3248 εὖ

754 3406 896 3459 2-6
941 3403 1081 3474 Aug.
1133 3409 1322 3460 contra
1367 3404 1619 3461 Crescon.
1664 3407 1803 3460 Don.
1851 3406 1928 3460 IV
1978 3407 2069 3469 18;
2119 3409 2307 3460 contra
2356 3405 2627 3462 Gaudent.
2664 3405 2802 3459 Don.
2846 3403 2875 3458 1

576 3496 668 3558 54;
708 3497 901 3548 contra
933 3493 1046 3548 litt.
1085 3493 1342 3549 Petiliani
1377 3494 1406 3548 I
1447 3495 1541 3559 11;
1583 3495 1639 3548 11
1682 3496 1745 3548 16
1902 3495 1993 3557 12;
2038 3497 2101 3550 17
2142 3495 2231 3549 Ps.
2276 3495 2396 3558 140,
2435 3497 2467 3550 5

648 3618 673 3671 1
717 3619 1108 3672 communionis
1147 3621 1566 3690 congregatione
1614 3621 1668 3675 U
1844 3621 2139 3690 uagalense
2177 3621 2233 3674 P
2266 3622 2561 3690 uagaiense
2606 3620 2715 3674 VU
2745 3619 2870 3675 edd.

573 3708 606 3761 3
645 3707 955 3778 admodum]
996 3707 1390 3778 quodammodo
1437 3709 1549 3763 VU
1579 3709 1701 3763 edd.
1858 3713 1891 3764 5
1930 3711 2056 3779 post
2093 3711 2322 3764 eiectam
2368 3708 2480 3764 VU
2495 3709 2563 3763 lr
2597 3726 2693 3780 per
2728 3710 2871 3763 eiec-

572 3799 683 3850 tam
721 3813 748 3848 8
893 3797 1021 3865 aqui
1058 3796 1344 3853 ultricibus
1391 3796 1506 3851 VU
1534 3804 1585 3853 et
1625 3797 1756 3851 add.
1794 3798 1859 3850 in
1894 3814 2068 3866 marg).
2108 3799 2426 3852 coniectura
2462 3797 2617 3868 aquis
2660 3796 2869 3851 ultrici-

571 3885 672 3938 bus
711 3885 780 3938 lr
963 3886 1023 3939 11
1065 3885 1474 3949 reuiscentibus,
1515 3901 1654 3940 corr.
1692 3903 1759 3940 m.
1786 3891 1814 3938 1
1860 3885 2317 3941 reuiuiscentibus
2352 3886 2409 3940 P
2594 3885 2704 3940 1111
2742 3903 2865 3955 pro-

567 3973 789 4043 ponitur
825 3973 879 4026 P
1086 3973 1151 4027 12
1185 3972 1511 4044 inpinganet
1547 3975 1602 4028 P
1634 3970 2037 4046 inpinguabit?
2072 3977 2143 4045 cf.
2182 3993 2238 4032 u.
2278 3978 2353 4028 19
2571 3976 2637 4029 14
2679 3991 2785 4044 qua
2812 3991 2868 4028 m

642 4063 880 4131 ungitur,
920 4077 1056 4116 corr.
1095 4067 1215 4116 m.1
1253 4063 1515 4132 unguitur
1542 4065 1599 4118 P
1686 4066 1751 4118 16
1776 4063 2171 4118 benedicuntur
2196 4080 2295 4118 sm
2370 4064 2436 4118 17
2474 4063 2787 4118 emendauit
2813 4063 2873 4116 P

573 4151 639 4204 19
675 4151 816 4204 male
850 4151 906 4204 P
1011 4151 1082 4206 20
1118 4152 1502 4206 misericordiis
1539 4153 1594 4206 P
1736 4155 2044 4208 conuesceri
2079 4154 2134 4207 P
2168 4154 2375 4207 conseri
2414 4152 2526 4208 VU
2554 4158 2606 4206 et
2642 4153 2771 4206 add.
2800 4153 2867 4206 in

566 4255 737 4309 mary.
776 4240 1093 4294 coniectum-a
1131 4241 1336 4295 conteri
1377 4243 1445 4295 lr
1481 4242 1690 4296 conteri
1724 4259 1851 4311 sm;
1883 4243 2085 4311 scripsi
2120 4243 2388 4312 compesci
2514 4242 2579 4296 21
2620 4241 2723 4295 hoc
2759 4258 2864 4297 om.

575 4326 686 4381 VU
719 4327 838 4382 edd.
949 4329 1019 4382 22
1055 4329 1334 4382 maximini
1371 4330 1427 4383 P
1531 4331 1603 4384 24
1638 4335 1986 4401 peccatorum
2024 4331 2223 4385 codd]
2244 4347 2320 4385 εν
