3184 4959
521 415 650 480 612
1229 410 1283 465 S.
1340 410 1617 464 Aureli
1672 409 2105 480 Augustini

523 627 592 674 se
649 626 851 690 nuper
896 605 1254 672 ordinatum
1309 605 1508 688 patris
1565 604 1669 670 sui
1720 604 2001 670 iudicem
2061 624 2201 670 esse
2254 623 2379 669 non
2434 623 2644 687 posse,
2700 603 2817 669 sed

523 716 589 779 in
625 715 712 792 id,
753 714 921 796 quod
951 733 987 778 a
1022 713 1338 796 prioribus
1377 711 1514 776 suis
1554 711 1887 794 acceperit,
1926 730 2313 795 permanere.
2352 710 2524 794 quod
2557 729 2815 776 necesse

521 821 864 887 habuimus
919 820 1020 884 his
1072 819 1307 884 litteris
1355 818 1681 884 sanctitati
1725 821 1873 883 tuae
1928 818 2305 903 significare.
2358 817 2819 882 beatitudinem

521 931 700 994 tuam
747 928 928 993 nobis
977 926 1270 992 dominus
1319 925 1659 997 custodiat.
1706 925 1959 991 domine
2004 929 2203 1008 pater.

1565 1119 1789 1185 cvm.
2885 1164 2912 1200 ὁ

731 1257 1025 1314 DOMINO
1065 1257 1375 1314 DILECTO
1413 1257 1683 1312 FRATRI
1718 1257 2099 1313 MAOROBIO
2138 1256 2615 1312 AUGUSTINUS.

417 1391 504 1453 Il
622 1385 948 1452 Carissimi
1010 1384 1128 1450 filii
1191 1385 1338 1463 mei,
1403 1385 1804 1451 honorabiles
1868 1385 2014 1462 uiri,
2082 1404 2227 1450 cum
2285 1385 2363 1450 ad
2417 1387 2595 1450 tuam
2648 1384 2823 1448 beni-

529 1493 876 1558 uolentiam
917 1491 1296 1557 adtulissent
1339 1491 1587 1557 litteras
1624 1510 1823 1570 meae,
1872 1491 2104 1574 quibus
2144 1491 2442 1558 admonui
2477 1492 2823 1576 rogauique

529 1603 614 1676 te,
672 1619 750 1664 ne
807 1598 1268 1663 subdiaconum
1323 1601 1613 1664 nostrum
1667 1598 2110 1682 rebaptizareS,
2166 1599 2624 1681 rescripserunt
2666 1599 2823 1663 mihi

529 1711 592 1770 te
645 1704 1083 1789 respondisse:
1132 1705 1292 1769 ‘Non
1348 1722 1615 1786 possum
1672 1705 1796 1769 nisi
1844 1703 1923 1770 ad
1968 1724 2070 1769 me
2126 1706 2456 1770 uenientes
2504 1705 2823 1788 suscipere
2868 1733 2921 1770 ιο

531 1817 595 1876 et
651 1811 742 1876 eis
799 1810 1010 1888 fidem,
1070 1829 1259 1893 quam
1314 1809 1805 1893 postulauerint,
1866 1811 2052 1877 dare'.
2110 1815 2177 1874 et
2226 1813 2461 1887 tamen,
2520 1811 2574 1876 si
2630 1811 2708 1876 ad
2762 1815 2825 1875 te

529 1921 778 1984 uenerit
838 1917 900 1981 in
968 1919 1182 1981 uestra
1246 1917 1686 1982 communione
1750 1917 2135 1998 baptizatuS,
2202 1917 2313 1999 qui
2369 1918 2477 1983 diu
2543 1937 2579 1982 a
2641 1917 2825 1983 uobis

531 2029 861 2108 separatus
916 2023 1060 2103 fuit,
1121 2027 1186 2087 et
1238 2042 1349 2107 per
1402 2021 1821 2108 ignorantiam
1879 2043 1946 2088 se
2000 2025 2325 2107 putauerit
2369 2025 2573 2090 denuo
2630 2023 2831 2108 bapti-

531 2131 800 2196 zandum
856 2130 1048 2213 idque
1103 2131 1486 2216 poposcerit,
1545 2151 1693 2196 cum
1746 2131 2095 2214 quaesieris
2152 2135 2218 2197 et
2262 2131 2661 2216 cognoueriS,
2718 2131 2829 2195 ubi

529 2238 722 2303 fuerit
766 2238 1146 2321 baptizatus,
1196 2237 1472 2322 suscipis
1511 2237 1765 2320 quidem
1816 2237 1897 2302 ad
1940 2241 2005 2303 te
2052 2237 2411 2303 uenientem
2456 2257 2571 2302 nec
2616 2242 2825 2302 tamen
2876 2265 2928 2302 ιε

533 2345 590 2410 ei
647 2345 779 2427 da8‚
847 2363 1037 2427 quam
1099 2344 1407 2429 postulat,
1473 2345 1685 2423 fidem,
1753 2345 1869 2410 sed
1934 2345 2123 2410 doces
2190 2345 2513 2412 hominem
2574 2345 2825 2417 habere,

536 2451 704 2533 quod
748 2452 932 2533 petit,
989 2471 1106 2517 nec
1150 2451 1346 2516 uerba
1391 2452 1658 2516 errantis
1706 2452 2014 2532 adtendiS,
2071 2453 2185 2518 sed
2231 2453 2521 2518 studium
2567 2451 2827 2518 adhibes

536 2558 928 2645 corrigentis,
991 2559 1158 2626 male
1216 2579 1366 2644 ergo
1427 2559 1705 2638 dantem,
1770 2558 1941 2641 quod
2002 2561 2129 2624 iam
2187 2559 2461 2626 dandum
2526 2580 2649 2625 non
2706 2563 2826 2636 est,

537 2667 604 2730 et
638 2669 1122 2745 sacramentum,
1164 2667 1331 2749 quod
1364 2666 1584 2732 datum
1615 2669 1731 2744 est,
1771 2666 2116 2732 uiolantem
2156 2687 2315 2733 suus
2344 2687 2514 2735 error
2548 2673 2827 2745 accusat,

537 2791 658 2838 non
705 2774 983 2856 petentis
1029 2777 1308 2840 excusat.
1365 2774 1468 2838 dic
1513 2773 1732 2856 itaque
1778 2773 1957 2852 mihi,
2015 2775 2276 2839 obsecro
2322 2779 2409 2855 te,
2466 2795 2591 2859 quo
2638 2775 2826 2841 modo
2868 2801 2927 2838 ιο

535 2898 660 2944 non
707 2879 958 2959 habeat,
1009 2879 1118 2962 qui
1161 2881 1397 2962 petiuit
1443 2879 1556 2945 abs
1604 2883 1689 2959 te,
1746 2879 1913 2962 quod
1968 2880 2095 2945 iam
2144 2885 2476 2966 acceperat
2528 2901 2641 2966 per
2684 2889 2827 2948 me?

541 2985 595 3050 si
662 2989 914 3069 propter
977 2987 1244 3052 alienam
1311 3005 1542 3070 aquam
1599 2992 1662 3052 et
1716 2986 1991 3050 alienum
2058 2987 2319 3070 fontem,
2387 2991 2558 3071 quod
2626 2991 2833 3056 solent

540 3091 768 3166 dicere,
835 3091 944 3173 qui
1007 3111 1130 3157 non
1192 3092 1596 3177 intellegunt,
1673 3093 1823 3175 quia
1886 3093 2197 3176 scriptum
2260 3098 2389 3160 est:
2454 3096 2560 3160 Ab
2630 3117 2831 3180 aqua

540 3197 811 3262 aliena
877 3197 1200 3263 abstine
1266 3201 1345 3264 te
1411 3202 1488 3262 et
1553 3197 1641 3262 de
1708 3199 1932 3263 fonte
2000 3199 2266 3265 alieno
2332 3219 2421 3264 ne
2496 3203 2829 3282 biberiS,

539 3303 897 3368 Felicianus
947 3305 1194 3387 quando
1254 3307 1582 3388 separatus
1632 3308 1730 3370 est
1786 3325 1823 3369 a
1877 3305 2065 3371 uobis
2110 3307 2173 3371 in
2221 3309 2395 3389 parte
2440 3308 2831 3388 Maximiani,
2869 3333 2923 3370 ,ᾗ

723 3495 861 3547 1-2
909 3495 976 3548 cf.
1023 3513 1077 3566 p.
1125 3496 1246 3558 613,
1297 3496 1499 3560 9—10;
1544 3496 1754 3550 18—20
2010 3499 2213 3552 10—11
2258 3523 2323 3543 =
2364 3517 2413 3568 p.
2455 3500 2578 3564 611,
2618 3502 2833 3555 21—22

542 3581 609 3634 ‘23
651 3581 908 3652 Septuag.
949 3581 1173 3656 Παροιμ.
1213 3586 1262 3649 9,
1306 3585 1369 3638 18

617 3690 642 3742 1
685 3691 845 3758 patri,
885 3706 1022 3744 corr.
1060 3707 1130 3744 m.
1153 3695 1183 3744 1
1220 3693 1393 3761 patris
1432 3692 1487 3744 P
1627 3693 1661 3747 2
1700 3693 1755 3747 id
1794 3695 1855 3747 in
1892 3711 2005 3750 ras,
2044 3699 2163 3752 m.1
2198 3695 2255 3748 P
2393 3696 2427 3750 3
2463 3697 2729 3760 nuntiare,
2769 3697 2833 3750 in

541 3794 709 3848 marq.
750 3779 835 3832 als
875 3779 1177 3849 significare
1225 3779 1280 3834 U

720 3901 876 3956 Idem
913 3903 1139 3970 codeces,
1175 3906 1272 3973 qui
1306 3905 1370 3960 in
1407 3905 1649 3974 epistula
1690 3905 1878 3960 CVII.

728 4025 1104 4081 Louanimses
1139 4027 1289 4080 hanc
1335 4029 1628 4096 epistulam
1665 4029 1729 4082 in
1776 4029 2066 4085 Vaticanis
2119 4032 2520 4100 exemplaribus
2562 4039 2833 4102 repertam

535 4114 708 4182 primi
743 4113 1047 4168 edidevwnt.

620 4221 681 4273 ll
726 4219 774 4272 ei
821 4219 872 4272 V
981 4221 1046 4274 18
1083 4222 1189 4274 iam
1229 4239 1328 4276 om.
1380 4221 1434 4274 U
1530 4224 1596 4276 19
1638 4228 1721 4277 est
1745 4241 1845 4278 om.
1876 4225 1931 4278 P
2025 4225 2095 4279 ‘20
2130 4227 2373 4296 potentis
2410 4226 2523 4281 VU
2537 4228 2559 4281 1
2651 4227 2719 4282 23
2750 4227 2830 4282 di-

547 4324 664 4362 cere
702 4323 803 4361 om.
845 4307 898 4360 P
1038 4310 1105 4364 ab
1145 4321 1288 4378 aqua
1325 4311 1504 4365 aliena
1539 4313 1594 4366 P
1702 4314 1773 4366 24
1808 4315 1898 4383 ne]
1938 4330 2046 4368 non
2094 4315 2147 4368 U
