3184 4959
407 1089 449 1146 4

495 462 623 524 390
1218 461 1288 514 .S.
1346 459 1625 514 Aureli
1681 455 2113 530 Augustini

496 656 726 732 causis,
796 655 965 737 qnod
1030 655 1205 720 nullo
1270 655 1460 721 modo
1526 655 1912 720 intellecturi
1979 660 2146 733 sunt,
2215 656 2338 720 nisi
2403 657 2582 720 illam
2644 675 2800 730 rem,

497 781 685 844 quam
736 781 983 844 semper
1028 761 1377 846 presbyteri
1425 782 1564 829 esse
1612 766 2020 846 putauerunt,
2070 781 2289 828 eorum
2337 763 2562 828 usibus
2617 763 2800 827 relin-

498 887 790 950 quamu8‚
858 869 1005 950 quia
1070 873 1153 948 et,
1220 869 1275 934 si
1342 869 1481 935 eius
1546 887 1668 934 non
1727 873 1879 944 erat,
1936 869 2058 936 hoc
2115 870 2191 934 ab
2249 867 2432 934 initio
2491 870 2650 934 seire
2701 869 2802 933 de-

494 974 781 1040 buerant.

586 1081 855 1145 Videtur
917 1081 1133 1165 itaque
1198 1082 1357 1146 milii
1420 1083 1573 1148 haec
1641 1085 1864 1167 regula
1927 1103 2066 1148 esse
2131 1084 2194 1147 in
2273 1084 2461 1148 rebus
2535 1083 2802 1148 huiusce
2867 1105 2895 1144 ⁵

494 1188 671 1253 modi
732 1189 1079 1267 retinenda,
1144 1193 1237 1266 ut,
1287 1191 1596 1275 quicquid
1651 1209 1724 1256 eo
1781 1191 1938 1270 iure,
1996 1211 2118 1273 quo
2174 1192 2330 1256 talia
2373 1191 2801 1274 possidentur,

501 1295 637 1360 eius
702 1295 915 1374 fuerit,
987 1297 1095 1378 qui
1154 1295 1390 1361 alicubi
1446 1296 1714 1362 clericus
1772 1297 2115 1376 ordinatur,
2173 1297 2250 1361 ad
2307 1317 2442 1362 eam
2491 1297 2806 1380 pertineat

502 1402 860 1480 ecclesiam,
918 1403 983 1466 in
1042 1422 1167 1486 qua
1222 1403 1565 1468 ordinatur.
1631 1423 1834 1487 usque
1891 1405 2045 1470 adeo
2105 1409 2316 1470 autem
2385 1403 2604 1469 eodem
2670 1405 2802 1468 iure

500 1508 853 1592 presbyteri
888 1509 1199 1574 Honorati
1248 1514 1349 1574 est
1394 1509 1575 1586 illud,
1625 1510 1790 1576 unde
1838 1511 2067 1596 agitur,
2115 1515 2190 1575 ut
2233 1531 2354 1575 non
2405 1513 2612 1576 solum
2651 1511 2804 1575 alibi

504 1616 829 1680 ordinatus
888 1615 1001 1682 sed
1058 1617 1263 1680 adhuc
1318 1617 1381 1680 in
1431 1617 1808 1703 Tagastensi
1863 1619 2248 1683 monasterio
2305 1611 2700 1682 constitutus
2745 1617 2800 1680 si
2847 1637 2896 1674 ιο

502 1742 567 1786 re
618 1741 733 1787 sua
780 1742 901 1787 non
951 1722 1209 1787 uendita
1254 1742 1368 1788 nec
1413 1743 1525 1807 per
1570 1725 1974 1789 manifestam
2021 1724 2422 1788 donationem
2469 1725 2530 1788 in
2591 1743 2804 1806 quem-

502 1829 673 1912 piam
732 1829 1039 1894 translata
1090 1833 1457 1906 moreretur,
1516 1851 1637 1895 non
1694 1830 1817 1894 nisi
1873 1831 2136 1896 heredes
2185 1830 2320 1895 eius
2368 1831 2430 1895 in
2480 1850 2618 1896 eam
2665 1849 2804 1894 suc--

508 1934 816 2010 cederent,
866 1935 1035 2000 sicut
1078 1937 1269 2002 frater
1304 1937 1698 2002 Aemilianus
1746 1938 1807 2002 in
1855 1937 2001 2003 illos
2048 1937 2308 2022 triginta
2355 1935 2592 2002 solidos
2629 1932 2807 2000 fratri

506 2042 767 2106 Priuato
816 2043 1150 2107 successit.
1200 2043 1355 2108 haec
1404 2063 1552 2128 ergo
1601 2049 1747 2109 ante
1795 2044 2226 2126 praecauenda
2271 2049 2449 2112 sunt:
2499 2044 2554 2108 si
2593 2046 2806 2108 autem

508 2151 849 2231 praecauta
921 2169 1044 2215 non
1118 2150 1371 2221 fuerint,
1449 2169 1523 2215 ea
1594 2151 1730 2215 iura
1804 2154 1896 2216 eis
1969 2171 2224 2216 seruare
2302 2154 2568 2232 oportet,
2645 2167 2806 2232 quae
2847 2167 2898 2206 ιδ

508 2255 749 2320 talibus
814 2257 1119 2321 habendis
1186 2257 1289 2322 uel
1354 2277 1475 2322 non
1531 2258 1836 2323 habendis
1894 2258 2236 2322 secundum
2297 2257 2554 2322 ciuilem
2611 2255 2808 2321 socie-

508 2365 708 2430 tatem
773 2363 925 2428 sunt
985 2364 1301 2442 instituta,
1368 2367 1442 2428 ut
1506 2364 1583 2428 ab
1651 2365 1818 2429 omni
1883 2384 2006 2428 non
2063 2365 2266 2429 solum
2324 2383 2388 2428 re
2445 2362 2555 2428 sed
2615 2363 2804 2428 etiam

510 2469 723 2552 specie
805 2469 1103 2554 maligna,
1190 2475 1499 2554 quantum
1582 2489 1946 2554 possumus,
2031 2491 2142 2536 nos
2227 2472 2658 2536 abstineamus
2742 2473 2808 2534 et

510 2576 741 2640 bonam
812 2575 1047 2640 famam
1130 2577 1567 2642 custodiamus
1653 2577 2110 2660 dispensationi
2194 2581 2443 2641 nostrae
2525 2577 2804 2640 multum

510 2683 951 2747 necessariam.
1019 2703 1207 2766 quam
1263 2703 1412 2749 uero
1470 2684 1716 2766 species
1771 2685 2050 2768 maligna
2105 2685 2209 2760 sit,
2259 2685 2550 2748 aduertat
2595 2687 2812 2749 sancta
2847 2701 2900 2738 το

510 2789 845 2872 prudentia
898 2793 1029 2856 tua.
1096 2794 1355 2873 excepta
1407 2791 1664 2855 illorum
1711 2791 1992 2870 tristitia,
2043 2810 2231 2874 quam
2281 2791 2518 2874 experti
2565 2811 2809 2866 sumus,

514 2913 591 2958 ne
658 2896 811 2977 quid
874 2897 1037 2960 forte
1092 2896 1230 2978 ipse
1288 2897 1553 2976 fallerer,
1616 2898 1785 2962 sicut
1837 2897 1972 2962 fieri
2021 2899 2204 2976 solet,
2255 2897 2405 2962 dum
2453 2898 2514 2962 in
2565 2902 2812 2962 senten-

513 3000 671 3064 tiam
726 3021 933 3066 meam
989 3003 1335 3084 procliuior
1390 3023 1546 3083 erro,
1597 3004 1844 3068 narraui
1893 3023 2150 3070 causam
2195 3004 2375 3069 fratri
2421 3007 2484 3070 et
2532 3004 2810 3088 collegae

518 3110 732 3173 nostro
790 3107 1120 3174 Samsucio
1187 3109 1461 3174 nondum
1530 3111 1768 3186 dicenS,
1837 3111 2002 3193 quod
2065 3111 2222 3175 mihi
2285 3111 2474 3176 modo
2535 3110 2812 3177 uidetur.

520 3212 631 3278 sed
684 3214 847 3279 illud
902 3214 1118 3298 potius
1174 3216 1543 3300 adiungens,
1594 3215 1760 3298 quod
1811 3217 2061 3300 utrique
2107 3221 2394 3283 nostrum
2443 3217 2655 3282 uisum
2703 3217 2810 3293 sit,
2847 3233 2904 3274 25

521 3340 663 3383 cum
730 3321 859 3384 illis
926 3322 1387 3388 resisteremus.
1461 3324 1875 3388 uehementer
1937 3324 2256 3389 exhorruit
2319 3327 2384 3389 et
2445 3324 2628 3389 nobis
2691 3323 2813 3388 hoc

520 3427 733 3491 uisum
809 3447 946 3492 esse
1021 3429 1287 3493 miratus
1364 3432 1463 3494 est
1532 3429 1710 3494 nulla
1781 3449 1848 3494 re
1913 3431 2036 3495 alia
2097 3436 2422 3514 permotus
2487 3431 2612 3495 nisi
2673 3431 2816 3512 ipsa

706 3739 769 3793 17
808 3739 833 3791 1
872 3739 1058 3793 Thess.
1099 3743 1149 3805 5,
1189 3742 1257 3794 22

595 3915 627 3967 2
666 3930 877 3984 semper
912 3931 1015 3968 om.
1062 3914 1116 3968 U
1220 3915 1251 3968 3
1292 3919 1413 3968 erut
1448 3913 1557 3969 VU
1651 3917 1683 3968 6
1721 3914 2004 3984 possident
2041 3915 2150 3968 VU
2248 3918 2278 3969 7
2317 3915 2616 3988 ordinatur]
2653 3917 2820 3972 fuerit

526 4007 691 4070 (exp.)
732 4001 1013 4058 ordinatur
1048 4002 1101 4056 U
1240 4001 1666 4057 ad—ordinatur
1693 4019 1794 4057 om.
1835 4003 1944 4058 VU
2044 4005 2102 4056 11
2139 4003 2507 4075 donationem]
2537 4009 2626 4060 tra
2655 4007 2818 4076 (exp.)

527 4089 873 4146 donationem
920 4092 976 4148 U
1130 4093 1194 4146 13
1233 4091 1421 4145 XXX²⁸
1462 4091 1511 4144 T
1667 4093 1737 4146 20
1774 4093 1978 4162 speties
2016 4096 2212 4162 (postr.
2254 4093 2289 4149 l.
2326 4111 2395 4147 m.
2419 4098 2458 4148 2
2491 4095 2555 4150 in
2591 4099 2726 4162 ras.)
2773 4095 2826 4148 V

526 4183 595 4234 22
633 4181 763 4248 quid
804 4187 861 4250 (q
900 4198 966 4234 em
1000 4181 1055 4252 f)
1102 4181 1155 4235 U
1256 4181 1473 4236 fallerer
1510 4185 1708 4250 (postr.
1751 4181 1784 4236 Ζ.
1823 4182 1883 4235 in
1919 4197 2032 4236 ras.
2071 4199 2140 4234 m.
2161 4186 2212 4252 1)
2249 4181 2300 4235 V
2387 4184 2454 4237 23
2495 4199 2612 4237 erro
2647 4183 2818 4254 (post.

526 4287 552 4322 r
589 4286 654 4323 ex
692 4287 721 4322 o
760 4275 897 4334 m.1)
936 4269 993 4325 R
1171 4271 1241 4324 24
1278 4271 1487 4338 nostro]
1526 4287 1647 4323 meo
1685 4270 1750 4322 H
1927 4271 2186 4324 samsutio
2223 4269 2290 4324 H
2323 4273 2566 4325 sanantio
2611 4270 2827 4326 ‘JRVL'

598 4359 757 4412 modo
796 4375 897 4413 om.
944 4359 1059 4412 ΤΗ
1161 4361 1229 4414 26
1268 4360 1367 4414 hoc
1404 4361 1561 4414 nobis
1608 4361 1660 4416 U
