3184 4959
383 1531 433 1570 10

133 2035 237 2100 III
271 2037 355 2100 23
385 2066 436 2106 15

382 2601 436 2640 20

1190 357 1718 427 epistularum
1775 355 2038 410 LXXXII.
2638 361 2764 424 375

464 553 845 620 humilitatis
914 554 1160 636 aceepit
1226 557 1415 636 atque
1479 554 1570 620 ita
1633 553 1836 618 rarius
1912 557 1976 618 et
2047 554 2331 620 sanctius
2411 557 2764 638 exemplum

465 661 735 743 posteris
801 662 1111 744 praebuit,
1178 681 1303 744 quo
1366 681 1489 727 non
1557 661 2068 746 dedignarentur,
2133 661 2340 726 sicubi
2396 661 2555 727 forte
2609 662 2766 728 recti

466 767 785 832 tramitem
849 767 1279 851 reliquissent,
1356 769 1547 833 etiam
1617 788 1652 832 a
1716 767 2173 849 posterioribus
2251 768 2500 853 corrigi,
2579 789 2764 852 quam

464 874 725 950 Paulus,
794 893 919 957 quo
984 873 1247 940 fidenter
1312 874 1617 940 auderent
1680 874 1871 940 etiam
1926 875 2200 940 minores
2253 877 2600 941 maioribus
2654 895 2764 960 pro

470 981 859 1046 defendenda
896 982 1265 1066 euangelica
1303 983 1571 1048 ueritate
1619 981 1800 1046 salua
1845 980 2116 1045 fraterna
2153 982 2413 1048 caritate
2449 981 2764 1050 resistere.

470 1109 613 1153 nam
662 1108 807 1153 cum
856 1089 1059 1154 satius
1108 1089 1193 1154 sit
1238 1109 1275 1153 a
1320 1089 1587 1154 tenendo
1637 1088 1858 1153 itinere
1907 1089 1968 1152 in
2009 1088 2181 1153 nullo
2223 1109 2410 1172 quam
2450 1089 2512 1154 in
2551 1089 2763 1172 aliquo

470 1195 803 1269 declinare,
860 1196 1065 1259 multo
1124 1198 1223 1260 est
1276 1197 1487 1260 tamen
1544 1194 1902 1260 mirabilius
1959 1197 2023 1258 et
2065 1193 2452 1259 laudabilius
2498 1195 2767 1260 libenter

470 1302 752 1385 accipere
830 1301 1247 1385 corrigentem
1333 1322 1518 1386 quam
1607 1301 1904 1366 audacter
1987 1302 2298 1386 corrigere
2384 1301 2762 1368 deuiantem.

469 1410 611 1474 laus
659 1409 871 1492 itaque
932 1407 1139 1474 iustae
1194 1409 1509 1474 libertatis
1565 1410 1628 1474 in
1689 1409 1886 1474 Paulo
1945 1411 2010 1474 et
2065 1413 2316 1474 sanctae
2379 1409 2764 1474 humilitatis

472 1516 531 1580 in
597 1515 807 1592 Petro,
884 1518 1189 1598 quantum
1266 1517 1424 1580 mihi
1497 1535 1608 1597 pro
1684 1517 1942 1581 modulo
2009 1535 2151 1580 meo
2219 1517 2492 1592 uidetur,
2559 1516 2763 1599 magis

470 1623 675 1686 fuerat
728 1621 1035 1688 aduersus
1093 1623 1581 1688 calumniantem
1633 1623 2049 1706 Porphyrium
2109 1622 2514 1699 defendenda,
2579 1643 2762 1704 quam

473 1734 545 1793 ut
591 1729 647 1794 ei
697 1729 949 1793 daretur
994 1729 1385 1796 obtrectandi
1433 1730 1635 1794 maior
1682 1729 1952 1806 occasio,
2003 1747 2126 1812 qua
2163 1731 2366 1793 multo
2406 1729 2764 1792 mordacius

473 1836 909 1900 criminaretur
967 1835 1355 1901 Christianos
1422 1835 1732 1901 fallaciter
1795 1837 1898 1900 uel
1967 1856 2113 1900 suas
2177 1837 2425 1900 litteras
2493 1835 2765 1900 scribere

472 1944 579 2007 uel
625 1942 725 2006 dei
774 1943 875 2008 sui
922 1947 1315 2008 sacramenta
1369 1947 1635 2025 portare.

562 2048 845 2133 Flagitas
904 2069 940 2113 a
994 2069 1118 2126 me,
1177 2053 1253 2113 ut
1306 2049 1583 2132 aliquem
1643 2050 1866 2114 saltem
1927 2069 2120 2114 unum
2181 2049 2528 2128 ostendam,
2581 2048 2763 2112 cuius

473 2158 535 2220 in
584 2156 703 2221 hac
747 2175 813 2220 re
862 2156 1239 2222 sententiam
1288 2156 1409 2221 sim
1459 2159 1740 2234 secutus,
1791 2177 1936 2220 cum
1983 2161 2055 2222 tu
2109 2159 2240 2220 tam
2296 2155 2510 2239 plures
2569 2156 2764 2220 nomi-

474 2263 667 2327 natim
716 2263 1333 2340 commemoraueriS,
1383 2264 1493 2346 qui
1536 2266 1604 2329 te
1649 2263 1712 2328 in
1763 2283 1856 2339 eo,
1906 2263 2073 2346 quod
2123 2263 2420 2341 adstruiS,
2479 2283 2765 2347 praeees-

475 2371 711 2446 serunt,
759 2372 1001 2449 petens,
1049 2371 1125 2433 ut
1168 2369 1229 2434 in
1280 2387 1353 2434 eo
1404 2368 1459 2432 si
1504 2373 1569 2433 te
1616 2371 2000 2452 reprehendo
2057 2372 2384 2444 errantem,
2439 2369 2646 2452 patiar
2699 2375 2764 2436 te

472 2495 673 2540 errare
722 2495 867 2540 cum
916 2476 1175 2551 talibuS,
1234 2496 1499 2560 quorum
1558 2495 1700 2561 eg0,
1765 2476 1984 2550 fateor,
2057 2477 2372 2540 neminem
2435 2475 2584 2560 legi.
2653 2477 2765 2541 sed

474 2601 618 2647 cum
665 2582 791 2648 sint
838 2581 1032 2647 ferme
1082 2603 1187 2648 sex
1234 2583 1340 2648 uel
1388 2589 1654 2667 septem,
1703 2583 1924 2648 horum
1977 2587 2274 2664 quattuor
2322 2582 2761 2647 auctoritatem

652 2806 859 2859 15—19
900 2805 967 2860 cf.
1004 2823 1057 2874 p.
1098 2807 1219 2870 290,
1260 2807 1400 2860 2—-5
1511 2806 1706 2876 20—p.
1747 2807 1870 2869 376,
1911 2809 1944 2862 6
1983 2807 2049 2862 cf.
2090 2826 2140 2878 p.
2181 2809 2302 2872 286,
2343 2809 2516 2862 2--11

545 2928 569 2981 1
612 2927 789 2998 adque
824 2928 926 2982 HI
1028 2928 1131 2998 ita]
1174 2933 1287 2982 tam
1326 2929 1377 2983 R
1488 2945 1636 2983 exem
1677 2933 1800 2994 (om.
1839 2930 2013 3000 plum)
2049 2931 2116 2984 H
2221 2933 2254 2984 2
2293 2930 2628 3000 praebebant
2661 2930 2768 3000 ΘΕ

543 3034 771 3086 quo—p.
813 3021 948 3082 382,
986 3023 1017 3072 1
1053 3018 1289 3088 epistula
1326 3035 1427 3073 om.
1468 3019 1575 3088 (ΒΕ
1751 3019 1894 3087 quod
1935 3017 1976 3072 I
2155 3019 2296 3073 sorte
2337 3023 2522 3088 (super
2561 3037 2586 3073 e
2628 3021 2758 3074 add.

471 3107 510 3175 i)
549 3107 589 3158 I
722 3109 857 3161 recti
896 3123 997 3161 om.
1038 3107 1077 3159 I
1107 3110 1253 3161 recte
1290 3107 1357 3161 H
1480 3109 1513 3162 3
1550 3108 1844 3168 tramitem,
1885 3124 2022 3162 corr.
2061 3125 2129 3161 m.
2152 3112 2181 3160 1
2217 3109 2492 3162 tramitem
2532 3111 2584 3162 A
2732 3125 2764 3160 a

469 3213 569 3250 om.
610 3195 673 3248 H
853 3197 1036 3266 quam]
1078 3197 1220 3266 quod
1257 3195 1331 3249 Ρ1
1510 3198 1545 3251 4
1582 3196 1808 3265 Paulus]
1849 3198 2042 3265 paulus
2079 3197 2179 3250 hoc
2219 3198 2334 3267 egit
2368 3195 2440 3250 12¹
2619 3195 2762 3266 quod

468 3283 697 3338 fidenter
734 3285 773 3338 I
804 3301 907 3353 quo
946 3285 1185 3339 fideliter
1220 3285 1273 3338 A
1313 3285 1648 3339 confidenter
1686 3291 1809 3352 (om.
1850 3292 1976 3356 quo)
2017 3285 2083 3340 H
2125 3303 2230 3356 quo
2271 3285 2602 3340 confidenter
2638 3287 2758 3340 edd.

540 3373 794 3426 audirent
829 3373 899 3428 H
1036 3373 1353 3444 maioribus]
1389 3374 1621 3428 maiores
1659 3373 1696 3427 1
1801 3375 1834 3428 5
1872 3373 2026 3428 salba.
2061 3373 2126 3426 H
2233 3375 2265 3428 6
2304 3391 2422 3429 curn
2459 3375 2523 3430 in
2549 3375 2669 3444 fine
2703 3393 2759 3429 u.

469 3477 571 3516 om.
610 3463 665 3514 A
825 3463 881 3516 in
920 3461 1417 3516 nullo-declinare
1456 3479 1557 3517 om.
1601 3463 1640 3515 I
1797 3463 1933 3516 alico
1973 3461 2039 3516 H
2215 3464 2246 3516 7
2283 3465 2458 3518 multo
2497 3464 2636 3518 enim
2677 3467 2762 3518 est

465 3554 645 3603 tamen
683 3549 859 3604 PMA
964 3551 998 3605 8
1040 3550 1322 3604 audaciter
1355 3551 1423 3605 H
1528 3553 1561 3606 9
1600 3552 1742 3621 laus]
1787 3557 1870 3605 est
1905 3552 2024 3606 laus
2052 3551 2124 3604 P¹
2167 3551 2286 3605 edd.
2399 3553 2540 3606 iuste
2577 3552 2620 3606 I
2648 3553 2762 3606 iust

470 3639 631 3706 (εἰσί)
670 3639 739 3692 Η
846 3640 1152 3708 10.quant0
1193 3639 1259 3692 H
1291 3656 1428 3709 quae
1468 3645 1730 3710 quantum
1770 3640 1890 3696 edd.
2011 3641 2153 3708 meo}
2195 3657 2280 3694 me
2319 3641 2374 3692 P
2477 3641 2690 3710 mag-nis
2732 3641 2769 3693 Ῑ

470 3729 531 3781 11
554 3734 684 3797 post
702 3728 1057 3798 Porphyrium
1086 3746 1155 3784 m.
1178 3733 1217 3783 2
1246 3729 1377 3782 add.
1410 3731 1613 3784 ueritas
1630 3729 1710 3783 Ρι
1822 3731 1886 3784 12
1918 3737 2024 3800 qua.
2043 3729 2114 3782 Μ
2139 3731 2238 3802 (’-ν
2261 3729 2426 3800 eras.)
2448 3733 2500 3782 A
2531 3747 2690 3798 quam
2709 3729 2764 3782 P

468 3818 533 3871 13
572 3817 895 3872 christianas
930 3818 998 3870 H
1032 3817 1339 3872 christianis
1379 3818 1553 3874 PMA
1710 3822 1774 3875 14
1805 3819 1916 3890 dei]
1957 3820 2024 3874 de
2062 3822 2096 3874 1
2241 3821 2324 3874 sui
2361 3821 2401 3890 (i
2437 3821 2502 3874 in
2537 3835 2650 3873 ras.
2688 3835 2758 3874 m.

467 3912 527 3959 ut
562 3907 678 3960 uid.
717 3908 769 3976 1)
808 3907 877 3960 P¹
914 3923 1013 3960 sua
1050 3907 1171 3960 PM
1308 3910 1543 3978 portare]
1584 3912 1818 3963 tractare
1847 3907 1950 3962 HI
2054 3911 2119 3966 15
2159 3910 2314 3978 flagi·
2341 3909 2396 3962 P
2535 3909 2759 3963 hosten-

465 3993 587 4048 ‹lam
622 3995 663 4047 1
772 3995 835 4048 16
873 3995 927 4048 in
966 3995 1071 4048 hac
1107 3995 1187 4064 re]
1229 3996 1283 4049 in
1322 3997 1425 4050 hac
1465 4001 1589 4062 (om.
1628 4002 1709 4062 re)
1751 3997 1786 4050 Ι
1819 3999 1872 4052 in
1913 3999 2030 4068 agri
2055 3999 2183 4054 PM
2215 3996 2461 4067 magistri
2493 3997 2546 4050 A
2656 3995 2758 4049 sim

465 4099 565 4136 om.
606 4081 639 4136 1
674 4099 790 4136 sum
828 4081 897 4136 H
1058 4084 1121 4137 17
1163 4085 1666 4140 cuminemoraueris
1705 4085 1779 4139 M
1812 4085 2314 4140 commemoraberis
2351 4085 2418 4138 H
2570 4084 2635 4137 18
2675 4084 2755 4152 ut]

464 4170 607 4240 quod
644 4171 821 4226 PMA
962 4172 1019 4228 in
1058 4189 1121 4226 eo
1160 4189 1263 4228 om.
1302 4172 1406 4226 HI
1555 4175 1600 4227 si
1639 4179 1694 4228 te
1734 4175 2090 4244 reprehendo]
2131 4175 2208 4229 sic
2247 4171 2688 4245 reprehendendo
2727 4172 2768 4224 I

463 4258 532 4312 20
570 4259 759 4329 ferme]
798 4261 979 4314 firmet
1012 4261 1053 4314 Ι
