3184 4959
1160 397 1693 468 epistularum
1751 397 1940 452 XLIV.
2585 403 2707 466 121

413 591 890 670 Caelicolarum,
939 611 1128 675 quem
1176 593 1580 658 audieramus
1630 593 1780 658 noui
1829 594 1997 676 apud
2044 613 2151 659 eos
2188 595 2496 679 baptismi
2532 595 2711 660 insti-

409 703 688 764 tutorem
733 699 1050 764 institisse
1099 702 1164 764 et
1207 698 1448 765 multos
1496 700 1611 766 illo
1662 701 1998 784 sacrilegio
2047 700 2397 780 seduxisse,
2444 706 2519 768 ut
2566 721 2709 767 cum

409 807 542 883 illo,
591 810 896 888 quantum
944 807 1152 888 ipsius
1217 807 1522 889 temporis
1587 807 1992 890 patiebantur
2055 809 2407 892 angustiae,
2466 809 2711 892 aliquid

409 914 832 995 loqueremur.
899 931 1088 995 quem
1165 916 1580 996 posteaquam
1660 917 2003 980 uenturum
2078 915 2407 998 comperit,
2482 916 2708 981 uidens

345 1041 374 1080 ⁵
409 1039 523 1084 nos
589 1019 762 1084 aliud
829 1019 1194 1102 suscepisse
1259 1019 1609 1104 negotium,
1677 1039 1823 1085 cum
1898 1025 1963 1085 et
2037 1021 2253 1102 ipsum
2306 1021 2521 1086 nescio
2588 1041 2713 1104 qua

408 1127 758 1192 necessitas
813 1125 1222 1207 profectionis
1278 1131 1611 1210 urgueret,
1669 1126 1939 1210 benigne
2000 1147 2038 1192 a
2096 1128 2279 1192 nobis
2334 1127 2709 1212 placideque

409 1233 724 1299 discessit.

225 1327 312 1388 14
501 1339 772 1404 Videtur
826 1343 1042 1405 autem
1095 1340 1277 1417 mihi,
1334 1343 1410 1406 ut
1465 1340 1865 1406 turbulentas
1920 1341 2141 1406 turbas
2192 1345 2257 1404 et
2300 1341 2709 1423 impedimen-

409 1451 550 1512 tum
611 1446 828 1529 potius
887 1465 1078 1529 quam
1133 1446 1570 1512 adiumentum
1628 1446 1983 1512 adferentes
2040 1447 2291 1511 omnino
2347 1446 2706 1511 deuitemus

321 1574 375 1612 ιο
413 1557 480 1618 et
545 1572 698 1618 uere
771 1573 844 1618 ex
917 1553 1127 1618 animo
1201 1554 1404 1618 amico
1482 1557 1673 1637 atque
1736 1553 2075 1637 tranquillo
2142 1556 2513 1636 susceptum
2576 1555 2709 1618 tam

410 1678 710 1743 magnum
765 1660 1094 1743 negotium
1145 1659 1398 1726 domino
1458 1661 1813 1742 opitulante
1859 1679 2255 1744 peragamus,
2304 1659 2385 1723 ad
2431 1658 2708 1742 aliquam

411 1766 633 1830 uillam
686 1785 802 1830 nos
859 1767 1195 1831 conuenire
1252 1767 1480 1832 debere
1549 1787 1669 1833 non
1736 1787 2051 1852 magnam,
2116 1766 2228 1831 ubi
2292 1768 2534 1832 nullius
2602 1786 2708 1832 no-

411 1877 615 1936 strum
672 1875 845 1936 esset
901 1873 1192 1951 ecclesia,
1247 1893 1436 1955 quam
1493 1877 1705 1940 tamen
1762 1875 1985 1938 uillam
2037 1873 2459 1939 communiter
2503 1872 2708 1954 possi-

412 1980 564 2044 dent
625 1978 914 2044 homines
981 1983 1046 2044 et
1109 1983 1360 2046 nost-rae
1427 1977 1910 2046 communionis*
1954 1983 2019 2045 et
2071 1981 2299 2063 ipsius,
2358 1979 2550 2044 sicuti
2608 1983 2709 2046 est

317 2104 374 2142 1⁵
411 2086 569 2151 uilla
629 2085 898 2150 Titiana.
965 2087 1104 2152 siue
1167 2106 1317 2170 ergo
1383 2089 1445 2152 in
1503 2088 1956 2152 Tubursicensi
2013 2087 2151 2152 siue
2207 2087 2271 2150 in
2328 2087 2706 2170 Tagastensi

410 2193 558 2257 talis
622 2192 804 2257 loeus
869 2193 976 2256 uel
1037 2193 1169 2270 ille,
1237 2212 1426 2276 quem
1492 2193 2008 2269 commemoraui,
2074 2194 2180 2257 uel
2244 2193 2475 2274 aliquis
2542 2191 2705 2256 alius

407 2299 710 2364 inuentus
765 2299 978 2376 fuerit,
1034 2299 1342 2366 faciamus
1400 2301 1651 2366 codices
1710 2300 2045 2364 canonicos
2101 2303 2353 2383 praesto
2419 2317 2561 2363 esse
2623 2303 2705 2372 et,

410 2406 469 2470 si
532 2425 658 2490 qua
718 2406 978 2489 proferri
1043 2407 1386 2490 potuerint,
1451 2427 1523 2471 ex
1587 2411 1858 2489 utraque
1920 2409 2101 2490 parte
2167 2405 2567 2480 documenta,
2632 2407 2709 2468 ut

409 2512 788 2596 postpositis
854 2515 1084 2578 ceteris
1151 2514 1347 2591 nulla,
1415 2514 1471 2578 si
1536 2513 1790 2578 domino
1856 2512 2185 2595 placuerit,
2266 2511 2705 2594 interpellante

315 2635 375 2678 το
409 2617 726 2698 molestia,
794 2622 1110 2702 quotquot
1173 2620 1398 2695 diebus
1462 2621 1884 2702 potuerimus,
1952 2619 2031 2684 ad
2093 2619 2213 2684 hoc
2276 2623 2576 2682 uaeantes
2642 2621 2709 2681 et

407 2725 848 2807 unusquisque
913 2729 1201 2792 nostrum
1267 2726 1436 2808 apud
1491 2745 1683 2792 suum
1738 2726 2057 2810 hospitem
2116 2724 2443 2790 dominum
2490 2723 2705 2804 depre-

411 2834 626 2896 cantes
672 2832 1014 2896 adiuuante
1061 2832 1223 2916 ipso,
1273 2833 1378 2898 cui
1424 2853 1540 2915 pax
1590 2833 1950 2899 Christiana
1996 2831 2361 2916 gratissima
2406 2835 2524 2905 est,
2572 2849 2706 2895 rem

410 2941 650 3002 tantam
717 2941 783 3003 et
845 2939 1010 3004 bono
1076 2940 1282 3004 animo
1350 2943 1642 3022 coeptam
1709 2940 1787 3004 ad
1860 2937 2293 3022 inquisitionis
2366 2937 2704 3002 terminum

407 3045 852 3126 perducamus.
892 3045 1218 3111 rescribite
1267 3065 1436 3124 sane,
1477 3047 1633 3131 quid
1679 3047 1756 3112 de
1804 3049 1921 3112 hac
1966 3066 2033 3112 re
2080 3046 2185 3110 uel
2237 3046 2419 3110 uobis
2468 3045 2572 3110 uel
2609 3045 2706 3109 illi

317 3163 376 3206 2⁵
411 3150 724 3216 uideatur.

483 3345 516 3396 2
577 3342 882 3396 instituisse
938 3344 1102 3411 eslr
1165 3343 1436 3400 exstitisse
1492 3363 1544 3398 m
1728 3344 1852 3397 illos
1906 3343 2087 3398 MFA
2249 3345 2283 3397 4
2348 3342 2583 3412 comperi
2638 3342 2709 3394 M

410 3433 443 3485 5
484 3447 586 3499 que
627 3429 676 3482 P
710 3447 848 3500 quae
903 3433 958 3488 R
1007 3432 1129 3486 edd.
1350 3435 1382 3488 6
1435 3431 1759 3502 profectioni
1812 3435 2059 3500 surgeret
2110 3447 2246 3486 corr.
2300 3433 2429 3486 m.2
2477 3430 2532 3484 P
2578 3445 2702 3500 pro-

407 3519 662 3574 fectionis
701 3524 949 3590 surgeret
985 3519 1046 3573 F
1202 3521 1235 3574 9
1275 3519 1667 3575 aditamentum
1703 3521 1777 3574 M
1941 3521 2005 3574 10
2044 3523 2119 3590 et]
2163 3523 2223 3573 ut
2258 3519 2315 3574 R
2486 3519 2552 3572 12
2588 3535 2703 3572 ma·
2805 3506 2812 3513 ⁶

409 3625 576 3678 gnum
611 3609 666 3662 A
809 3610 1074 3678 nostrum]
1114 3615 1202 3662 nm
1239 3609 1294 3662 A
1432 3611 1498 3663 14
1537 3610 1677 3663 sicut
1714 3611 1769 3664 A
1909 3611 1973 3664 15
2010 3610 2215 3663 ticiana
2252 3609 2377 3662 MA
2414 3608 2617 3662 citiana
2652 3608 2708 3659 P

415 3697 480 3751 18
515 3697 752 3768 proferre
790 3696 845 3749 P
955 3698 1022 3752 19
1060 3697 1148 3761 do,
1188 3714 1323 3752 corr.
1363 3715 1430 3752 m.
1454 3703 1484 3751 1
1521 3698 1623 3752 dno
1662 3699 1717 3752 Ρ
1840 3699 1911 3753 20
1949 3697 2241 3768 quodquod
2277 3698 2352 3752 M
2494 3695 2609 3749 dies
2649 3697 2704 3749 A

482 3786 551 3840 ad
595 3786 716 3856 1166]
765 3785 942 3840 adhuc
981 3785 1087 3841 F‘A
1206 3787 1271 3840 21
1315 3803 1539 3856 unusq;,
1587 3802 1726 3841 corr.
1775 3791 1897 3839 m.1
1943 3787 2268 3856 unusquisq;
2306 3785 2379 3838 M
2493 3803 2613 3839 nrm
2650 3787 2703 3839 A

407 3877 713 3928 nostrorum
751 3873 1039 3930 MFPRa
1216 3876 1284 3931 23
1325 3874 1393 3929 ad
1432 3875 1744 3945 quisitionis
1781 3875 1842 3929 F
2026 3875 2094 3928 24
2131 3874 2429 3928 rescribitis
2468 3891 2596 3927 sane
2636 3873 2709 3926 M

407 3963 656 4032 rescripti
691 3979 818 4016 sane
855 3961 918 4016 F
947 3962 1242 4018 rescribitis
1280 3964 1462 4034 anlne
1500 3963 1554 4017 A
1701 3981 1779 4029 ac,
1819 3977 1953 4018 corr.
1994 3981 2062 4020 m.
2085 3967 2115 4016 1
2150 3963 2253 4017 hac
2290 3962 2351 4016 F
