3184 4959
474 425 604 489 206
1187 421 1239 474 S.
1297 420 1570 473 Aureli
1624 420 2067 490 Augustini

479 623 546 682 et
607 637 866 700 corpore
933 637 1046 700 per
1111 617 1415 698 eloquia
1478 616 1761 681 domini
1826 621 2055 693 casta,
2131 621 2526 700 argentum
2600 618 2769 702 igne

478 725 986 790 examinatum
1037 729 1303 802 terrae,
1352 733 1755 807 purgatum
1806 726 2239 808 septuplum
2296 725 2567 809 accipiet
2610 745 2769 790 mer-

477 832 694 896 cedem
763 831 1108 907 denarium,
1165 836 1241 896 ut
1295 831 1425 895 sint
1481 830 1695 895 decem
1758 836 1823 898 et
1878 836 2143 914 septem.
2212 851 2355 895 nam
2413 836 2478 896 et
2528 833 2593 896 in
2649 833 2769 898 hoc

475 957 735 1003 numero
801 938 970 1002 sicut
1029 937 1095 1002 in
1153 937 1298 1002 aliis
1354 938 1749 1020 multiplices
1796 937 2033 1022 figuras
2082 937 2522 1004 exhibentibus
2568 929 2771 1004 sacra'-

472 1048 760 1110 mentum
841 1045 1131 1109 mirabile
1213 1045 1541 1126 reperitur.
1636 1063 1748 1108 uec
1830 1045 2124 1109 inmerito
2208 1046 2400 1110 etiam
2481 1045 2767 1128 psalmus
2830 1071 2857 1110 ε

474 1152 786 1234 septimus
862 1151 1143 1215 decimus
1209 1151 1272 1214 in
1337 1169 1675 1234 regnorum
1740 1152 1921 1216 libris
1984 1152 2162 1218 solus
2215 1153 2460 1236 integer
2512 1153 2767 1234 legitur,

473 1259 620 1340 quia
664 1277 928 1343 regnum
976 1257 1140 1321 illud
1187 1258 1526 1342 significat,
1573 1258 1685 1322 ubi
1732 1258 2165 1322 aduersarium
2212 1277 2332 1330 uon
2372 1258 2767 1324 habebimus.

473 1363 704 1428 titulus
771 1364 938 1428 enim
998 1364 1136 1428 eius
1195 1369 1322 1429 est:
1389 1365 1470 1428 In
1537 1364 1655 1429 die
1722 1383 1865 1446 qua
1929 1364 2129 1429 eruit
2192 1383 2353 1429 eum
2420 1365 2767 1431 dominus

475 1469 559 1533 de
625 1489 842 1534 manu
902 1471 1229 1535 omnium
1288 1471 1767 1536 inimicorum
1830 1472 1994 1535 eius
2050 1474 2125 1535 et
2172 1470 2254 1535 de
2300 1490 2517 1536 manu
2567 1472 2766 1541 Saul.

473 1575 616 1658 quis
667 1576 829 1640 enim
879 1576 1190 1660 figuratur
1236 1577 1295 1640 in
1349 1577 1556 1641 Dauid
1605 1576 1729 1642 nisi
1774 1578 1905 1656 ille,
1956 1579 2062 1659 qui
2119 1577 2298 1642 uenit
2362 1581 2766 1644 secundum
2808 1605 2861 1644 ιο

473 1700 764 1746 carnem
815 1701 893 1746 ex
943 1685 1227 1747 semine
1274 1684 1567 1748 Dauid?
1618 1685 1724 1766 qui
1764 1685 1983 1767 utique
2021 1687 2081 1748 in
2123 1703 2382 1768 corpore
2418 1705 2557 1764 suc,
2597 1687 2763 1769 quod

472 1792 572 1852 est
647 1788 933 1863 ecclesia,
1001 1789 1206 1854 adhuc
1269 1791 1512 1873 patitur
1574 1791 1889 1856 inimicos,
1964 1791 2133 1855 unde
2196 1792 2294 1856 illi
2356 1793 2765 1874 persecutori,

473 1911 661 1975 quem
723 1913 882 1959 uoce
947 1874 1256 1960 mactaui't
1320 1901 1386 1959 et
1449 1896 1512 1960 in
1581 1915 1771 1961 suum
1836 1915 2065 1980 corpus
2128 1898 2426 1964 traiciens
2492 1900 2763 1982 quodam

473 2001 660 2067 modo
717 2001 1148 2078 manducauit,
1217 2003 1434 2068 sonuit
1497 2003 1574 2066 de
1646 2004 1848 2068 caelo:
1916 2002 2181 2081 Saule,
2250 2004 2512 2083 Saule,
2580 2007 2765 2090 quid

473 2127 586 2170 me
649 2109 1209 2190 persequeris?
1277 2109 1524 2190 quando
1583 2113 1799 2174 autem
1856 2113 2111 2175 eruetur
2164 2111 2286 2176 hoc
2340 2131 2570 2194 corpus
2628 2115 2766 2178 eius
2805 2139 2859 2180 ιε,

473 2212 548 2276 de
595 2233 784 2278 manu
832 2217 1113 2279 omnium
1160 2216 1566 2280 inimicorum
1614 2217 1773 2294 eius,
1824 2217 1945 2280 nisi
2002 2237 2147 2282 cum
2208 2221 2273 2282 et
2326 2219 2439 2283 illa
2504 2221 2767 2286 nouis·

473 2319 677 2384 sima
721 2320 1062 2384 inimica
1110 2321 1592 2386 destruetur
1638 2327 1890 2388 mors?
1930 2323 2011 2388 ad
2046 2325 2167 2389 hoc
2205 2331 2461 2408 tempus
2496 2329 2769 2409 pertinet

473 2444 774 2490 numerus
843 2428 952 2492 ille
1019 2433 1274 2493 centum
1339 2429 1799 2514 quinquaginta
1860 2431 2055 2495 trium
2121 2433 2415 2515 piscium.
2492 2453 2634 2498 nam
2702 2430 2768 2499 et

469 2533 608 2615 ipse
663 2553 964 2598 numerus
1023 2534 1239 2599 decem
1295 2543 1362 2598 et
1416 2539 1659 2618 septem
1720 2555 1986 2620 surgens
2034 2538 2095 2601 in
2142 2540 2463 2623 trigonum
2514 2545 2763 2606 centum

471 2640 926 2724 quinquaginta
989 2642 1183 2706 trium
1241 2661 1556 2707 summam
1614 2645 1911 2726 complet.
1978 2646 2054 2709 ab
2112 2665 2234 2710 uno
2291 2650 2515 2729 utique
2558 2667 2765 2731 usque
2802 2673 2859 2712 20

649 2909 672 2960 1
717 2907 802 2962 Ps.
845 2910 931 2970 11,
969 2910 999 2962 7
1131 2911 1163 2961 2
1199 2910 1396 2964 Matth.
1437 2912 1524 2974 20,
1563 2913 1621 2970 2;
1663 2913 1868 2980 9-10;
1912 2915 1977 2967 13
2114 2918 2147 2970 5
2186 2915 2242 2969 11
2279 2917 2413 2986 Reg.
2454 2919 2540 2982 22,
2582 2919 2759 2972 2-51

466 2994 502 3048 8
538 2993 592 3046 H
627 2995 761 3064 Reg.
802 2997 889 3057 22,
931 2998 956 3048 1
1077 2997 1142 3050 10
1180 2998 1332 3050 Rom.
1377 3000 1423 3062 1,
1451 3000 1486 3052 3
1600 3002 1667 3052 14
1705 3001 1825 3054 Act.
1867 3003 1915 3065 9,
1954 3004 1987 3056 4
2102 3007 2167 3060 16
2204 3004 2233 3058 Ι
2272 3003 2393 3060 Cor.
2438 3007 2520 3071 15,
2560 3008 2627 3060 26

543 3169 566 3221 1
612 3173 668 3222 et
705 3170 760 3222 in
799 3169 863 3224 K
897 3171 1015 3224 edd.
1189 3189 1408 3241 corpore
1447 3189 1586 3227 corr.
1628 3191 1694 3228 ex
1731 3193 1956 3246 corpora
1992 3177 2059 3230 K
2232 3179 2265 3231 2
2310 3180 2671 3233 exanimatum
2708 3179 2763 3232 B

542 3258 794 3327 septuplo
834 3259 889 3311 P
1029 3261 1060 3313 3
1101 3263 1158 3313 et
1195 3261 1276 3312 sin
1320 3265 1472 3326 (ΜΒ
1505 3279 1548 3316 s.
1587 3280 1642 3316 w.
1686 3265 1817 3318 add.
1858 3271 1902 3326 t)
1943 3266 2008 3318 K
2042 3269 2103 3319 ut
2140 3271 2269 3320 sunt
2304 3268 2361 3321 B
2502 3269 2537 3322 4
2574 3269 2761 3323 multi—

464 3344 656 3414 plicib;
694 3346 749 3400 P
891 3349 923 3400 5
960 3348 1285 3402 mirabiliter
1319 3349 1386 3402 K
1527 3351 1694 3404 etiam
1732 3370 1831 3406 om.
1872 3351 1949 3406 P²
2083 3355 2115 3407 6
2152 3355 2207 3407 in
2250 3371 2437 3424 regum
2474 3356 2671 3410 librum
2712 3357 2766 3410 P

465 3433 521 3486 in
567 3433 704 3487 libro
743 3451 1030 3505 regnorum
1067 3437 1318 3506 Euyippi
1365 3439 1481 3492 cod.
1533 3439 1659 3492 Vat.
1796 3442 1941 3494 solus
1979 3442 2197 3511 integer
2232 3442 2477 3514 loquitur
2512 3445 2579 3498 K
2613 3448 2759 3500 solus

464 3522 805 3591 intellegitur
839 3525 894 3577 P
927 3524 1128 3593 legitur
1167 3530 1290 3590 (om.
1330 3528 1477 3581 solus
1515 3529 1751 3598 integer)
1793 3530 2019 3584 P¹P²M
2106 3533 2135 3585 7
2176 3533 2437 3588 habemus
2476 3535 2531 3588 P
2616 3537 2647 3590 8
2677 3541 2761 3588 est

465 3611 606 3664 enim
649 3612 762 3664 eius
801 3613 855 3665 B
894 3613 1007 3666 eius
1047 3619 1130 3667 est
1169 3619 1292 3680 (om.
1336 3617 1500 3682 enim)
1539 3618 1597 3670 P
1801 3620 1999 3687 eripuit
2035 3646 2122 3670 u*
2152 3622 2289 3688 (fuit
2325 3624 2469 3692 eum)
2510 3623 2759 3678 dominus

465 3698 628 3752 dauid
669 3699 732 3752 de
771 3701 824 3753 P
952 3704 984 3755 9
1025 3701 1091 3757 de
1131 3705 1213 3757 bis
1242 3705 1310 3757 M
1456 3709 1700 3760 omnium
1738 3723 1839 3761 om.
1869 3707 1937 3760 K
2053 3709 2117 3762 13
2152 3727 2279 3762 uoce
2310 3727 2377 3764 ex
2402 3727 2559 3775 corr.,
2586 3712 2763 3779 fuisse

460 3786 578 3842 uid.
619 3796 749 3842 uoce
789 3789 856 3844 K
995 3794 1282 3862 mactauit]
1327 3795 1555 3863 agnouit
1593 3797 1645 3848 P
1754 3797 1817 3850 16
1857 3813 1973 3850 cum
2016 3814 2117 3850 om.
2158 3799 2211 3851 P
2355 3803 2413 3853 et
2450 3801 2631 3855 bisM
2654 3818 2756 3856 om.

460 3875 515 3927 B
563 3875 813 3946 Euyippi
856 3879 972 3936 cod.
1031 3879 1254 3935 Vercell.
1443 3885 1504 3936 17
1559 3885 1825 3953 pertinuit
1871 3885 2027 3940 P¹P²
2045 3905 2099 3940 m
2282 3889 2348 3942 18
2395 3907 2517 3943 nam
2567 3907 2669 3946 om.
2706 3892 2762 3944 P

467 3965 531 4017 19
569 3965 660 4018 ille
699 3967 773 4019 M
913 3967 992 4021 ·X·
1035 3973 1092 4022 et
1129 3969 1266 4024 ·vl1·
1307 3971 1380 4024 P¹
1425 3973 1594 4027 decim
1639 3979 1726 4040 (m.
1752 3979 1791 4028 2
1827 3975 2033 4041 decem)
2076 3982 2133 4031 et
2169 3979 2370 4048 septies
2397 3981 2453 4034 B
2492 3979 2676 4033 decem
2702 3985 2759 4033 et

461 4054 664 4122 septies
693 4055 942 4124 Euyippi
970 4057 1124 4110 codd.
1157 4057 1340 4112 decem
1381 4061 1584 4129 septies
1614 4063 1669 4115 P
1702 4064 1963 4133 septimus
2003 4065 2241 4121 decimus
2270 4068 2335 4121 K
2359 4067 2477 4124 edd.
2657 4069 2755 4121 tri-

461 4142 682 4210 gonium
712 4143 766 4195 B
877 4143 1064 4199 CLIII.
1096 4147 1149 4200 B
1176 4147 1320 4216 Eua.
1352 4153 1565 4203 centum
1600 4152 1998 4222 quinquaginta
2026 4161 2137 4209 tres
2162 4155 2443 4210 PP¹P²M
2513 4157 2582 4210 20
2610 4173 2754 4211 sum-

459 4245 547 4282 ma
573 4230 638 4283 K
745 4233 1018 4302 complent
1048 4233 1274 4289 P¹P²M
1305 4239 1559 4307 conpleta
1598 4245 1753 4294 smnt
1783 4241 1832 4294 P
1937 4243 2003 4297 ab
2046 4261 2150 4298 uno
2190 4263 2289 4300 om.
2320 4245 2375 4299 P
2478 4246 2665 4316 itaque
2694 4247 2759 4301 K

461 4334 674 4388 quoque
713 4338 750 4372 a
789 4321 989 4391 quippe
1028 4330 1146 4376 cett.
1186 4325 1306 4379 edd.
