3184 4959
1122 446 1652 516 epistularum
1709 445 1918 500 LXXV.
2541 451 2665 516 321

374 645 533 710 dicis
579 645 643 710 in
679 643 929 709 Africae
975 647 1257 726 repertos
1306 643 1609 728 oppidulo
1659 644 1720 708 in
1759 663 1966 709 meam
2007 644 2389 710 calumniam
2430 647 2674 730 conspi-

372 757 591 818 rasse?
664 751 935 817 huiusce
1008 751 1183 816 modi
1260 751 1427 816 enim
1492 751 1559 815 in
1625 751 1902 833 epistula
1963 755 2078 817 tua
2138 753 2299 818 texis
2362 753 2672 819 fabulam:

374 860 667 941 ‘Quidam
724 859 915 924 frater
966 861 1185 926 noster
1238 859 1574 944 episcopus
1634 878 1778 924 cum
1836 859 2112 924 lectitari
2171 860 2565 926 instituisset
2607 859 2672 924 in

376 967 663 1044 ecclesia,
722 967 825 1031 cui
881 969 1150 1050 praeest,
1206 967 1792 1050 interpretationem
1847 969 2048 1047 tuam,
2104 967 2311 1031 mouit
2374 965 2673 1049 quiddam

313 1089 339 1128 ⁵
378 1076 567 1159 longe
613 1074 801 1139 aliter
848 1093 885 1138 a
928 1077 995 1140 te
1040 1074 1323 1158 positum
1374 1073 1545 1156 apud
1587 1075 1806 1139 Ionam
1851 1073 2247 1158 prophetam,
2298 1093 2487 1155 quam
2544 1077 2677 1138 erat

377 1181 661 1246 omnium
724 1181 1017 1245 sensibus
1080 1181 1547 1263 memoriaeque
1613 1181 2036 1245 inueteratum
2105 1183 2170 1244 et
2231 1184 2332 1246 tot
2395 1182 2676 1245 aetatum

378 1287 889 1352 successionibus
968 1287 1393 1355 decantatum.
1468 1288 1678 1353 sactus
1754 1289 1856 1352 est
1925 1291 2140 1352 tantus
2217 1289 2538 1352 tumultus
2611 1287 2676 1350 in

376 1394 563 1476 plebe
619 1395 889 1458 maxime
935 1392 1194 1459 Graecis
1254 1394 1668 1479 arguentibus
1727 1397 1793 1458 et
1845 1393 2384 1458 inflammantibus
2441 1393 2677 1460 calum-

376 1503 545 1566 niam
594 1501 919 1578 falsitatis‚
966 1503 1042 1565 ut
1088 1505 1421 1586 cogeretur
1466 1502 1806 1586 episcopus
1852 1539 1940 1550 -—
1989 1499 2120 1566 Oea
2166 1501 2398 1584 quippe
2445 1499 2677 1565 ciuitas

290 1623 343 1662 ιο
381 1611 517 1672 erat
560 1645 646 1656 -—
690 1608 1069 1674 Iudaeorum
1136 1609 1575 1675 testimonium
1641 1609 1946 1695 flagitare.
2021 1611 2233 1672 utrum
2302 1611 2514 1672 autem
2577 1607 2676 1671 illi

378 1715 673 1798 inperitia
718 1735 795 1779 an
842 1715 1090 1780 malitia
1131 1718 1255 1781 hoc
1310 1735 1453 1782 esse
1498 1717 1562 1782 in
1610 1716 1918 1782 Hebraeis
1967 1715 2294 1782 codicibus
2341 1713 2680 1799 responde-

378 1825 544 1898 runt,
592 1821 762 1904 quod
809 1826 873 1887 et
910 1821 1137 1888 Graeci
1185 1825 1249 1887 et
1283 1823 1495 1888 Latini
1540 1822 1858 1888 habebant
1903 1825 2094 1905 atque
2143 1821 2477 1887 dicebant?
2525 1821 2678 1904 quid

381 1928 605 2011 plura?
652 1933 912 1994 coactus
962 1933 1062 1994 cst
1108 1929 1296 1994 homo
1344 1932 1527 1996 uelut
1570 1930 2062 1996 mendositatem
2109 1929 2416 2012 corrigere
2453 1928 2677 1998 uolens

382 2037 529 2118 post
573 2054 873 2121 magnum
920 2036 1279 2119 periculum
1325 2056 1445 2102 non
1491 2055 1813 2103 remanere
1861 2037 1996 2102 sine
2031 2035 2237 2120 plebe.
2285 2034 2450 2099 unde
2487 2035 2678 2100 etiam

296 2159 346 2198 ιε
384 2139 565 2204 nobis
638 2139 895 2205 uidetur
967 2141 1305 2222 aliquando
1384 2145 1447 2206 te
1522 2161 1773 2226 quoque
1847 2142 1909 2206 in
1984 2141 2306 2206 nonnullis
2369 2139 2507 2204 falli
2569 2157 2678 2220 po·

383 2244 629 2312 tuisse’.

563 2436 740 2508 3-16
778 2460 846 2482 ==
886 2453 935 2506 p.
978 2437 1098 2500 253,
1142 2438 1316 2492 1—14

458 2577 483 2629 1
540 2577 877 2648 conspirasse
931 2577 1254 2632 calumniam
1305 2577 1426 2633 edd.
1648 2580 1968 2649 conpr-usse,
2019 2596 2090 2633 m.
2121 2584 2160 2633 2
2211 2579 2547 2648 conspirasse
2599 2579 2678 2632 K¹

382 2667 416 2720 2
454 2666 597 2720 enim
634 2682 735 2720 om.
776 2665 830 2718 Β
976 2667 1161 2720 texisti
1203 2665 1311 2736 ΟΕ
1458 2667 1720 2722 famulam
1758 2671 1806 2720 A
1954 2667 1988 2723 3
2025 2665 2243 2736 quidem
2288 2667 2334 2722 0
2473 2668 2682 2736 noster]

380 2763 445 2810 iic
482 2761 574 2820 (=
610 2761 777 2824 nunc)
814 2755 890 2810 M
1030 2758 1173 2826 cum]
1211 2773 1388 2827 quam,
1426 2773 1567 2812 corr.
1606 2775 1726 2812 cum
1763 2757 1832 2812 K
1865 2774 1986 2826 qua,
2023 2761 2152 2812 m.2
2190 2773 2309 2812 cum
2355 2756 2401 2809 Ο
2523 2755 2680 2810 lecti-

382 2847 503 2897 tare
539 2841 717 2912 HQE
749 2844 870 2897 edd.
904 2851 1127 2913 praeter
1144 2863 1197 2898 m
1410 2847 1445 2898 4
1484 2846 1766 2900 ecclesiam
1813 2845 1888 2916 (m
1925 2849 2070 2914 exp.)
2107 2845 2166 2898 B
2209 2845 2437 2899 ecelesia
2456 2861 2506 2897 nnn
2543 2847 2680 2910 (ras.

380 2935 533 2986 2—5’
570 2932 629 2996 1.)
668 2931 749 2986 1²⁸
785 2932 1015 2988 ecclesia
1051 2949 1151 2986 sua
1186 2933 1387 2990 P¹MA
1558 2938 1712 2988 tuam
1753 2938 1836 3000 (tu
1872 2935 1937 2988 in
1971 2950 2087 2988 ras.
2125 2951 2196 2988 m.
2219 2937 2276 3000 3)
2316 2933 2363 2988 S
2527 2933 2684 2986 nouit

380 3021 559 3075 HOV
596 3021 771 3086 nobit,
818 3038 956 3076 corr.
1003 3023 1177 3076 mouit
1223 3022 1289 3076 K
1320 3028 1507 3077 mouet
1558 3022 1666 3093 QE'
1840 3022 2098 3092 quiddam
2150 3027 2314 3091 (post.
2364 3022 2398 3076 d
2445 3025 2576 3076 m.2
2619 3023 2683 3076 in

378 3113 515 3174 ras.)
546 3107 621 3163 Ρ2
655 3109 875 3179 quidam
901 3110 1050 3164 KK¹
1090 3116 1177 3177 (m.
1198 3117 1239 3166 2
1277 3111 1553 3181 quiddam)
1580 3111 1743 3167 BVS
1774 3112 1864 3182 (m.
1886 3116 1926 3167 2
1962 3112 2203 3182 quidem)
2239 3111 2286 3180 Q
2332 3111 2548 3180 quidem
2581 3112 2688 3165 OE

384 3202 417 3254 5
464 3198 773 3267 positum-a
806 3203 863 3253 te
902 3200 949 3253 S
1088 3217 1121 3253 a
1154 3202 1236 3270 te]
1286 3204 1415 3254 ante
1451 3202 1537 3269 B,·
1572 3219 1633 3270 p.
1674 3204 1812 3261 253.
1855 3204 1892 3255 3
1929 3201 2027 3255 abs
2063 3205 2121 3255 te
2268 3208 2428 3271 quanm
2465 3201 2683 3270 (parua

384 3305 526 3355 ras.,·
564 3308 641 3329 -ν
678 3303 747 3341 m.
770 3287 882 3356 2?)
920 3287 1003 3342 K¹
1044 3305 1201 3358 quem
1228 3289 1303 3342 Ρι
1342 3305 1461 3343 cum
1489 3289 1557 3343 Η
1723 3291 1756 3342 6
1797 3289 2046 3344 omnibus
2081 3291 2137 3344 B
2317 3290 2680 3359 memoriaque

382 3377 459 3431 Ρ2
561 3381 675 3432 tot-
704 3377 781 3431 1²³
887 3382 1160 3431 aetatum
1187 3376 1267 3430 1³2
1338 3379 1369 3432 7
1400 3379 1844 3433 succensionibus
1873 3377 1938 3432 K
1964 3383 2122 3446 (corr.
2153 3377 2602 3446 successionibus)
2637 3380 2684 3433 Ο

456 3467 619 3534 fatus,
657 3483 726 3520 m.
750 3471 789 3520 2
822 3465 1001 3520 factus
1038 3465 1115 3520 Ρ2
1152 3467 1439 3537 factusque
1476 3467 1718 3523 K¹SRO
1749 3467 2063 3537 factumque
2111 3467 2162 3522 V
2368 3471 2450 3520 est
2486 3484 2589 3524 om.
2637 3468 2690 3520 V

386 3561 491 3614 est.
526 3571 595 3612 m.
618 3559 659 3609 2
696 3559 781 3608 est
818 3557 998 3609 autem
1035 3554 1113 3608 1³²
1149 3560 1234 3610 est
1270 3559 1451 3611 autem
1489 3557 1557 3610 M
1717 3555 1984 3610 tumultus
2024 3574 2126 3612 om.
2163 3557 2222 3610 B
2353 3557 2388 3610 8
2425 3556 2584 3626 pleue
2621 3555 2688 3609 H

456 3645 875 3698 inclamantibus
896 3661 949 3698 m
1092 3645 1361 3700 calumnia
1396 3645 1453 3700 Β
1584 3647 1618 3700 9
1659 3662 1722 3699 ea
1759 3645 2182 3700 HP¹P²KK¹O
2217 3649 2307 3712 (m.
2329 3649 2370 3699 2
2407 3645 2558 3700 cuius
2595 3645 2683 3716 ea)

385 3732 801 3802 SQMRAPOE'
830 3735 951 3788 edd.
990 3741 1219 3803 praeter
1252 3753 1306 3790 m
1344 3751 1407 3788 eo
1454 3735 1507 3789 V
1547 3740 1680 3798 erat,
1718 3751 1786 3790 m.
1808 3740 1846 3789 2
1883 3751 2066 3788 eorum
2101 3735 2157 3788 Β
2193 3734 2344 3788 cuius
2385 3733 2433 3788 0
2468 3731 2582 3788 Oea
2618 3749 2685 3786 ex

385 3823 699 3878 coniectura
736 3821 1111 3877 Reinhartim
1209 3824 1271 3878 11
1314 3841 1431 3878 esse
1466 3841 1582 3878 ras.
1623 3829 1674 3878 et
1710 3839 1849 3878 corr.
1885 3839 1955 3879 m.
1975 3827 2014 3878 2
2049 3839 2117 3878 ex
2154 3827 2239 3877 est
2275 3839 2332 3877 se
2370 3823 2450 3876 122
2597 3839 2684 3876 re·

384 3911 723 3980 sponderunt
760 3916 882 3976 (run
920 3927 987 3966 ex
1022 3929 1157 3967 corr.
1198 3929 1267 3968 m.
1292 3917 1331 3968 2
1368 3918 1418 3966 et
1452 3929 1620 3980 super
1657 3929 1690 3966 u
1733 3911 1863 3966 add.
1902 3913 1942 3982 i)
1986 3913 2034 3966 O
2169 3913 2234 3965 12
2274 3909 2418 3980 quod
2459 3927 2506 3974 e,
2543 3925 2682 3964 corr.

385 4017 451 4052 m.
474 4004 505 4052 1
540 3999 685 4068 quod
725 4003 782 4053 et
806 3999 882 4054 M
916 4000 1061 4070 quod
1090 4001 1569 4056 HKKUVSRG
1710 4002 1827 4065 lati,
1867 4017 2005 4056 corr.
2041 4017 2110 4054 m.
2132 4005 2162 4053 1
2196 3999 2354 4054 latini
2382 3999 2458 4052 M
2585 3998 2684 4052 ha-

384 4089 451 4142 be
472 4101 482 4160 1
502 4091 599 4142 ant
626 4089 699 4142 Ρ1
737 4089 976 4145 habeant
1001 4089 1076 4144 M
1104 4089 1339 4146 habe-nt
1377 4099 1431 4150 (a
1460 4107 1600 4146 eras.
1637 4091 1780 4160 uid.)
1806 4089 1885 4142 ,Ρ8
1994 4095 2156 4158 atque
2196 4089 2450 4143 dicebant
2477 4105 2579 4144 om.
2609 4087 2687 4141 Ρ3

457 4181 621 4245 atque
656 4193 725 4231 m.
749 4181 788 4230 2
824 4177 925 4232 del.
967 4183 1017 4232 et
1050 4194 1228 4246 supra
1266 4178 1397 4232 add.
1434 4179 1549 4248 idq,
1591 4196 1674 4250 eq,
1713 4177 1758 4234 Β
1897 4178 2172 4246 dicebant,
2209 4195 2275 4232 m.
2300 4181 2340 4232 2
2376 4176 2593 4232 dicebas
2629 4177 2692 4230 E

388 4266 453 4320 13
492 4269 752 4334 quoactus
780 4266 847 4320 H
984 4266 1321 4322 mendacium
1349 4265 1904 4323 HP²KK¹OVSRG
2042 4267 2211 4330 uoles,
2249 4283 2319 4320 m.
2342 4269 2382 4321 2
2417 4265 2606 4319 uolens
2639 4263 2688 4318 Ο

388 4355 457 4408 14
470 4371 580 4424 pro
597 4371 705 4408 non
724 4371 834 4409 ras.
856 4355 917 4408 E
1017 4371 1323 4410 remanere·
1349 4356 1423 4409 M
1494 4359 1559 4412 15
1580 4357 1636 4410 in
1657 4357 1904 4411 nonnulli
1923 4355 1996 4409 Ρι
2106 4355 2226 4410 falli
2255 4371 2357 4411 om.
2378 4355 2452 4409 Ρι
2483 4353 2610 4408 falsi
2631 4357 2684 4409 A

440 4479 680 4529 xxxrrn,
704 4479 821 4529 Aug.
842 4485 955 4521 nect.
977 4481 1023 4520 11
1050 4490 1155 4530 pm·-
1174 4483 1215 4522 ε.
2544 4461 2608 4515 21
