3184 4959
1149 429 1673 498 epistularum
1732 430 1925 485 XLIII.
2568 437 2688 502 101

399 624 658 689 marinis
707 623 993 690 ecclesiis
1040 625 1637 690 communicatorias
1682 625 1927 690 litteras
1974 626 2167 704 mitti,
2208 646 2327 692 non
2368 627 2447 692 ad
2484 628 2691 708 illum,

399 749 589 812 quem
640 731 766 812 ipsi
822 731 1126 796 scelerate
1186 730 1648 810 ordinauerant,
1705 731 1939 813 puduit
1994 750 2103 796 eos
2164 751 2415 814 semper
2460 738 2687 810 tacere,

397 837 546 918 quia
599 841 819 918 posset
874 836 965 901 eis
1023 836 1208 916 obici,
1268 856 1380 901 cur
1422 843 1792 919 paterentur
1836 837 2117 922 ignaram
2164 857 2279 922 per
2323 841 2423 906 tot
2468 848 2689 924 gentes

396 943 732 1008 ecclesiam
779 943 1242 1010 communicare
1290 943 1604 1008 damnatis
1653 947 1717 1008 et
1764 963 1877 1008 cur
1922 964 1990 1008 se
2036 946 2161 1030 ipsi
2208 946 2284 1011 ab
2333 947 2687 1014 innocentis

334 1074 360 1112 5
399 1050 570 1116 orbis
625 1053 932 1116 terrarum
991 1049 1431 1116 communione
1486 1051 1940 1133 praeciderent,
2000 1071 2143 1116 cum
2204 1054 2468 1118 tacendo
2526 1054 2691 1119 sine-

394 1162 533 1222 rent
607 1158 928 1242 episcopo,
1005 1176 1198 1240 quem
1273 1156 1903 1243 Carthaginiensibus
1980 1158 2397 1240 ordinassent,
2461 1179 2499 1226 a
2552 1163 2687 1226 toto

395 1265 544 1329 orbe
592 1285 715 1330 non
765 1264 1235 1330 communicari.
1284 1265 1635 1349 elegerunt,
1684 1264 1853 1330 sicut
1900 1264 2153 1342 dicitur,
2192 1266 2271 1332 ad
2308 1268 2465 1332 duas
2504 1287 2689 1351 agere

395 1389 652 1436 causam
721 1390 866 1436 cum
934 1371 1290 1438 Caeciliano
1357 1371 1524 1454 apud
1590 1373 1894 1438 ecclesias
1968 1373 2412 1438 transmarinas
2488 1375 2687 1457 parati

395 1478 471 1544 ad
535 1483 902 1562 utrumque,
981 1483 1072 1556 ut,
1149 1480 1203 1544 si
1279 1500 1420 1546 eum
1499 1479 1861 1563 potuissent
1932 1499 2327 1564 quacumque
2401 1480 2689 1545 uersutia

313 1608 360 1647 ιο
391 1586 590 1652 falsae
645 1586 1100 1652 criminationis
1157 1587 1463 1664 euincere,
1513 1586 1816 1652 satiarent
1858 1587 2225 1669 plenissime
2272 1587 2687 1669 cupiditatem

394 1712 595 1772 suam,
655 1694 712 1758 si
767 1697 979 1758 autem
1039 1713 1156 1758 non
1214 1698 1494 1778 possent,
1548 1695 1615 1760 in
1670 1695 1890 1760 eadem
1947 1694 2201 1778 quidem
2268 1695 2686 1776 peruersitate

393 1799 713 1874 durarent,
789 1801 900 1865 sed
975 1801 1101 1866 iam
1175 1803 1388 1866 tamen
1465 1801 1650 1884 quasi
1724 1801 2045 1878 haberent,
2132 1799 2299 1883 quod
2382 1800 2681 1873 dicerent,

391 1907 594 1972 malos
643 1907 885 1972 iudices
934 1926 1003 1972 se
1048 1927 1190 1972 esse
1235 1925 1592 1990 perpessoS,
1645 1926 1805 1990 quae
1853 1926 1976 1972 uox
2024 1912 2123 1972 est
2168 1908 2450 1973 omnium
2488 1908 2683 1974 malo-

391 2033 528 2078 rum
584 2014 1006 2100 litigatorum,
1064 2033 1210 2079 cum
1273 2014 1510 2080 fuerint
1573 2013 1765 2080 etiam
1830 2014 2351 2078 manifestissima
2415 2015 2681 2080 ueritate

311 2143 356 2182 ιε»
393 2121 696 2204 superati.
755 2122 938 2204 quasi
984 2139 1104 2185 non
1156 2121 1247 2186 eis
1295 2120 1374 2184 ad
1421 2121 1542 2186 hoc
1589 2120 1716 2184 dici
1761 2119 1969 2202 possit
2012 2123 2076 2186 et
2122 2120 2477 2186 iustissime
2525 2121 2679 2187 dici:

391 2227 572 2294 ‘Ecce
638 2231 938 2309 putemus
1004 2228 1148 2292 illos
1215 2226 1570 2309 episcopm,
1638 2228 1744 2308 qui
1808 2227 2047 2293 Romae
2111 2227 2493 2305 iudicarunt,
2558 2248 2681 2294 non

389 2335 586 2400 bonos
661 2334 904 2403 iudices
977 2335 1242 2400 fuisse?
1315 2334 1598 2400 restabat
1670 2333 1877 2400 adhuc
1948 2335 2299 2416 plenarium
2375 2333 2683 2400 ecclesiae

387 2441 721 2506 uniuersae
789 2441 1148 2516 concilium,
1213 2442 1324 2506 ubi
1390 2442 1582 2506 etiam
1650 2461 1797 2506 cum
1860 2441 2019 2524 ipsis
2094 2441 2413 2508 iudicibus
2488 2460 2681 2507 causa

388 2551 610 2630 posset
661 2547 910 2632 agitari,
967 2552 1058 2624 ut,
1117 2548 1172 2613 si
1231 2549 1392 2612 male
1447 2547 1767 2614 iudicasse
1824 2548 2102 2614 conuicti
2156 2553 2393 2627 essent,
2458 2567 2675 2613 eorum

304 2677 354 2717 ao
388 2654 740 2720 sententiae
814 2655 1231 2720 soluerentur.
1309 2655 1480 2737 quod
1551 2657 1769 2720 utrum
1840 2655 2127 2734 fecerint,
2201 2655 2493 2738 probent;
2562 2675 2675 2719 nos

388 2763 552 2826 enim
622 2780 744 2827 non
810 2781 952 2827 esse
1016 2762 1255 2828 factum
1311 2762 1498 2826 facile
1556 2763 1897 2846 probamus
1965 2781 2035 2827 ex
2100 2782 2195 2840 00,
2264 2762 2433 2844 quod
2496 2765 2673 2826 totus

386 2869 556 2933 orbis
603 2887 724 2933 non
771 2867 864 2933 eis
912 2868 1366 2944 communicat;
1415 2873 1546 2946 aut,
1596 2869 1653 2934 si
1698 2869 1940 2933 factum
1988 2872 2107 2946 (st,
2154 2868 2345 2933 etiam
2391 2869 2480 2932 ibi
2528 2872 2676 2934 sunt

385 2974 564 3048 uicti,
613 2974 782 3057 quod
827 2975 968 3057 ipsa
1015 2993 1232 3040 eorum
1279 2975 1590 3059 separatio
1650 2975 2030 3041 manifestat.

226 3089 298 3152 20
473 3079 598 3146 Sed
654 3085 866 3148 tamen
924 3081 1078 3163 quid
1131 3085 1356 3164 postea
1408 3083 1692 3161 fecerint,
1749 3081 2143 3163 imperatoris
2200 3081 2433 3146 litteris
2497 3083 2669 3146 suffi-

306 3187 772 3252 :scientissime
863 3186 1240 3252 ostenditur.
1329 3187 1575 3253 iudices
1662 3187 1825 3251 enim
1910 3187 2378 3252 ecclesiasticos
2460 3191 2671 3251 tantae

383 3293 780 3359 auctoritatis
827 3292 1182 3376 episcopos,
1232 3312 1500 3376 quorum
1545 3292 1783 3358 iudicio
1831 3297 1895 3358 et
1942 3292 2281 3360 Caeciliani
2315 3293 2669 3358 innocentia

382 3404 446 3464 et
499 3419 728 3466 -eorum
792 3398 1140 3482 inprobitas
1207 3399 1523 3464 declarata
1585 3404 1705 3474 est,
1773 3419 1893 3465 non
1950 3400 2119 3482 apud
2174 3400 2333 3465 alios
2389 3401 2667 3484 collegas

381 3506 491 3570 sed
557 3506 722 3589 apud
787 3505 1232 3589 imperatorem
1297 3523 1592 3572 accusare
1648 3506 1788 3570 ausi
1843 3511 2012 3583 sunt,
2072 3507 2241 3588 quod
2294 3507 2461 3572 male
2506 3508 2667 3571 iudi-

381 3617 599 3678 carint.
665 3613 842 3677 dedit
901 3613 1012 3677 ille
1077 3613 1250 3678 aliud
1313 3613 1683 3678 Arelatenso
1735 3612 2043 3677 iudicium
2101 3613 2363 3678 aliorum
2420 3614 2669 3678 scilicet

299 3748 348 3790 ³0
381 3720 839 3803 episcoporum,
889 3737 1010 3784 non
1057 3719 1206 3802 quia
1248 3719 1374 3784 iam
1423 3737 1681 3784 necesse
1728 3723 1881 3796 erat,
1930 3719 2041 3784 sed
2088 3738 2303 3784 eorum
2362 3720 2666 3802 peruersi-

448 3893 480 3947 2
517 3893 769 3948 scelerati
806 3892 1190 3948 ordinauerunt
1229 3899 1386 3962 (corr.
1425 3897 1544 3946 m.1
1581 3893 1985 3960 ordinauerant)
2026 3893 2096 3948 M
2215 3895 2247 3947 6
2287 3893 2664 3962 carthaginen-

380 3982 525 4037 sibus
565 3981 737 4040 ΓΔΒ
782 3983 902 4036 edd.
1085 3984 1116 4035 7
1165 3983 1316 4052 orbe]
1362 3982 1488 4037 orbe
1535 3986 1799 4036 terrarum
1837 3981 1909 4034 Μ
2120 3981 2189 4036 ad
2228 3980 2383 4049 duas!
2424 3981 2493 4036 ad
2532 3981 2664 4036 duas

381 4071 592 4126 fraudes
632 4087 716 4126 ae
799 4072 833 4126 9
872 4073 948 4124 nic
987 4071 1164 4126 MFA
1252 4073 1317 4126 15
1355 4071 1424 4126 ad
1461 4071 1586 4140 hoc]
1625 4069 1800 4125 adhuc
1838 4070 1946 4124 1²12
2056 4073 2241 4140 posset
2276 4069 2397 4124 edd.
2489 4073 2555 4128 16
2580 4072 2661 4125 iu-

381 4160 696 4215 dicauerunt
728 4159 785 4216 R
912 4161 977 4215 17
1017 4160 1318 4228 plenarium
1357 4165 1412 4224 (a
1449 4163 1578 4215 m.2
1615 4176 1680 4214 ex
1716 4163 1867 4214 2-3
1905 4161 1963 4225 l.)
2002 4159 2075 4213 M
2191 4161 2257 4214 21
2302 4159 2503 4213 factum
2545 4175 2661 4214 esse

379 4249 500 4304 edd.
641 4253 792 4303 totus
829 4255 876 4316 (s
913 4250 976 4304 in
1011 4265 1123 4306 ras.
1160 4266 1228 4303 m.
1249 4253 1300 4316 1)
1339 4247 1400 4300 F
1528 4249 1596 4304 27
1638 4248 1795 4318 alios}
1839 4265 1929 4302 eos
1968 4247 2037 4302 M
2170 4249 2239 4302 29
2279 4249 2570 4302 arelatensi
2608 4251 2663 4307 A

380 4337 446 4392 30
482 4338 590 4391 iam
627 4354 730 4392 om.
768 4338 842 4392 M
