3184 4959
392 600 432 662 4

484 414 520 474 4
1189 408 1244 461 S.-
1299 407 1574 461 Aureli
1630 404 2065 474 Augustini

571 608 819 671 Vellem
867 612 1076 671 tamen
1125 605 1306 681 scire,
1355 606 1567 667 utrum
1616 602 1775 665 hanc
1824 600 2175 665 absentiam
2226 594 2612 679 corporalem
2649 614 2769 659 uos

480 715 829 797 patientius
879 732 1066 795 quam
1115 730 1230 776 nos
1277 710 1530 774 facilius
1587 708 1893 773 toleretiS.
1962 708 2016 771 si
2070 707 2163 770 ita
2210 708 2327 784 est,
2374 704 2597 781 fateor,
2645 720 2766 765 non

481 838 622 884 amo
686 820 879 883 istam
940 816 1377 882 fortitudinem
1434 820 1735 891 uestram,
1792 814 1917 880 nisi
1977 813 2141 877 forte
2206 812 2354 894 quia
2417 830 2533 876 nos
2605 808 2769 873 tales

482 932 728 1005 sumus,
802 930 878 991 ut
949 925 1160 988 minus
1226 942 1262 987 a
1326 923 1512 987 uobis
1578 921 1922 987 desiderari
1986 940 2176 1001 quam
2238 938 2355 983 uos
2415 917 2769 983 desiderare

484 1033 845 1098 debeamus.
911 1032 976 1096 in
1042 1052 1144 1095 me
1209 1034 1376 1095 certe
1443 1030 1496 1095 si
1554 1033 1726 1095 esset
1779 1027 2085 1111 patientia
2140 1029 2390 1091 uestrae
2447 1024 2768 1089 absentiae

481 1140 902 1221 perferendae,
969 1137 1334 1220 displiceret
1395 1136 1582 1212 mihi;
1653 1137 1932 1220 segniter
1987 1136 2152 1198 enim
2208 1150 2482 1217 agerem,
2530 1134 2605 1194 ut
2650 1150 2768 1195 uos

479 1247 790 1323 uiderem3
843 1244 996 1329 quid
1043 1248 1257 1309 autem
1305 1243 1643 1308 absurdius
1692 1262 1879 1326 quam
1924 1240 2295 1306 fortitudine
2341 1239 2475 1303 fieri
2522 1238 2769 1323 segnio-

479 1357 656 1417 rem?
721 1352 834 1417 sed
901 1372 1024 1436 qua
1088 1350 1394 1415 ecclesiae
1461 1370 1613 1415 cura
1676 1352 1907 1427 tenear,
1968 1368 2039 1413 ex
2092 1350 2211 1412 hoc
2267 1350 2483 1411 uestra
2538 1347 2765 1411 caritas

483 1463 733 1541 oportet
787 1457 1105 1534 adtendat,
1164 1458 1334 1541 quod
1389 1457 1797 1522 beatissimus
1855 1460 2031 1539 pater
2096 1454 2409 1529 ValeriuS,
2476 1453 2584 1535 qui
2647 1472 2767 1519 uos

481 1566 814 1631 nobiscum
889 1568 1197 1647 quantum
1273 1566 1512 1630 salutet
1583 1568 2016 1646 quantumque
2091 1563 2289 1641 sitiat,
2358 1560 2629 1626 audietis
2698 1580 2768 1625 ex

476 1672 801 1748 fratribus,
870 1691 985 1736 nec
1049 1673 1490 1755 presbyterum
1553 1691 1655 1736 me
1722 1690 1863 1736 esse
1929 1690 2116 1734 suum
2182 1688 2411 1751 passus
2470 1672 2586 1746 est,
2644 1669 2769 1732 nisi

477 1778 780 1843 maiorem
826 1779 985 1843 mihi
1033 1780 1515 1863 coepiscopatus
1565 1779 1873 1843 sarcinam
1913 1778 2257 1859 inponeret.
2306 1777 2475 1861 quod
2513 1775 2768 1858 quidem

479 1886 628 1967 quia
673 1888 851 1949 tanta
899 1886 1037 1950 eius
1095 1886 1357 1949 caritate
1413 1889 1719 1967 tantoque
1775 1884 1996 1968 populi
2054 1884 2265 1949 studio
2324 1884 2647 1948 dominum
2702 1884 2768 1947 id

477 1993 648 2057 uelle
706 1993 964 2071 credidi,
1011 1993 1334 2057 nonnullis
1390 1992 1517 2057 iam
1576 1992 1877 2075 exemplis
1932 1992 2479 2075 praecedentibus,
2536 1991 2767 2072 quibus

479 2100 636 2163 mihi
683 2101 886 2165 omnis
935 2101 1256 2166 excusatio
1305 2100 1738 2177 claudebatur,
1787 2100 2191 2164 uehementer
2226 2098 2415 2162 timui
2452 2117 2779 2172 excusare„

479 2206 594 2271 sed
659 2226 1040 2289 quamquam
1103 2208 1381 2289 iugum
1449 2206 1687 2272 Christi
1749 2227 1860 2289 per
1914 2226 1981 2271 se
2040 2204 2251 2289 ipsum
2314 2206 2492 2270 lene
2552 2207 2637 2271 sit
2693 2210 2770 2271 et

479 2314 804 2378 sarcina
864 2314 1108 2389 leuiS‚
1175 2317 1388 2378 tamen
1455 2317 1714 2397 propter
1777 2318 2053 2378 nostram
2114 2314 2519 2396 asperitatem
2578 2317 2767 2396 atque

475 2419 928 2495 infirmitatem,
997 2420 1050 2483 si
1119 2421 1270 2503 quid
1326 2440 1428 2485 me
1483 2420 1733 2484 mordet
1786 2421 1905 2484 hoc
1961 2420 2289 2485 uinculum
2348 2422 2537 2503 atque
2583 2424 2771 2503 urget

477 2526 598 2589 hoc
674 2545 854 2603 onuS,
929 2526 1333 2591 ineffabiliter
1405 2526 1562 2591 mihi
1636 2527 1959 2609 aliquanto
2045 2530 2295 2593 uest-rae
2376 2525 2767 2609 praesentiae

479 2631 704 2695 solatio
753 2632 1150 2697 tolerabilius
1199 2637 1263 2698 et
1309 2633 1687 2717 portabilius
1734 2634 2117 2699 redderetur.
2166 2654 2284 2699 uos
2325 2636 2537 2698 autem
2578 2632 2765 2697 audio

478 2738 648 2801 curis
697 2738 832 2803 eius
881 2738 1052 2805 modi
1113 2741 1528 2823 expeditiores
1581 2740 2035 2823 liberioresque
2082 2742 2317 2804 uiuere.
2371 2758 2495 2821 qua
2530 2759 2596 2803 re
2642 2758 2765 2803 non

479 2863 594 2929 ego
641 2845 1018 2927 inpudenter
1063 2867 1215 2931 rogo
1263 2866 1380 2912 uos
1431 2853 1494 2911 et
1539 2847 1793 2930 postulo
1845 2850 1909 2910 et
1954 2847 2195 2930 flagit0,
2243 2849 2319 2909 ut
2370 2847 2433 2909 in
2489 2845 2765 2908 Africam

658 3100 723 3154 16
761 3100 955 3155 Matth.
999 3102 1080 3165 11,
1122 3102 1190 3155 30

549 3242 581 3293 2
619 3238 936 3309 faciliusque
975 3242 1040 3297 K
1074 3258 1154 3309 ηις
1191 3242 1259 3309 cf.
1301 3242 1428 3297 Liu.
1469 3242 1548 3295 ΙΙ
1583 3246 1677 3307 40,
1719 3246 1759 3295 8
1881 3246 1917 3297 4
1954 3246 2015 3295 ut
2052 3259 2153 3297 om.
2191 3243 2304 3296 PE
2416 3246 2447 3298 5
2488 3245 2763 3311 debemus,

476 3344 614 3382 corr.
653 3346 721 3381 m.
743 3334 773 3381 1
809 3328 1101 3383 debeamus
1137 3330 1212 3382 M
1369 3332 1402 3384 6
1441 3330 1759 3400 perferenda
1795 3331 1849 3383 P
1884 3333 1975 3395 (m.
1998 3334 2037 3384 2
2072 3330 2443 3400 perferendae)
2482 3334 2543 3387 E
2683 3335 2764 3387 di·

476 3418 724 3487 spiceret.
762 3435 830 3471 m.
852 3422 891 3472 2
929 3418 1243 3490 displiceret
1279 3420 1333 3474 R
1479 3419 1641 3489 enim]
1683 3420 1821 3473 enim
1861 3420 1997 3474 mihi
2032 3421 2087 3475 R
2233 3438 2449 3491 agerem
2486 3428 2549 3477 ut
2585 3441 2681 3477 nos
2710 3428 2765 3479 A

476 3522 637 3575 agere
673 3512 888 3560 mutuos
924 3508 1050 3563 MR
1185 3509 1214 3559 7
1255 3513 1434 3561 autem
1473 3526 1574 3563 om.
1617 3508 1693 3561 Ρ1
1871 3508 2247 3563 fortitudinem
2286 3510 2471 3565 PEP¹
2512 3518 2584 3579 (m
2622 3520 2762 3582 exp.)

546 3596 834 3665 sgniorem,
864 3614 916 3649 m
955 3601 994 3649 2
1030 3597 1332 3667 segniorem
1356 3597 1433 3651 M
1501 3598 1532 3650 9
1564 3598 1868 3651 ualerianus
1900 3602 1988 3664 (an
2020 3614 2137 3667 exp.
2166 3616 2234 3653 m.
2258 3604 2317 3665 2)
2350 3601 2421 3653 Ρ1
2500 3603 2565 3655 10
2597 3619 2765 3671 quan-

475 3688 821 3753 tumcumque
858 3685 932 3737 M
1055 3686 1116 3739 11
1159 3688 1280 3756 nec]
1316 3704 1382 3739 ne
1419 3688 1474 3739 A
1619 3704 1705 3741 me
1742 3704 1843 3741 om.
1882 3688 1958 3741 Ρι
2090 3687 2156 3741 12
2196 3689 2327 3742 1111111
2364 3706 2405 3743 s.
2445 3707 2499 3743 u.
2539 3708 2606 3743 m.
2630 3695 2668 3744 2
2704 3691 2769 3744 K

477 3774 543 3827 13
583 3792 703 3843 que,
742 3793 809 3828 m.
833 3779 872 3829 2
909 3776 1036 3844 quia
1071 3776 1137 3829 K
1171 3776 1265 3844 qui
1300 3777 1414 3831 PE
1553 3776 1659 3831 dno
1697 3776 1767 3829 M
1804 3776 1893 3830 dm
1924 3776 1971 3830 0
2104 3778 2171 3831 14
2202 3778 2347 3845 116111,
2379 3794 2515 3832 corr.
2546 3780 2687 3834 uelle-
2713 3780 2769 3833 P

547 3862 778 3927 credere,
817 3881 884 3919 m.
907 3868 947 3918 2
984 3863 1187 3919 credidi
1223 3865 1278 3917 P
1458 3866 1524 3919 16
1563 3865 1853 3919 sed-lene
1892 3865 1965 3919 sit
2002 3881 2104 3920 om.
2142 3866 2265 3918 MA
2450 3868 2514 3920 17
2555 3867 2762 3920 leu'll.is

475 3957 692 4020 (parua
728 3958 864 4019 ras.)
903 3952 976 4006 M
1084 3954 1149 4006 18
1189 3954 1310 4021 quit
1342 3954 1390 4006 (J
1528 3954 1732 4008 mordit
1758 3954 1871 4008 PE
2009 3955 2113 4007 hoc
2150 3955 2405 4008 unculum
2442 3956 2497 4007 A
2536 3956 2761 4009 homun-

477 4040 653 4095 culum
693 4040 768 4095 Ρ1
913 4044 979 4095 19
1018 4042 1406 4110 praescientiae
1443 4042 1576 4096 MK
1616 4048 1703 4109 (m.
1727 4046 1766 4097 2
1800 4043 2162 4112 praesentiae)
2310 4044 2379 4097 20
2416 4042 2673 4097 reddetur
2709 4046 2763 4098 R

547 4130 665 4199 uos]
715 4148 848 4199 quos
893 4131 948 4185 R
989 4131 1126 4184 lrm
1358 4132 1536 4184 autem
1586 4148 1690 4186 om.
1738 4130 2111 4186 MAOP¹RK
2152 4132 2271 4185 edd.
2490 4132 2662 4187 audeo
2710 4135 2763 4186 A

471 4219 539 4272 21
581 4220 858 4273 liberiores
896 4236 997 4273 om.
1036 4221 1090 4273 A
1199 4222 1268 4275 22
1303 4220 1633 4291 inpudenter
1671 4239 1770 4291 ego
1806 4221 2181 4276 MACP¹RK
2214 4221 2334 4275 edd.
2456 4226 2511 4275 et
2546 4222 2761 4291 postulo

473 4325 574 4362 om.
613 4309 678 4361 K
817 4310 874 4363 in
913 4308 1082 4363 africa
1117 4310 1230 4364 PE

2806 1571 2860 1609 10

2808 2106 2855 2145 15

2802 2646 2857 2684 20
