3184 4959
1189 431 1728 502 epistularum
1785 431 1982 488 XCIII.
2598 438 2730 502 465

418 645 457 690 a
503 626 683 701 deo;
733 625 870 708 qui
926 628 1193 690 autem
1250 626 1585 690 resistit
1639 628 2073 710 potestati,
2135 628 2262 692 dei
2332 629 2727 695 ordinati·

420 733 551 798 oni
600 732 969 808 resistit;
1018 732 1441 815 principes
1492 733 1696 798 enim
1743 752 1890 798 non
1943 737 2136 798 sunt
2181 736 2462 800 timori
2527 737 2724 802 bono

420 839 647 923 operi
695 839 837 904 sed
880 839 1113 904 malo.
1162 839 1286 904 uis
1334 842 1604 904 autem
1651 859 1800 904 non
1845 840 2135 905 timere
2187 845 2720 923 potestatem,

418 947 705 1012 bonum
780 945 907 1010 fac
980 947 1059 1008 et
1130 944 1473 1010 habebis
1546 945 1870 1010 laudem
1943 966 2028 1010 ex
2101 947 2270 1012 illa.
2348 949 2488 1014 siue
2556 950 2721 1014 enim

354 1076 381 1116 r>
418 1055 705 1136 potestas
768 1051 1029 1116 ueritati
1092 1051 1315 1117 fauens
1380 1052 1657 1134 aliquem
1726 1053 2021 1137 corrigat,
2083 1053 2340 1120 laudem
2405 1055 2600 1122 habet
2654 1075 2726 1121 ex

414 1143 549 1237 illa,
615 1159 725 1242 qui
788 1157 983 1224 fuerit
1046 1157 1447 1235 emendatus;
1515 1159 1655 1224 siue
1709 1159 1969 1226 inimIca
2023 1161 2278 1225 ueritati
2335 1161 2399 1226 in
2447 1163 2722 1244 aliquem

418 1266 683 1344 saeuiat,
730 1264 985 1330 laudem
1032 1264 1225 1330 habet
1270 1283 1343 1330 ex
1388 1265 1521 1343 illa,
1573 1266 1684 1347 qui
1729 1265 1940 1332 uictor
1981 1266 2178 1332 fuerit
2223 1271 2582 1334 coronatus.
2649 1274 2722 1334 tu

417 1375 633 1438 autem
697 1391 821 1437 non
885 1373 1124 1436 bonum
1188 1371 1369 1451 facis,
1438 1375 1511 1437 ut
1564 1372 1790 1438 timere
1846 1392 1970 1438 non
2029 1372 2258 1440 debeas
2315 1378 2722 1458 potestatem.

415 1479 541 1544 nisi
604 1479 767 1545 forte
831 1481 1071 1544 bonum
1138 1483 1239 1545 est
1292 1479 1509 1545 sedere
1569 1483 1636 1544 et
1688 1499 1814 1544 non
1861 1480 2170 1546 aduersus
2216 1480 2474 1546 fratrem
2523 1483 2722 1548 detra-

326 1610 379 1650 10
414 1587 562 1650 here
611 1587 727 1650 sed
772 1587 1081 1652 aduersus
1128 1585 1353 1651 fratres
1404 1604 1624 1651 omnes
1670 1586 1734 1651 in
1785 1587 2082 1652 omnibus
2131 1587 2431 1672 gentibus
2489 1591 2724 1654 consti-

414 1695 615 1762 tutos,
701 1692 935 1776 quibus
1016 1691 1461 1758 testimonium
1541 1692 1876 1776 perhibent
1955 1693 2321 1777 prophetae,
2405 1695 2720 1764 Christ-us

417 1800 710 1882 apostoli,
786 1817 932 1865 cum
1006 1800 1270 1884 legitur:
1348 1800 1433 1865 In
1520 1800 1824 1864 semine
1906 1804 2050 1865 tuo
2135 1801 2722 1868 benedicentur

417 1926 687 1974 omnes
736 1909 1045 1990 gentes,
1094 1925 1241 1971 cum
1286 1905 1555 1990 legitur:
1613 1905 1723 1970 Ab
1783 1909 1966 1970 ortu
2031 1906 2238 1972 solis
2304 1927 2562 1991 usque
2628 1910 2720 1974 ad

416 2033 795 2080 occasum
834 2013 1353 2078 sacrificium
1392 2012 1770 2078 mundum
1811 2013 2164 2079 offertur
2195 2015 2719 2094 nominime0‚

324 2143 379 2184 15
416 2121 795 2204 quoniam
861 2119 1435 2204 glorificatum
1502 2123 1630 2184 est
1681 2139 1962 2184 nomen
2021 2140 2276 2186 meum
2332 2121 2410 2185 in
2467 2122 2719 2206 genti-

414 2228 583 2306 bus,
652 2225 861 2290 dicit
924 2226 1303 2291 dominus
1358 2261 1447 2272 —
1503 2226 1682 2292 audi:
1749 2226 1928 2291 ‘dicit
1973 2227 2311 2308 dominus‘,
2357 2247 2512 2294 non:
2562 2229 2720 2294 dicit

411 2333 705 2398 Donatus
754 2335 867 2398 aut
900 2333 1189 2417 Rogatus
1240 2335 1353 2396 aut
1387 2332 1762 2398 Vincentius
1813 2337 1926 2398 aut
1959 2333 2248 2398 Hilarius
2297 2335 2410 2398 aut
2453 2335 2718 2400 Ambro-

413 2441 549 2504 sius
614 2443 726 2504 aut
778 2439 1180 2524 Augustinus
1248 2439 1389 2504 sed:
1457 2439 1636 2504 ‘dicit
1700 2436 2020 2505 dominus’
2071 2477 2180 2516 -,
2239 2459 2384 2506 cum
2449 2441 2714 2526 legitur:

410 2547 507 2610 Et
552 2545 1157 2610 benedicentur
1202 2545 1278 2610 in
1330 2564 1417 2610 eo
1466 2565 1745 2612 omnes
1794 2547 2066 2612 tribus
2107 2549 2396 2627 terrae,
2437 2566 2712 2614 omnes

312 2656 693 2737 nogentes
763 2651 1427 2736 magnific-abunt
1501 2673 1696 2718 eum.
1771 2654 2265 2721 benedictus
2335 2655 2708 2722 dominus

404 2759 600 2824 deus
639 2759 985 2838 Israhel,
1026 2759 1163 2842 qui
1210 2761 1417 2825 facit
1458 2760 1880 2826 mirabilia
1927 2761 2178 2839 solue,
2219 2765 2298 2826 et
2343 2761 2712 2826 benedic-

402 2869 569 2930 tum
644 2885 926 2932 nomen
1001 2867 1317 2949 gloriae
1393 2867 1569 2932 eius
1635 2867 1712 2932 in
1774 2870 2192 2932 aeternum
2269 2873 2346 2933 et
2407 2868 2484 2933 in
2553 2887 2714 2934 sae-

404 2974 676 3038 culum
752 2974 1093 3038 saeculi.
1169 2978 1247 3040 et
1318 2973 1788 3057 replebitur
1869 2975 2142 3058 gloria
2207 2975 2384 3040 eius
2454 2976 2709 3040 omnis

400 3082 640 3143 terra.
706 3080 885 3158 fiat,
968 3081 1145 3146 fiat.
1216 3084 1280 3146 et
1351 3083 1425 3146 tu
1500 3081 1683 3146 sedes
1752 3081 2084 3148 Cartennis
2151 3085 2214 3148 et
2279 3101 2425 3147 cum
2493 3081 2710 3147 decem

309 3210 369 3252 25
404 3185 782 3270 RogatistiS,
834 3186 943 3270 qui
988 3187 1409 3264 remansistis,
1460 3187 1650 3254 dicis:
1701 3187 1862 3254 ‘Non
1909 3187 2040 3266 fiat,
2090 3207 2213 3253 non
2261 3187 2411 3254 fiat'.

585 3409 617 3462 9
658 3409 746 3462 Ps.
786 3410 873 3469 49,
914 3409 983 3464 2ο
1114 3411 1179 3462 12
1221 3408 1357 3466 Gen.
1398 3411 1483 3474 22,
1524 3411 1617 3474 183
1658 3411 1744 3476 26,
1783 3412 1818 3464 4
1949 3412 2014 3465 13
2053 3412 2177 3466 Mal.
2221 3414 2268 3478 1,
2311 3414 2372 3466 11
2509 3415 2572 3468 19
2612 3415 2701 3468 Ps.

407 3498 491 3565 71,
534 3499 745 3551 17-19

470 3623 503 3675 2
539 3621 749 3674 timori*
777 3621 832 3674 P
1043 3622 1175 3676 boni
1213 3624 1390 3693 operis
1429 3622 1525 3676 sed
1562 3639 1614 3676 m
1653 3623 1694 3677 li
1730 3623 1805 3677 M
1850 3622 2004 3693 (mali
2041 3627 2164 3677 m.1
2199 3639 2264 3678 ex
2301 3625 2468 3692 malo)
2507 3625 2574 3682 N
2605 3642 2704 3680 sec.

406 3710 566 3780 Vuly.
678 3711 710 3764 3
751 3713 931 3764 autem
970 3726 1073 3764 om.
1111 3711 1165 3765 L
1274 3715 1306 3766 5
1344 3711 1600 3766 habuerit
1641 3711 1706 3766 ab
1747 3715 1906 3782 (corr.
1943 3729 2014 3765 m.
2037 3717 2066 3764 1
2105 3717 2189 3780 ex)
2227 3712 2326 3768 illa
2359 3714 2429 3768 N
2527 3717 2561 3770 6
2598 3715 2704 3768 ini·

396 3799 539 3852 mica
574 3800 809 3854 ueritate
846 3799 1037 3853 MAN
1071 3803 1159 3867 (m.
1182 3799 1263 3855 1?
1299 3817 1437 3856 corr.
1476 3801 1723 3868 ueritati)
1762 3801 1819 3856 R
1855 3801 2080 3854 ueritati
2117 3817 2316 3856 nocent
2353 3802 2408 3856 L
2555 3804 2585 3857 7
2625 3819 2704 3856 se-

396 3886 488 3956 pia
556 3889 605 3940 ,1
752 3905 813 3942 ex
850 3887 949 3942 illa
982 3887 1153 3942 habet
1190 3889 1318 3957 quia
1353 3889 1418 3942 N
1555 3889 1622 3943 10
1661 3905 1845 3944 omnes
1883 3887 2080 3944 fratres
2118 3889 2178 3943 N
2315 3893 2381 3946 13
2421 3890 2621 3945 dicitur
2662 3893 2708 3944 (3

468 3975 540 4030 ad
578 3993 771 4031 occasu
808 3976 884 4030 M
991 3978 1056 4030 14
1094 3977 1355 4032 mundum
1396 3977 1632 4032 offerunt
1674 3977 1722 4032 G
1755 3977 1981 4032 offertur
2017 3977 2279 4032 mundum
2315 3979 2370 4034 L
2511 3980 2568 4034 in
2605 3997 2702 4034 no-

393 4065 539 4118 mine
576 4081 696 4118 meo
734 4067 799 4120 N
886 4067 949 4119 17
992 4067 1087 4119 aut
1124 4067 1212 4131 (tv
1250 4081 1421 4134 super
1450 4069 1477 4119 t
1514 4071 1678 4134 eras.)
1717 4065 1943 4120 hilarius
1981 4065 2056 4118 M
2145 4067 2212 4120 19
2249 4066 2336 4136 20]
2374 4069 2430 4122 te
2459 4068 2704 4124 MANR

394 4153 464 4207 20
504 4153 752 4206 dominus
790 4169 894 4208 om.
934 4153 1001 4206 M
1152 4154 1222 4208 22
1261 4170 1493 4222 nomem,
1530 4170 1645 4208 ras.
1685 4170 1880 4208 nomen
1917 4153 1973 4207 A
2007 4171 2226 4220 numen,
2265 4170 2405 4209 corr.
2443 4172 2513 4210 m.
2537 4161 2566 4208 1
2606 4172 2700 4208 no-

392 4257 515 4296 men
552 4241 627 4296 M
768 4243 824 4296 in
862 4243 1138 4296 saeculum
1178 4243 1381 4296 saeculi
1419 4247 1475 4298 et
1510 4259 1613 4300 om.
1653 4242 1707 4296 L
1887 4243 1942 4296 in
1981 4242 2065 4296 bis
2101 4243 2156 4296 A
2300 4243 2370 4297 24
2410 4247 2518 4307 etu,
2559 4259 2702 4299 corr.

393 4347 461 4382 m.
486 4335 514 4382 1
554 4334 608 4384 et
647 4334 708 4383 tu
748 4329 819 4382 M
924 4332 996 4384 25
1032 4330 1271 4400 rogastis
1308 4331 1381 4384 M

450 4453 687 4502 xxxun,
715 4455 831 4504 Aug.
853 4459 964 4496 nect.
986 4455 1033 4495 11
1060 4465 1165 4505 pm
1185 4457 1227 4496 2.
2559 4435 2628 4490 30
