3184 4959
1068 429 1599 498 epistularum
1654 429 1841 483 LXIV.
1898 429 2056 484 LXV.
2576 435 2707 498 233

413 623 556 688 cani
612 623 827 688 diuino
886 623 1054 707 apud
1101 643 1168 688 se
1217 624 1659 690 commendato
1707 625 2161 702 interuertisse,
2207 627 2301 692 ita
2345 631 2421 692 ut
2465 628 2707 692 nullam

415 729 558 794 inde
622 734 844 815 posset
904 731 1296 814 probabilem
1361 732 1619 796 reddere
1684 734 2009 798 rationem.
2086 734 2309 800 deinde
2374 735 2707 800 conuictus

417 841 608 920 atque
673 837 1002 904 confessus
1069 842 1168 903 est
1232 839 1332 904 die
1395 841 1618 904 ieiunii
1683 841 1911 905 natalis
1978 841 2237 920 domini,
2314 861 2437 924 quo
2516 840 2709 905 etiam

419 944 762 1028 Gippitana
826 946 1096 1012 ecclesia
1157 947 1328 1011 sicut
1392 951 1637 1012 ceterae
1709 949 2087 1026 ieiunabant‚
2164 967 2309 1012 cum
2382 954 2707 1029 tamquam

351 1075 382 1114 5
416 1055 815 1132 perrecturus
881 1051 958 1116 ad
1022 1053 1356 1118 ecclesiam
1421 1073 1605 1118 suam
1670 1055 1854 1118 ‘nale‘
1919 1054 2182 1118 fecisset
2242 1055 2525 1137 collegae
2590 1073 2707 1118 suo

418 1157 784 1241 presbytero
861 1156 1224 1242 Gippitano‚
1299 1161 1450 1225 hora
1521 1161 1721 1226 ferme
1805 1161 2044 1243 quinta,
2120 1163 2186 1224 et
2262 1179 2407 1224 cum
2492 1179 2711 1225 secum

421 1262 665 1328 nullum
730 1265 1031 1329 clericum
1093 1266 1374 1345 haberet,
1432 1267 1496 1331 in
1555 1267 1777 1332 eodem
1832 1267 2025 1332 fundo
2073 1265 2388 1333 restitisse
2436 1270 2500 1332 et
2545 1267 2713 1350 apud

421 1373 732 1454 quandam
798 1372 1000 1438 malae
1063 1373 1270 1440 famae
1334 1375 1669 1440 mulierem
1726 1379 1791 1440 et
1844 1375 2173 1458 prandisse
2229 1377 2294 1439 et
2347 1393 2603 1439 cenasse
2650 1376 2715 1437 et

417 1481 486 1544 in
569 1481 782 1545 eadem
864 1480 1051 1547 domo
1125 1482 1456 1548 mansisse.
1541 1484 1605 1548 in
1680 1483 1870 1548 huius
1946 1486 2157 1547 autem
2234 1481 2513 1566 hospitio
2585 1480 2713 1545 iam

329 1613 384 1654 ιο
423 1585 678 1669 quidam
743 1585 1010 1652 clericus
1075 1591 1294 1653 noster
1357 1589 1812 1672 Hipponiensis
1876 1593 2161 1653 remotus
2228 1591 2389 1664 erat;
2466 1591 2532 1652 et
2594 1587 2715 1651 hoc

424 1693 574 1775 quia
618 1693 740 1757 iste
789 1693 1027 1777 optime
1073 1699 1356 1773 nouerat,
1405 1715 1633 1780 negare
1678 1714 1802 1759 non
1846 1696 2084 1777 potuit,
2126 1714 2269 1760 nam
2320 1714 2480 1778 quae
2526 1713 2717 1776 nega-

423 1802 540 1880 uit,
599 1800 713 1865 deo
773 1801 986 1868 dimisi
1041 1802 1352 1880 iudicans,
1412 1821 1572 1886 quae
1630 1801 1948 1868 occultare
2002 1803 2352 1885 permissus
2408 1821 2527 1865 non
2596 1802 2713 1865 est.

425 1908 614 1972 timui
669 1907 727 1972 ei
785 1910 1184 1974 committere
1243 1910 1576 1975 ecclesiam
1631 1910 2001 1991 praesertim
2046 1909 2213 1974 inter
2256 1909 2717 1972 haereticorum

427 2013 1035 2080 circumlatrantium
1092 2017 1332 2081 rabiem
1386 2017 1819 2082 constitutam.
1881 2019 1946 2080 et
1992 2035 2136 2081 cum
2183 2035 2283 2080 me
2328 2018 2597 2100 rogaret,
2646 2016 2720 2078 ut

337 2147 390 2186 15
426 2120 506 2184 ad
551 2120 988 2205 presbyterum
1035 2123 1216 2187 fundi
1259 2123 1777 2190 Armenianensis
1824 2123 1885 2187 in
1936 2141 2158 2204 campo
2206 2122 2513 2200 Bullensi‚
2554 2121 2719 2185 unde

429 2229 508 2292 ad
570 2247 686 2294 nos
752 2229 1115 2309 densum-at,
1183 2249 1376 2295 causa
1439 2231 1577 2295 eius
1641 2231 1967 2295 insinuata
2026 2230 2274 2295 litteras
2342 2230 2574 2305 darem,
2640 2247 2719 2292 ne

429 2335 581 2418 quid
646 2336 721 2401 de
786 2337 899 2401 illo
968 2338 1245 2402 atrocius
1312 2338 1764 2419 suspicaretur,
1830 2341 1907 2402 ut
1967 2337 2102 2401 illic
2177 2337 2377 2414 uiuat,
2455 2335 2511 2398 si
2582 2335 2719 2398 fieri

427 2445 662 2523 potest,
711 2443 845 2508 sine
893 2443 1102 2510 officio
1149 2444 1521 2528 presbyterii
1569 2444 1929 2514 correctior,
1976 2442 2410 2508 misericordia
2446 2460 2719 2506 commo-

427 2552 535 2613 tus
591 2549 730 2616 feci.
796 2551 950 2616 haec
1008 2558 1221 2616 autem
1255 2570 1379 2616 me
1435 2549 1771 2634 praecipue
1818 2550 2187 2633 prudentiae
2234 2553 2383 2613 tuae
2427 2548 2719 2612 intimare

341 2682 394 2720 ιο
431 2657 783 2739 oportebat,
831 2677 909 2722 ne
958 2659 1172 2741 aliqua
1218 2659 1335 2722 tibi
1381 2659 1636 2723 fallacia
1683 2657 2069 2741 subreperet.

247 2773 294 2835 2
520 2763 756 2829 Audiui
820 2769 1034 2830 autem
1100 2784 1356 2831 causam
1422 2766 1580 2840 eius,
1650 2784 1794 2829 cum
1862 2767 2116 2828 centum
2182 2761 2317 2826 dies
2376 2764 2590 2826 essent
2645 2759 2724 2824 ad

431 2871 821 2936 dominicum
892 2874 1186 2957 paschae,
1254 2873 1362 2954 qui
1425 2872 1683 2937 futurus
1752 2874 1851 2936 est
1904 2869 2058 2934 VIII
2120 2869 2215 2934 Id.
2280 2868 2539 2951 Aprilis.
2606 2867 2724 2930 hoc

430 2981 688 3062 propter
751 2979 1090 3044 concilium
1153 2979 1474 3044 insinuare
1529 2978 1749 3044 curaui
1804 2976 2277 3042 uenerabilitati
2332 2979 2498 3052 tuae,
2557 2973 2727 3055 quod

434 3085 626 3150 etiam
679 3085 805 3168 ipsi
861 3105 984 3150 non
1032 3086 1258 3164 celaui,
1307 3086 1420 3150 sed
1468 3086 1524 3151 ei
1573 3086 1863 3162 fideliter,
1915 3084 2069 3167 quid
2116 3083 2486 3148 institutum
2534 3083 2727 3158 esset,

342 3219 395 3256 ιε»
435 3193 670 3275 aperui.
739 3197 806 3258 et
851 3193 907 3258 si
953 3193 1116 3258 intra
1161 3211 1393 3256 annum
1442 3211 1701 3257 causam
1752 3210 1954 3266 suam,
2006 3191 2061 3270 si
2108 3189 2270 3254 forte
2320 3189 2442 3253 sibi
2490 3185 2731 3268 aliquid

509 3372 532 3423 1
577 3367 771 3423 deuino
811 3369 866 3421 P
969 3370 1002 3422 2
1041 3373 1228 3438 posset
1264 3367 1392 3422 inde
1440 3367 1494 3422 U
1608 3368 1643 3420 4
1682 3367 1997 3436 grippit-ana
2034 3381 2156 3418 cum
2182 3379 2379 3432 parua
2413 3378 2528 3419 ras.
2565 3377 2732 3432 super

425 3465 600 3527 postr.
641 3459 674 3512 1.
713 3458 769 3510 Ρ
945 3459 977 3513 6
1024 3458 1335 3528 grippitano
1382 3457 1439 3510 P
1483 3455 1709 3526 giptano
1759 3454 1871 3509 ΥΠ
2045 3455 2075 3508 7
2125 3454 2379 3507 clericum
2424 3451 2629 3504 nullum
2670 3449 2737 3503 H

435 3549 468 3603 8
508 3547 878 3618 prandijdisse
917 3547 972 3599 P
1002 3547 1274 3618 pransisse
1319 3544 1609 3600 THRVU
1786 3545 1817 3598 9
1854 3545 1910 3598 in
1950 3542 2139 3597 eadem
2178 3541 2336 3595 domo
2374 3539 2738 3609 temptabam;

435 3639 492 3692 in
540 3637 720 3691 uicina
775 3641 832 3691 et
881 3637 938 3690 in
990 3653 1054 3690 ea
1113 3635 1271 3690 domo
1332 3635 1488 3690 codd.
1544 3635 1601 3687 in
1656 3651 1763 3688 una
1814 3633 1972 3687 domo
2024 3631 2175 3698 edd.;
2234 3631 2305 3698 cf.
2358 3647 2417 3698 p.
2478 3632 2615 3692 234,
2678 3633 2740 3681 11

439 3728 504 3782 10
543 3729 856 3797 ipponensis
907 3725 1013 3780 VU
1041 3725 1410 3796 Hipponensis
1450 3725 1572 3778 edd.
1678 3724 1739 3777 11
1784 3723 1911 3791 quia
1939 3738 2041 3776 om.
2071 3721 2128 3774 P
2226 3721 2292 3773 12
2320 3719 2565 3772 iudicans
2596 3733 2735 3787 quae

437 3817 706 3871 occultare
745 3816 1039 3886 permissus
1077 3831 1186 3868 non
1225 3813 1330 3882 est]
1373 3829 1514 3882 quae
1545 3812 1819 3866 occultare
1848 3810 2141 3880 permissus
2168 3825 2275 3862 non
2308 3811 2393 3861 est
2421 3806 2656 3860 indicaui
2689 3805 2745 3857 P

440 3905 506 3960 14
545 3905 1040 3959 circumlatrantem
1086 3903 1253 3957 THR
1269 3902 1374 3957 ΥΠ
1517 3903 1582 3955 15
1619 3901 1997 3970 presbiterium
2046 3897 2099 3952 U
2240 3895 2587 3951 armeniensis
2630 3892 2745 3947 PU

435 3993 871 4048 Armemanensis
909 3992 1030 4046 edd.
1175 3991 1442 4046 buellensi
1489 3989 1602 4044 VU
1705 3990 1772 4044 16
1814 3987 1882 4042 ad
1920 4004 2017 4041 uos
2064 3986 2176 4041 VU
2281 3987 2345 4040 17
2384 3983 2643 4038 attrotius
2688 3980 2744 4034 R

437 4084 668 4138 atrotius
715 4081 764 4136 U
865 4080 932 4136 13
971 4081 1230 4136 correctio
1261 4081 1316 4133 P
1416 4081 1481 4134 19
1518 4078 1842 4149 prudentiae
1882 4081 2007 4130 tuae
2046 4075 2333 4146 praecipue
2360 4073 2417 4126 P
2509 4071 2579 4125 20
2608 4069 2735 4122 sub·

435 4173 640 4244 riperet
683 4171 971 4240 zHRVU
1072 4172 1140 4225 22
1181 4173 1376 4224 octauo
1415 4168 1537 4222 idus
1581 4166 1873 4222 THRVU
1903 4165 2023 4220 edd.
2053 4170 2281 4234 praeter
2316 4179 2348 4216 r
2500 4159 2643 4229 april
2684 4159 2739 4214 P

437 4263 508 4316 24
547 4261 712 4316 etiam
749 4277 850 4315 om.
893 4261 946 4313 P
1103 4261 1174 4329 qd
1215 4263 1306 4326 (=
1346 4257 1514 4328 quod)
1551 4258 1607 4310 P
1784 4257 1852 4308 25
1893 4255 1971 4324 et]
2010 4257 2143 4307 utm
2301 4266 2518 4305 causam
2554 4248 2725 4318 suam]

439 4367 596 4406 suum
634 4350 796 4420 (sico
839 4365 1052 4403 causam
1101 4349 1150 4401 T
