3184 4959
523 425 651 488 232
1256 421 1310 476 S.
1365 421 1641 476 Aureli
1693 421 2129 491 Augustini

523 617 729 698 qualis
794 616 899 692 sit,
967 619 1050 691 et,
1119 615 1325 697 qualis
1391 618 1534 678 ante
1599 615 1810 690 fuerit,
1879 616 2126 698 quando
2192 616 2268 680 de
2326 635 2393 681 se
2452 615 2608 680 nihil
2663 617 2812 680 mali

523 723 694 786 credi
765 723 1043 798 uolebat,
1120 722 1311 786 faciet
1391 721 1697 806 intellegi.
1786 722 1999 787 nullus
2085 723 2249 788 enim
2334 723 2426 787 sic
2505 721 2811 806 proditur,

525 828 778 910 qualem
825 847 1082 894 causam
1129 827 1439 900 habuerit,
1490 848 1681 911 quam
1726 829 1856 907 ille,
1908 829 2017 911 qui
2062 847 2173 911 per
2230 831 2585 894 saeculares
2638 832 2815 912 pote-

523 937 722 998 states
788 935 896 998 uel
959 933 1276 1016 quaslibet
1332 933 1673 999 uiolentiae
1732 953 1878 999 cum
1932 935 2405 1017 perturbatione
2453 939 2517 1000 et
2562 936 2817 1016 querela

525 1043 786 1105 conatur
847 1044 1123 1122 recipere
1197 1039 1520 1117 honorem,
1601 1059 1791 1122 quem
1864 1040 2158 1124 perdidit.
2232 1060 2355 1105 non
2430 1041 2576 1106 uult
2647 1042 2816 1105 enim
2876 1064 2903 1104 5

525 1147 767 1212 uolenti
823 1147 1075 1212 Christo
1139 1146 1378 1212 seruire
1443 1146 1554 1211 sed
1613 1147 1986 1212 Christianis
2052 1148 2415 1214 nolentibus
2486 1148 2814 1213 dominari.

523 1253 734 1332 frater,
776 1255 947 1320 cauti
985 1258 1217 1330 estote3
1265 1253 1542 1318 multum
1581 1258 1836 1319 astutus
1876 1258 1977 1319 est
2011 1254 2331 1326 diabolus:
2378 1255 2487 1320 sed
2528 1254 2817 1320 Christus

526 1361 625 1426 dei
673 1361 986 1444 sapientia
1032 1367 1148 1426 est.

1573 1555 1764 1619 LXV.

651 1692 940 1748 DOMINO
977 1692 1414 1749 BEATISSIMO
1452 1693 1542 1748 ET
1581 1693 2169 1748 VENERABILITER
2210 1691 2691 1748 SUSCIPIENDO
2858 1703 2909 1740 ιο

526 1782 744 1837 PATRI
790 1783 882 1837 ET
932 1780 1488 1838 CONSACERDOTI
1545 1782 1715 1838 SENI
1759 1781 2180 1836 XAN'I'HIPPO
2228 1781 2689 1837 AUGUSTINUS
2738 1781 2819 1836 IN

1333 1870 1624 1926 DOMINO
1666 1871 2015 1961 SALUTEM.

620 1995 845 2063 Officio
895 1997 1108 2063 debito
1155 1998 1398 2063 meritis
1445 1999 1574 2063 tuis
1626 1999 1909 2062 salutans
1958 1997 2382 2082 dignationem
2431 2001 2609 2061 tuam
2664 1996 2823 2061 tuis-

531 2123 652 2186 que
716 2123 816 2168 me
883 2104 1274 2169 orationibus
1343 2103 1540 2188 ualde⁴
1604 2105 2049 2168 commendans
2124 2104 2373 2168 insinuo
2450 2103 2821 2187 prudentiae

527 2215 678 2276 tuae
706 2211 1184 2276 Abundantium
1222 2210 1534 2292 quendam
1571 2211 1636 2274 in
1675 2211 1869 2276 fundo
1910 2210 2422 2276 Strabonianensi
2470 2212 2822 2294 pertinente
2860 2237 2911 2277 ιε

533 2319 610 2383 ad
677 2337 890 2382 curam
957 2321 1238 2383 nostram
1305 2317 1663 2382 ordinatum
1726 2317 1925 2382 fuisse
1982 2318 2443 2401 presbyterum.
2510 2318 2617 2400 qui
2676 2337 2821 2381 cum

529 2445 652 2490 non
712 2425 1062 2490 ambularet
1116 2423 1256 2489 uias
1314 2443 1641 2488 seruorum
1700 2424 1819 2503 dei,
1868 2442 1991 2489 non
2038 2425 2268 2489 bonam
2314 2424 2543 2488 famam
2594 2424 2822 2488 habere

530 2535 841 2614 coeperat.
909 2551 1032 2614 qua
1087 2551 1204 2615 ego
1262 2533 1642 2596 conterritus
1698 2552 1821 2596 non
1867 2537 2077 2596 tamen
2124 2535 2361 2596 temere
2410 2530 2650 2614 aliquid
2697 2550 2821 2595 cre·

529 2639 682 2703 dens
741 2639 854 2704 sed
907 2641 1093 2722 plane
1151 2637 1485 2703 sollicitior
1539 2639 1747 2704 factus
1806 2656 2057 2721 operam
2116 2637 2281 2714 dedi,
2338 2639 2393 2702 si
2450 2657 2573 2720 quo
2633 2637 2820 2700 modo

531 2764 786 2828 possem
851 2745 930 2810 ad
992 2745 1208 2828 aliqua
1281 2747 1484 2810 malae
1560 2744 2059 2810 conuersationis
2134 2745 2270 2809 eius
2346 2747 2519 2810 certa
2588 2743 2825 2808 indicia
2858 2768 2909 2807 πο

529 2853 874 2934 peruenire.
942 2871 1015 2917 ac
1069 2853 1273 2935 primo
1331 2851 1611 2934 comperi
1667 2871 1812 2916 eum
1859 2852 2189 2934 pecuniam
2248 2852 2577 2916 cuiusdam
2635 2851 2823 2916 rusti-

713 3061 744 3114 7
781 3060 809 3114 I
849 3059 967 3116 Cor.
1010 3062 1058 3124 1,
1097 3062 1168 3115 24

603 3186 636 3240 8
674 3185 966 3239 habuerint
1010 3184 1064 3238 U
1165 3186 1201 3238 4
1237 3185 1347 3254 uel]
1387 3187 1442 3238 et
1487 3184 1603 3240 VU
1703 3187 1733 3240 7
1774 3185 1890 3239 ·FR·
1933 3186 1999 3238 H
2030 3185 2225 3239 fratres
2270 3185 2383 3240 TU
2397 3186 2579 3239 lsrm

959 3311 1014 3363 P
1067 3335 1134 3354 =
1173 3311 1288 3366 cod.
1327 3311 1631 3365 Parisinus
1666 3314 1822 3365 1453
1856 3328 1899 3365 ε.
1934 3311 2006 3364 Χ.

970 3399 1021 3452 Τ
1071 3424 1140 3445 =
1179 3400 1296 3454 cod.
1343 3400 1625 3455 Trecemis
1666 3404 1747 3454 40
1780 3417 1823 3454 ε.
1868 3400 2047 3452 XIII.

1072 3513 1138 3532 =
1177 3489 1293 3545 cod.
1333 3489 1483 3543 Mus.
1523 3490 1670 3545 Brit.
1710 3489 1881 3546 Harl.
1924 3493 2076 3543 3107
2112 3506 2155 3544 s.
2194 3488 2378 3543 XIII.

1174 3578 1291 3634 cod.
1339 3578 1649 3633 Vaticanus
1690 3581 1809 3632 494
1845 3595 1887 3632 8.
1930 3577 2105 3632 XIII
2136 3595 2215 3632 ex.

1173 3667 1290 3722 cod.
1340 3667 1653 3720 Vaticanus
1694 3669 1813 3720 495
1847 3685 1889 3721 s.
1932 3667 2060 3720 XV.

1065 3781 1132 3802 =
1171 3757 1286 3810 cod.
1337 3755 1647 3810 Vaticanus
1688 3759 1807 3810 499
1842 3774 1884 3810 s.
1924 3755 2055 3810 XV.

606 3878 674 3932 10
713 3883 770 3933 et
806 3895 907 3932 om.
954 3879 1008 3934 U
1148 3879 1493 3950 suspiciendo
1531 3879 1587 3934 R
1726 3881 1786 3933 11
1830 3880 2083 3950 santippo
2123 3879 2177 3932 P
2211 3879 2495 3948 sanctippo
2541 3875 2831 3932 THRVU

531 3969 807 4038 Xantippo
845 3969 966 4022 edd.
1045 3968 1110 4022 13
1139 3969 1273 4038 tuis]
1304 3969 1387 4022 tui
1425 3968 1475 4022 T
1547 3970 1614 4022 14
1649 3969 1865 4039 insinua
1896 3967 1964 4020 H
2038 3969 2099 4021 15
2128 3967 2505 4032 straboniensi,
2536 3983 2675 4021 corr.
2704 3984 2773 4022 m.
2796 3971 2825 4018 1

534 4057 970 4112 strabonianensi
1014 4056 1068 4111 U
1279 4058 1586 4127 pertinente
1626 4058 1682 4110 P
1726 4059 1996 4128 pertinere
2046 4057 2157 4112 VU
2336 4059 2401 4112 16
2440 4061 2679 4110 uestram
2722 4053 2832 4108 TV

539 4150 626 4213 (ue
671 4148 736 4200 in
779 4163 894 4202 ras.
931 4164 1000 4200 m.
1023 4151 1072 4212 1)
1123 4145 1178 4200 U
1214 4145 1332 4200 edd.
1373 4152 1667 4214 praeterm
1850 4148 1913 4201 17
1955 4147 2042 4201 dei
2082 4152 2219 4215 (exp.
2261 4153 2311 4198 et
2348 4150 2512 4213 eras.)
2552 4161 2824 4198 seruorum

537 4235 627 4290 dei
673 4235 722 4290 U
833 4235 897 4288 18
935 4235 1116 4304 coepit
1150 4235 1206 4290 P
1321 4251 1448 4304 ergo
1487 4235 1542 4287 P
1650 4237 1716 4288 19
1755 4234 1873 4304 sed]
1914 4234 2010 4290 sed
2047 4240 2228 4289 tamen
2265 4236 2320 4288 P
2434 4233 2595 4304 plane
2633 4249 2737 4288 om.
2767 4231 2829 4285 H

536 4325 607 4379 20
643 4324 922 4394 peruenire
959 4322 1164 4377 indicia
1201 4325 1254 4376 P
1399 4323 1599 4377 iudicia
1646 4323 1756 4378 VU

961 3489 1024 3565 Η

962 3579 1016 3632 R

972 3667 1017 3718 V
1045 3733 1054 3742 n

971 3755 1024 3810 U
