3184 4959
1109 452 1637 521 epistularum
1694 453 1831 508 CIX.
1890 454 1997 509 CX.
2564 459 2693 522 639

407 644 622 708 simam
670 644 1047 720 insinuauit;
1098 664 1318 710 uerum
1359 649 1569 710 tamen
1612 647 1729 711 etsi
1781 667 1903 712 non
1950 647 2106 711 mihi
2157 648 2246 712 rei
2294 668 2497 713 nouae
2544 649 2696 713 insi·

404 751 660 828 nuatrix,
710 769 876 816 noua
919 755 1132 816 tamen
1178 752 1630 836 rescriptorum
1680 754 1951 818 exactrix
1998 754 2139 818 fuit.

235 856 272 917 2
487 857 734 922 Miraris
771 859 1066 936 fortasse,
1115 877 1230 922 cur
1273 878 1375 923 me
1421 859 1614 924 huius
1663 859 1861 924 debiti
1906 863 2367 943 persolutorem
2414 862 2695 946 inparem

401 963 621 1042 dicam,
671 983 814 1029 cum
863 968 934 1029 tu
984 965 1059 1030 (16
1107 985 1210 1030 1116
1255 969 1385 1030 tam
1432 967 1712 1031 multum
1756 968 2015 1045 sentim,
2065 968 2173 1050 qui
2218 988 2321 1033 me
2365 973 2691 1052 tamquam

336 1095 360 1133 5
399 1070 605 1134 anima
655 1090 799 1135 mea
851 1072 1124 1136 noueris.
1184 1072 1296 1137 sed
1349 1073 1469 1138 hoc
1523 1073 1739 1156 ipsum
1786 1077 1905 1152 est,
1964 1075 2133 1157 quod
2186 1075 2344 1139 mihi
2399 1095 2695 1160 magnam

399 1176 838 1242 difficultatem
893 1178 1047 1243 facit
1099 1178 1520 1260 respondendi
1575 1178 1808 1244 litteris
1864 1181 2017 1259 tuis,
2076 1181 2226 1264 quia
2280 1185 2363 1258 et,
2423 1185 2695 1266 quantus

398 1283 552 1348 mihi
589 1284 888 1362 uideariffi
926 1303 1113 1366 parco
1139 1287 1345 1349 dicere
1382 1290 1638 1368 propter
1674 1287 2120 1352 uerecundiam
2156 1290 2333 1352 tuam
2374 1292 2439 1353 et
2474 1289 2697 1371 utique

399 1390 606 1456 minus
674 1391 960 1468 dicendo,
1037 1411 1182 1456 cum
1247 1396 1319 1457 tu
1393 1393 1455 1456 in
1523 1412 1625 1458 me
1690 1397 1933 1458 tantam
2011 1393 2264 1459 laudem
2330 1395 2695 1472 contuleriS‚

401 1497 551 1579 quid
587 1499 711 1562 nisi
751 1499 998 1564 debitor
1031 1500 1410 1564 remanebo?
1457 1500 1628 1583 quod
1666 1520 1786 1566 non
1816 1507 2133 1578 curarem,
2181 1502 2237 1566 si
2276 1521 2368 1579 ea,
2420 1521 2581 1584 quae
2621 1501 2698 1565 (16

315 1629 366 1666 ιο
398 1623 499 1668 me
537 1603 616 1667 ad
653 1624 754 1668 me
791 1604 1047 1670 locutus
1088 1625 1176 1682 es,
1216 1626 1334 1671 non
1377 1626 1449 1672 ex
1487 1607 1747 1673 caritate
1795 1608 2225 1673 sincerissima
2261 1608 2433 1674 dicta
2470 1609 2697 1674 scirem

401 1710 511 1774 sed
557 1711 918 1776 adulatione
962 1712 1220 1778 inimica
1267 1713 1603 1780 amicitiae.
1645 1715 1765 1779 hoc
1804 1715 2037 1797 quippe
2074 1715 2262 1779 modo
2303 1734 2415 1780 nec
2455 1715 2702 1781 debitor

399 1817 633 1895 fierem,
691 1818 842 1899 quia
895 1819 1048 1883 talia
1102 1820 1438 1902 rependere
1495 1841 1617 1886 non
1666 1821 1991 1896 deberem;
2050 1821 2163 1886 sed
2210 1827 2443 1903 quanto
2492 1822 2697 1907 magis

401 1924 570 2001 noui,
628 1943 816 2007 quam
871 1924 1046 1990 fideli
1103 1927 1310 1992 animo
1358 1927 1660 2010 loqueris,
1718 1932 1893 1992 tanto
1942 1928 2149 2012 magis
2196 1928 2406 2007 uideo,
2464 1933 2697 2011 quanto

399 2029 610 2095 debito
658 2049 902 2112 grauer.

227 2135 264 2196 3
313 2161 362 2200 15
488 2135 647 2202 Vide
693 2139 928 2215 autem,
977 2138 1130 2219 quid
1173 2139 1330 2203 mihi
1377 2139 1665 2224 contigit,
1724 2143 1801 2204 ut
1844 2160 1945 2205 me
1995 2140 2268 2223 quodam
2316 2139 2502 2205 modo
2559 2141 2697 2222 ipse

393 2246 810 2326 laudauerim,
859 2247 968 2331 qui
1012 2267 1114 2311 me
1154 2266 1191 2310 a
1236 2251 1299 2312 te
1345 2247 1619 2312 fideliter
1661 2247 1994 2312 laudatum
2044 2247 2325 2311 dixerim.
2384 2247 2497 2310 sed
2544 2248 2697 2329 quid

396 2353 570 2418 aliud
627 2354 898 2420 dicerem
955 2374 1144 2438 quam
1208 2353 1294 2434 id,
1361 2354 1531 2436 quod
1597 2354 1672 2419 (16
1736 2357 1803 2418 te
1859 2353 2181 2431 admonui,
2240 2373 2429 2436 quam
2485 2355 2699 2418 nosti?

397 2480 545 2526 ecce
588 2462 747 2526 mihi
795 2480 1026 2526 nouam
1081 2461 1202 2526 feci
1251 2461 1710 2544 quaestionem,
1770 2481 1957 2544 quam
2008 2464 2080 2525 tu
2128 2479 2249 2525 non
2306 2461 2701 2542 proposuisti

398 2573 465 2632 et
518 2587 656 2633 eam
719 2569 1011 2634 fortassis
1069 2571 1362 2650 expectas
1427 2572 1502 2632 ut
1567 2568 1836 2632 soluam.
1900 2567 1990 2630 ita
2053 2567 2213 2631 mihi
2264 2585 2489 2648 parum
2546 2571 2697 2642 erat,

306 2695 358 2733 20
399 2674 570 2756 quod
610 2674 857 2739 debitor
893 2693 1083 2750 eram,
1131 2673 1255 2738 nisi
1295 2675 1484 2738 etiam
1534 2693 1637 2739 me
1684 2673 1987 2757 ampliore
2035 2673 2247 2738 debito
2292 2672 2431 2754 ipse
2480 2692 2701 2738 cumu-

396 2785 612 2848 larem.
669 2800 1052 2864 quamquam
1111 2781 1232 2846 hoc
1287 2781 1474 2846 facile
1531 2782 1621 2845 sit
1674 2781 2003 2846 ostendere
2061 2781 2143 2854 et,
2194 2779 2249 2844 si
2314 2798 2435 2844 non
2494 2783 2698 2844 osten-

401 2887 564 2966 dam,
621 2888 810 2952 facile
865 2887 986 2952 tibi
1043 2887 1256 2952 uidere
1315 2891 1380 2952 et
1435 2907 1588 2952 uera
1642 2887 1981 2952 infideliter
2028 2887 2153 2950 dici
2208 2905 2399 2970 posse
2457 2890 2521 2951 et
2576 2905 2697 2950 non

400 3013 549 3058 uera
595 2993 886 3058 fideliter.
935 2994 1042 3076 qui
1091 2993 1260 3057 enim
1309 2992 1401 3057 sic
1451 2993 1670 3070 credit,
1726 2995 1803 3057 ut
1844 2992 2149 3075 loquitur,
2209 2992 2330 3056 etsi
2379 3013 2498 3057 non
2551 3011 2699 3057 uera

399 3101 702 3182 loquitur,
741 3099 1015 3164 fideliter
1049 3101 1358 3182 loquitur;
1403 3101 1510 3183 qui
1541 3103 1751 3165 autem
1794 3120 1915 3165 non
1945 3099 2162 3172 credit,
2196 3117 2356 3181 quae
2392 3098 2697 3180 loquitur,

309 3230 364 3267 25
403 3207 526 3271 etsi
579 3227 732 3270 uera
784 3207 1086 3289 loquitur,
1141 3207 1484 3272 infideliter
1537 3206 1844 3288 loquitur.
1900 3205 2211 3287 numquid
2258 3223 2405 3289 ergo
2454 3203 2698 3282 dubim,

474 3468 506 3520 3
548 3468 934 3536 persolutione.
971 3485 1040 3523 m.
1063 3473 1093 3522 1
1128 3485 1302 3537 supra
1339 3469 1366 3522 1·
1403 3469 1794 3538 persolutorem
1830 3467 1887 3522 Β
1995 3469 2030 3521 4
2067 3467 2133 3521 (16
2172 3467 2235 3520 in
2262 3467 2382 3536 fine
2417 3483 2473 3520 u.
2514 3483 2615 3520 om.
2650 3468 2701 3519 A

406 3556 472 3609 de
514 3556 572 3622 (d
609 3573 676 3610 ex
711 3573 846 3611 corr.
886 3573 954 3610 m.
977 3558 1032 3627 1)
1069 3557 1144 3610 P¹
1294 3561 1410 3611 tam
1447 3557 1699 3627 multum]
1739 3561 1951 3611 tantum
1990 3557 2058 3609 M
2202 3557 2234 3612 6
2271 3556 2406 3610 fecit
2441 3555 2701 3622 Rflrm

477 3645 732 3716 respondi
767 3645 900 3699 MF
1084 3647 1116 3699 9
1158 3663 1295 3715 quae
1333 3645 1400 3699 (16
1437 3646 1554 3717 11161
1579 3644 1849 3700 allocutus
1888 3662 1945 3699 es
1982 3645 2037 3698 A
2236 3646 2303 3699 10
2340 3643 2701 3698 sincerissima

405 3735 633 3788 caritate
669 3733 726 3788 R
938 3735 996 3788 11
1038 3735 1162 3804 1166]
1201 3751 1310 3788 non
1347 3734 1407 3788 F
1622 3736 1687 3789 12
1724 3733 2051 3805 respondere
2087 3733 2161 3788 M
2194 3732 2589 3803 reprehendere
2624 3732 2699 3785 P¹

410 3824 474 3877 13
513 3823 662 3878 fideli
699 3823 902 3893 animo]
943 3822 1125 3877 fidelia
1161 3839 1318 3876 nemo
1354 3823 1431 3876 M
1462 3822 1649 3876 fidelia
1685 3839 1879 3893 nempe
1917 3823 1971 3877 A
2155 3824 2222 3876 14
2260 3839 2523 3892 grauenvvm
2565 3825 2697 3886 (ras.

404 3917 548 3966 1—2
585 3913 642 3978 l.)
681 3913 737 3965 P
917 3912 982 3966 15
1021 3911 1166 3980 quod
1202 3911 1434 3965 admodo
1471 3912 1545 3966 M
1685 3913 1801 3982 ipse
1839 3927 1941 3967 om.
1980 3911 2037 3966 R
2220 3912 2283 3964 17
2324 3911 2465 3980 quod
2504 3927 2607 3964 om.
2646 3909 2708 3964 F

479 4001 713 4064 admoui,
751 4007 874 4056 m.1
909 4017 1046 4056 corr.
1087 4001 1342 4054 admonui
1377 4001 1440 4056 F
1616 4017 1793 4070 quem,
1830 4018 1898 4054 m.
1920 4005 1952 4053 1
1985 4018 2160 4070 supra
2196 4001 2225 4052 l'
2261 4016 2423 4069 quam
2448 3999 2505 4054 R
2542 4015 2701 4067 quem

407 4092 558 4159 edd.;
593 4091 662 4158 cf.
700 4109 755 4144 u.
800 4093 949 4144 4-5
1026 4091 1092 4144 18
1129 4089 1269 4144 Eece
1310 4091 1472 4156 (εἰσί)
1513 4089 1575 4144 F
1687 4107 1883 4143 nouam
1921 4089 2055 4144 mihi
2094 4089 2469 4160 quaestionem
2505 4088 2611 4142 feci
2646 4087 2703 4142 Β

477 4181 744 4250 propuisti
783 4182 836 4234 A
1007 4180 1078 4234 20
1117 4180 1365 4249 ampliori
1403 4179 1458 4232 P
1492 4179 1807 4248 ampliorem
1844 4179 2023 4234 MFA
2196 4179 2261 4232 21
2302 4177 2496 4232 facileo
2538 4178 2699 4244 (εἰσί)

407 4270 480 4323 sit
515 4269 576 4323 F
608 4270 683 4322 sit
719 4269 880 4323 facile
917 4268 974 4323 Β
1081 4270 1149 4323 25
1187 4285 1315 4322 uero
1352 4269 1412 4323 F
1443 4284 1570 4322 uere
1606 4267 1663 4321 A
1809 4283 1909 4336 ego
1946 4267 2021 4322 M
2162 4267 2366 4330 debito,
2404 4282 2543 4321 corr.
2582 4283 2651 4320 m.
2673 4270 2703 4319 1

408 4358 598 4412 dubito
636 4357 692 4412 R
