3184 4959
1116 454 1645 523 epistularum
1701 453 1897 508 XLIII.
2373 535 2391 547 ,
2559 460 2643 523 97

352 647 544 712 etiam
600 667 822 713 rursus
881 647 1166 713 accusari
1221 647 1649 714 Caecilianum
1704 649 2025 716 uolebant.
2086 649 2196 714 sed
2250 651 2435 733 plane
2482 653 2647 717 tales

349 754 726 818 inuenerant
766 755 1034 824 iudices.
1085 757 1316 838 quibus
1363 756 1540 820 illam
1589 757 1973 822 dementiam
2020 758 2499 840 persuaderent!

205 858 269 919 15
437 861 724 926 Potestis
771 863 935 926 enim
981 881 1092 946 pro
1140 867 1354 928 uestra
1397 863 1735 946 prudentia
1773 867 1837 928 et
1870 864 2129 929 illorum
2166 867 2647 948 peruersitatem

353 967 484 1032 illic
541 968 878 1034 adtendere
934 977 1000 1034 et
1053 971 1334 1036 iudicum
1393 970 1797 1054 grauitatem,
1856 989 2039 1053 quem
2100 971 2177 1034 ad
2241 972 2500 1036 modum
2568 973 2647 1036 ad

296 1098 320 1134 ⁵
356 1078 703 1140 extremum
751 1076 1128 1157 persuadere
1177 1096 1297 1141 non
1345 1081 1631 1159 possent,
1680 1080 1753 1141 ut
1800 1097 1835 1141 a
1872 1077 2057 1158 plebe
2094 1077 2293 1161 partis
2332 1077 2647 1156 Maiorini,

356 1203 516 1264 quae
576 1187 810 1248 certam
867 1203 1198 1266 personam
1265 1205 1384 1251 non
1456 1185 1751 1262 habebat,
1820 1189 2193 1268 argueretur
2256 1185 2655 1250 Caecilianus

357 1295 422 1354 et
473 1289 768 1372 requisiti
816 1289 892 1353 ab
944 1289 1036 1354 eis
1084 1294 1300 1354 essent
1344 1289 1448 1355 uel
1497 1294 1901 1354 accusatores
1948 1290 2055 1354 uel
2102 1293 2302 1354 testes
2350 1291 2457 1356 uel
2506 1311 2655 1373 quo·

358 1416 480 1480 quo
546 1397 736 1462 modo
804 1415 1031 1461 causae
1095 1397 1458 1474 necessarii,
1525 1397 1633 1478 qui
1701 1398 1895 1462 simul
1961 1417 2105 1462 cum
2165 1399 2258 1462 eis
2318 1419 2389 1463 ex
2442 1399 2659 1464 Africa

359 1509 682 1581 uenerant,
738 1507 804 1567 et
859 1521 966 1568 eos
1013 1507 1380 1587 praesentes
1427 1505 1629 1568 fuisse
1677 1507 1867 1586 atque
1914 1521 1951 1568 a
1996 1505 2244 1570 Donato
2294 1507 2655 1571 subtractos

280 1633 324 1672 ιο
359 1629 498 1674 esse
556 1611 892 1675 diceretur.
959 1611 1256 1693 promisit
1309 1610 1478 1675 idem
1534 1611 1847 1687 Donatus,
1897 1611 2065 1693 quod
2115 1631 2225 1676 eos
2272 1615 2448 1678 esset
2492 1613 2657 1677 exhi—

359 1717 632 1781 biturus.
684 1717 852 1798 quod
896 1737 1041 1781 cum
1080 1735 1201 1782 non
1241 1717 1438 1782 semel
1478 1717 1589 1780 sed
1630 1718 1881 1800 saepius
1921 1718 2341 1801 promisisset,
2382 1719 2657 1802 amplius

363 1825 436 1887 ad
502 1824 668 1888 illud
733 1823 1040 1888 iudicium
1107 1824 1400 1889 accedere
1467 1824 1697 1901 noluit,
1753 1825 1863 1889 ubi
1918 1827 2042 1889 iam
2105 1830 2237 1890 erat
2290 1831 2469 1890 tanta
2515 1844 2657 1890 con-

360 1931 592 2008 fessus,
649 1933 724 1994 ut
781 1931 937 1995 nihil
996 1930 1166 1996 aliud
1231 1931 1524 2014 deinceps
1581 1950 1702 1996 non
1760 1931 2116 1996 accedendo
2172 1932 2297 1998 nisi
2361 1951 2657 2016 praesens

363 2037 642 2102 damnari
705 2036 992 2102 noluisse
1059 2037 1403 2116 uideretur,
1461 2057 1605 2102 cum
1662 2043 1875 2104 tamen
1934 2057 2027 2114 ea,
2088 2057 2248 2120 quae
2306 2037 2658 2102 damnanda

285 2165 329 2204 ιε»
363 2147 592 2217 essent,
661 2163 734 2209 eo
799 2147 1128 2227 praesente
1193 2147 1384 2227 atque
1449 2145 1837 2228 interrogato
1920 2145 2327 2210 manifestata
2400 2145 2655 2210 fuerint.

363 2250 636 2316 accessit
689 2251 884 2328 aliud,
940 2253 1016 2315 ut
1067 2271 1104 2314 a
1160 2252 1542 2334 quibusdam
1591 2253 1898 2317 aduersus
1948 2251 2372 2317 Caecilianum
2423 2251 2657 2316 denun-

361 2355 646 2423 tiationis
701 2357 960 2422 libellus
1016 2359 1286 2424 daretur.
1333 2363 1484 2442 post
1530 2359 1697 2442 quod
1746 2359 1985 2423 factum
2037 2378 2223 2440 quem
2272 2359 2351 2422 ad
2396 2359 2653 2424 modum

365 2465 450 2528 sit
499 2483 726 2528 rursus
785 2465 1028 2548 agitata
1083 2465 1363 2548 cognitio
1422 2469 1485 2530 et
1543 2485 1703 2549 quae
1756 2484 2059 2548 personae
2114 2465 2299 2530 illum
2366 2465 2655 2530 libellum

364 2570 652 2636 dederint
717 2591 968 2653 quoque
1031 2572 1220 2637 modo
1267 2573 1428 2637 nihil
1471 2573 1536 2636 in
1586 2571 2012 2638 Caecilianum
2060 2571 2310 2654 probari
2356 2570 2655 2652 potuerit.

283 2699 330 2738 κο
366 2676 515 2758 quid
573 2677 802 2754 dicam,
861 2696 1006 2743 cum
1065 2682 1129 2743 et
1184 2679 1512 2743 audieritis
1573 2679 1781 2744 omnia
1828 2680 1911 2754 et,
1962 2677 2253 2759 quotiens
2300 2677 2657 2752 uolueritiS‚

364 2783 574 2868 legere
621 2784 928 2866 possitis?

217 2902 284 2963 16
451 2891 547 2954 De
623 2911 884 2956 numero
960 2897 1172 2956 autem
1250 2892 1655 2976 septuaginta
1728 2892 2171 2974 episcoporum
2247 2909 2392 2955 cum
2478 2890 2658 2972 quasi
2712 2895 2717 2898 '

366 2997 745 3080 grauissima
801 3003 1222 3082 opponeretur
1275 2998 1643 3076 auctorit-as,
1702 3017 1860 3080 quae
1916 2998 2149 3063 fuerint
2204 2997 2405 3074 dicta‚'
2439 2997 2660 3062 memi-

366 3102 572 3170 nistis,
652 3109 716 3168 et
785 3109 998 3168 tamen
1077 3104 1200 3169 uiri
1277 3104 1644 3188 grauissimi
1706 3105 1782 3169 ab
1848 3104 2115 3170 infinitis
2180 3104 2659 3187 quaestionibus

285 3232 332 3270 2⁵
365 3214 584 3274 catena
639 3209 910 3292 quadam
959 3211 1384 3295 inexplicabili
1434 3231 1575 3276 sese
1624 3211 2026 3276 nectentibus
2076 3231 2265 3275 suum
2310 3215 2663 3294 temperare

435 3471 460 3523 1
501 3469 666 3538 tales]
706 3487 816 3524 non
855 3471 996 3524 tales
1023 3471 1218 3539 flrm
1290 3471 1323 3524 2
1353 3471 1650 3536 inuenerat,
1689 3487 1825 3526 corr.
1864 3488 1931 3527 m.
1954 3476 1983 3524 1
2020 3472 2341 3524 inuenerant
2368 3471 2443 3524 M
2512 3473 2547 3524 4
2576 3470 2657 3522 iu-

365 3558 560 3612 dicium
596 3559 657 3614 F
734 3561 766 3613 5
805 3559 1118 3628 persuaderi
1155 3559 1342 3627 flrm
1453 3558 1520 3612 ad
1557 3559 1718 3628 plebe
1758 3562 1849 3622 (m.
1873 3564 1912 3613 2
1948 3559 2127 3628 plebis)
2166 3559 2238 3614 M
2272 3575 2303 3612 a
2340 3559 2553 3628 plebem
2585 3563 2659 3622 (m

364 3647 464 3704 del.
503 3665 573 3701 m.
611 3653 674 3702 ut
709 3647 826 3702 uid.
867 3651 926 3710 2)
966 3648 1023 3701 P
1066 3649 1135 3702 ad
1179 3649 1338 3719 plebe
1379 3647 1440 3701 F
1487 3647 1542 3714 (d
1582 3665 1701 3716 exp.
1738 3655 1791 3703 ct
1826 3673 1895 3694 ev
1936 3654 2101 3714 eras.)
2140 3649 2193 3701 A
2372 3651 2555 3717 partes
2594 3645 2667 3700 M

363 3739 520 3795 (corr.
551 3753 622 3790 m.
644 3741 676 3789 1
701 3737 900 3806 partis)
920 3739 974 3791 A
1001 3738 1192 3806 patris,
1220 3754 1287 3790 m.
1314 3740 1352 3790 2
1379 3737 1549 3806 partis
1577 3737 1633 3789 P
1736 3737 2050 3804 maioriniq;
2070 3738 2075 3804 Ι
2094 3739 2295 3789 certam
2314 3735 2387 3789 M
2410 3735 2663 3790 maiorini

364 3827 454 3895 qui
475 3831 676 3882 certam
700 3829 753 3881 A
828 3829 860 3881 6
879 3827 1157 3880 habebant
1175 3827 1300 3882 MA
1377 3827 1408 3878 7
1431 3833 1614 3880 essent
1635 3832 1975 3881 accusatores
1994 3827 2051 3880 R
2160 3827 2247 3879 uel
2264 3825 2269 3893 Ι
2288 3841 2392 3894 quo
2414 3823 2572 3878 modo
2594 3823 2662 3876 M

367 3916 450 3969 uel
487 3933 592 3986 quo
619 3917 626 3986 l
652 3915 812 3970 modo
849 3914 912 3968 F
943 3915 1032 3968 uel
1069 3931 1174 3984 quo
1211 3915 1372 3968 modo
1409 3915 1464 3970 R
1620 3917 1653 3968 9
1691 3915 1759 3968 ad
1798 3913 1999 3969 donato
2036 3916 2091 3968 A
2250 3915 2317 3968 10
2354 3913 2664 3966 dicerentur

367 4009 420 4068 (n
457 4021 576 4072 exp.
614 4021 682 4057 m.
707 4009 757 4068 1)
797 4003 871 4057 M
1010 4003 1178 4073 idem]
1220 4004 1363 4056 enim
1399 4003 1456 4058 R
1604 4003 1935 4057 exhibituros
1976 4001 2152 4056 MFA
2276 4003 2339 4054 12
2378 4001 2493 4064 illu,
2531 4017 2599 4054 m.
2624 4004 2663 4052 2

363 4093 460 4147 illd
499 4093 599 4162 (sic
619 4097 657 4162 Ι)
686 4093 761 4148 Μ
863 4097 1022 4146 tauta
1060 4097 1178 4146 erat
1207 4093 1259 4146 R
1355 4093 1420 4146 13
1459 4092 1789 4160 accedendo]
1828 4091 2062 4145 tacendo
2092 4092 2146 4145 P
2236 4092 2303 4144 14
2340 4089 2579 4142 uoluisse
2608 4089 2662 4140 A

371 4184 432 4236 15
469 4187 752 4252 *presente
789 4181 850 4234 F
983 4183 1048 4236 16
1087 4180 1264 4250 aliud]
1299 4171 1363 4234 ⁴et
1401 4181 1550 4234 aliud
1577 4181 1775 4248 flrm
1922 4197 1953 4233 a
1990 4197 2092 4234 om.
2131 4181 2185 4232 A
2326 4179 2390 4232 18
2431 4178 2663 4246 agnitio,

368 4287 500 4325 cor-r.
539 4289 608 4326 m.
631 4276 662 4324 1
699 4271 943 4340 cognitio
979 4270 1054 4324 M
1215 4271 1280 4324 19
1321 4287 1536 4340 quoquo
1575 4271 1631 4324 R
1790 4270 1861 4324 20
1899 4285 2017 4323 cum
2060 4270 2137 4338 et]
2177 4273 2234 4322 et
2271 4285 2390 4322 cum
2428 4265 2663 4320 MFAR

367 4361 436 4414 22
473 4361 614 4432 cum]
655 4361 749 4429 qui
785 4360 860 4414 M
964 4361 1033 4414 23
1071 4361 1294 4414 fuerunt
1330 4360 1506 4414 MFA
1531 4378 1566 4412 a
1589 4377 1617 4414 e

420 4484 658 4534 xxxrm,
692 4485 808 4533 Aug.
839 4487 950 4525 sect.
981 4483 1026 4524 11
1055 4495 1162 4534 pars
1189 4487 1231 4526 2.
2560 4461 2589 4512 7
