3184 4959
231 1630 280 1665 10

227 2155 282 2195 15

225 2690 277 2729 20

1051 450 1586 521 epistularum
1644 449 1886 504 cxvm.
2484 454 2607 518 691

317 668 564 730 corpus,
595 646 763 711 unde
789 647 1002 730 imago
1032 645 1275 722 flueret,
1306 648 1538 727 quanto
1570 644 1839 709 solidius
1870 649 1987 722 est,
2018 648 2443 727 praestantius
2473 668 2613 714 esse

313 755 656 820 iudicetur!
705 753 976 836 ideoque
1012 751 1354 817 fluctuauit
1392 751 1550 827 eiuS,
1601 750 1772 816 sicut
1806 752 1917 816 isti
1957 751 2192 831 dicunt,
2235 755 2613 837 nutauitque

315 861 651 938 sententia,
715 862 792 925 ut
855 859 1190 943 aliquando
1255 861 1544 923 naturam
1618 858 1951 942 quandam,
2021 858 2095 924 de
2162 879 2285 943 qua
2346 860 2615 926 fluerent

313 969 643 1053 imagineS,
703 967 887 1032 deum
946 986 1086 1031 esse
1143 960 1400 1044 diceret,
1459 965 1568 1049 qui
1624 969 1835 1030 tamen
1894 966 2159 1051 cogitari
2214 986 2337 1034 non
2392 974 2613 1051 posset

317 1076 440 1140 nisi
495 1094 606 1157 per
651 1093 756 1137 eas
809 1072 1144 1157 imagineS,
1195 1092 1351 1156 quas
1409 1072 1621 1136 fundit
1668 1091 1739 1137 ac
1792 1072 2015 1150 mittit,
2071 1073 2137 1138 id
2183 1076 2282 1138 est
2328 1094 2488 1157 quae
2536 1076 2614 1139 de

314 1183 426 1246 illa
480 1184 726 1260 natura,
773 1199 965 1263 quam
1010 1180 1226 1245 nescio
1275 1198 1462 1262 quam
1513 1197 1875 1262 corpoream
1922 1183 1988 1244 et
2042 1181 2493 1263 sempiternam
2538 1202 2612 1246 ae

313 1308 425 1372 per
460 1289 580 1353 hoc
620 1287 811 1351 etiam
851 1286 1134 1351 diuinam
1181 1288 1388 1368 putat,
1441 1286 1623 1368 quasi
1662 1285 1919 1367 uaporis
1960 1285 2377 1352 similitudine
2416 1289 2613 1353 conti·

316 1414 440 1459 nua
501 1396 684 1459 uelut
749 1393 1140 1461 emanatione
1205 1393 1520 1457 ferrentur
1575 1396 1641 1457 et
1703 1392 1992 1457 uenirent
2054 1396 2243 1476 atque
2306 1394 2615 1459 intrarent

315 1502 376 1566 in
440 1502 684 1566 animos
759 1504 1031 1577 nostros,
1105 1502 1182 1563 ut
1245 1500 1433 1565 deum
1509 1500 1648 1569 uel,
1683 1498 1834 1564 deos
1902 1499 2179 1583 cogitare
2251 1518 2607 1582 possemus,

314 1608 554 1671 nullam
620 1607 787 1671 enim
862 1607 1048 1671 aliam
1124 1626 1380 1672 causam
1456 1606 1802 1672 cuiuslibet
1876 1607 2283 1691 cogitationis
2356 1611 2611 1673 nostrae

316 1714 650 1797 opinantur
703 1713 833 1791 isti,
893 1713 1016 1777 nisi
1073 1732 1220 1779 cum
1277 1714 1352 1778 ab
1409 1713 1511 1778 his
1569 1714 1961 1795 corporibuS‚
2019 1732 2178 1797 quae
2226 1715 2610 1798 cogitamus,

314 1821 581 1885 ueniunt
627 1822 818 1903 atque
864 1820 1100 1885 intrant
1143 1820 1454 1904 imagines
1511 1820 1574 1885 in
1634 1820 1877 1885 animos
1935 1822 2207 1897 nostrOS,
2258 1822 2441 1904 quasi
2486 1842 2609 1887 non

315 1927 523 1991 multa
577 1945 648 1991 ac
703 1945 896 2010 prope
956 1926 1440 1992 innumerabilia
1486 1928 1845 2012 cogitentur
1896 1926 2370 2010 incorporaliter
2422 1932 2611 2012 atque

315 2033 818 2117 intellegibiliter
874 2034 950 2097 ab
1001 2034 1114 2109 eis,
1163 2035 1272 2115 qui
1319 2034 1474 2099 talia
1521 2034 1800 2119 cogitare
1856 2036 2189 2112 nonerunt,
2248 2035 2420 2100 sicut
2471 2036 2611 2118 ipsa

319 2139 624 2222 sapientia
679 2143 744 2203 et
805 2142 1063 2206 ueritaS.
1131 2137 1320 2223 qu'am
1388 2140 1443 2205 si
1497 2140 1611 2205 isti
1664 2158 1787 2206 non
1847 2142 2150 2225 cogitant,
2216 2142 2428 2219 miror,
2486 2162 2609 2226 quo

313 2246 500 2311 modo
550 2246 625 2311 de
681 2247 796 2311 illa
844 2251 1190 2331 utcumque
1238 2247 1592 2329 disputent;
1654 2246 1708 2310 si
1757 2250 1971 2311 autem
2019 2247 2321 2332 cogitant,
2376 2249 2608 2313 uellem

315 2352 472 2417 mihi
509 2352 805 2432 dicerent,
852 2355 961 2419 uel
1000 2354 1076 2418 de
1115 2374 1238 2438 quo
1277 2372 1534 2437 corpore
1581 2354 1690 2417 uel
1736 2352 1945 2435 qualis
1990 2353 2055 2417 in
2102 2372 2319 2419 eorum
2366 2356 2609 2420 animos

315 2460 531 2524 ueniat
572 2461 782 2545 imago
831 2461 1142 2525 ueritatis.

405 2566 805 2648 Quamquam
871 2567 1274 2632 Democritus
1342 2567 1533 2631 etiam
1600 2568 1720 2631 hoc
1786 2566 2021 2631 distare
2083 2566 2148 2631 in
2216 2568 2610 2634 naturalibus

317 2673 794 2755 quaestionibus
845 2674 920 2737 ab
967 2674 1241 2757 Epicuro
1292 2673 1544 2750 dicitur,
1593 2673 1762 2757 quod
1808 2673 1931 2738 iste
1978 2674 2175 2737 sentit
2220 2674 2427 2739 inesse
2468 2692 2609 2738 con·

315 2780 592 2845 cursioni
631 2783 991 2844 atomorum
1029 2780 1160 2844 uim
1201 2780 1516 2862 quandam
1565 2780 1903 2845 animalem
1943 2783 2007 2844 et
2054 2780 2437 2863 spirabilem,
2485 2798 2611 2862 qua

314 2887 383 2951 ui
429 2906 572 2951 eum
621 2886 807 2951 credo
857 2890 922 2951 et
966 2886 1322 2971 ‘imagines’
1365 2886 1537 2968 ipsas
1585 2885 1939 2951 ‘diuinitate
1992 2886 2335 2969 praeditas'
2380 2886 2607 2961 dicere,

313 3010 437 3056 non
486 3012 704 3057 omnes
764 2993 1046 3059 omnium
1103 3012 1311 3058 rerum
1371 2994 1482 3058 sed
1531 2994 1813 3071 deorum,
1872 2996 1937 3058 et
1983 2993 2311 3077 ‘principia
2356 2992 2609 3057 mentis’

489 3254 522 3306 2
563 3253 628 3306 cf.
669 3252 777 3310 Cic.
819 3254 885 3307 de
922 3256 1034 3308 nat.
1075 3254 1126 3308 d.
1163 3253 1191 3306 Ι
1231 3254 1314 3317 12,
1363 3254 1458 3316 29;
1496 3254 1584 3318 43,
1627 3254 1729 3309 120
1874 3254 1938 3308 21
1982 3252 2047 3309 cf.
2088 3252 2199 3309 Cic.
2238 3252 2304 3306 de
2340 3256 2451 3306 nat.
2492 3252 2541 3305 d.
2581 3252 2607 3306 1

207 3422 210 3425 ῃ
311 3344 398 3406 43,
441 3343 541 3396 120

387 3466 410 3519 1
453 3465 668 3535 quando
697 3466 752 3519 A
897 3466 1370 3535 praestantiusque
1397 3466 1452 3519 P
1470 3482 1507 3519 a
1529 3467 1897 3535 praestantius
1936 3482 2147 3535 quoque
2168 3482 2196 3519 e
2203 3466 2249 3533 f
2267 3467 2425 3519 tanto
2452 3482 2605 3535 prae·

312 3556 546 3608 stantius
587 3570 800 3624 quoque
840 3555 977 3609 lrm
1085 3556 1118 3607 2
1155 3554 1386 3624 ideoque
1427 3560 1552 3623 (que
1589 3571 1631 3609 8.
1670 3572 1725 3609 u.
1764 3572 1831 3607 m.
1861 3561 1926 3609 ut
1959 3554 2077 3608 uid.
2118 3556 2177 3625 2)
2214 3554 2289 3608 Ρι
2432 3558 2607 3608 muta-

311 3644 499 3712 uitque
535 3644 591 3696 A
697 3645 732 3696 4
771 3642 860 3697 dni
899 3645 953 3697 A
1099 3642 1342 3697 dicerent
1377 3644 1494 3697 RV
1646 3660 1785 3712 quae
1820 3644 1877 3697 A
1914 3644 2041 3713 quia
2086 3642 2139 3697 V
2276 3643 2517 3713 cogitare
2553 3643 2608 3696 A

311 3734 342 3785 5
383 3731 588 3785 emittit
625 3732 678 3785 P
711 3732 860 3797 edd.;
897 3733 967 3799 cs.
1014 3732 1121 3786 Cic.
1163 3732 1228 3785 de
1263 3737 1380 3786 nat.
1421 3732 1471 3786 d.
1511 3731 1556 3785 I
1584 3736 1657 3785 12
1694 3735 1774 3785 29
1882 3732 1913 3785 6
1943 3748 2033 3786 *ac
2058 3732 2132 3785 M
2238 3734 2268 3785 7
2310 3732 2473 3785 etiam
2510 3750 2609 3802 per

308 3821 413 3874 hoc
449 3820 570 3875 edd.
717 3820 1127 3875 similitudinem
1167 3821 1321 3875 codd.
1363 3839 1399 3875 a
1534 3821 1567 3874 8
1609 3822 1953 3884 eminatione,
1991 3838 2060 3874 m.
2082 3825 2122 3875 2
2158 3821 2500 3875 emanatione
2538 3821 2612 3874 M

315 3910 379 3964 10
418 3910 796 3977 cogitationes,
833 3914 960 3964 m.2
997 3911 1346 3980 cogitationis
1381 3910 1456 3963 Μ
1672 3910 1737 3963 12
1774 3912 1999 3964 ueniant
2037 3914 2200 3979 atque
2236 3911 2447 3964 intrant
2481 3910 2606 3965 MA

311 4000 536 4052 ueniant
564 4004 734 4069 'atque
771 4000 978 4053 intrent
1013 4000 1069 4054 R
1217 4001 1283 4053 14
1318 4000 1404 4052 his
1443 4002 1496 4053 A
1646 4000 1710 4052 16
1749 4002 2037 4068 utrumque
2084 3998 2127 4048 V
2277 4000 2342 4053 17
2382 3998 2603 4057 diceret.

312 4104 449 4142 corr.
483 4106 552 4145 m.
575 4092 605 4140 1
642 4086 884 4141 dicerent
919 4088 994 4141 Μ
1099 4104 1319 4157 corpora
1357 4090 1413 4141 A
1525 4088 1590 4141 18
1628 4088 1855 4142 ueniant
1888 4088 1963 4141 M
2065 4088 2129 4141 21
2174 4090 2231 4140 et
2266 4086 2601 4157 spirabilem]

309 4164 448 4231 A'LB
497 4174 751 4246 spirabile
800 4181 857 4229 et
904 4177 1148 4246 spiritale
1185 4176 1260 4229 M
1291 4166 1430 4231 A'L'B
1479 4178 1727 4247 spiritale
1768 4180 1825 4229 et
1860 4176 2105 4245 spiritale
2143 4176 2304 4245 (sich
2342 4176 2397 4229 A
2434 4176 2601 4245 spira-

311 4266 474 4319 bilem
512 4268 568 4318 et
595 4264 932 4335 spiritualem
960 4265 1018 4320 R
1047 4268 1102 4318 et
1130 4266 1428 4335 spiritalem
1454 4265 1578 4318 ΡΡι
1596 4266 1649 4317 V
1670 4266 1791 4321 edd.
1822 4270 2047 4334 praeter
2065 4282 2142 4327 φη,-
2185 4264 2255 4332 cf.
2294 4262 2406 4317 Cic.
2444 4263 2603 4317 Tuae.

311 4357 449 4423 disp.
489 4354 530 4407 I
561 4356 648 4419 18,
693 4358 796 4421 42,-
831 4358 919 4419 17,
963 4359 1042 4409 40
1078 4354 1144 4408 cle
1179 4360 1298 4409 nat.
1339 4356 1390 4411 d.
1429 4354 1508 4409 II
1543 4358 1638 4423 36,
1684 4358 1749 4407 91

2424 4456 2527 4511 44*
