3184 4959
298 1603 344 1640 10

208 1790 291 1855 39

198 3394 283 3458 40

296 2136 347 2176 15

291 2675 344 2716 20

286 3211 341 3252 25

1154 427 1686 495 epistularum
1743 429 1940 484 XCIII.
2555 437 2688 501 483

387 619 801 686 mendacibus
850 621 1049 686 fuisse
1090 621 1451 689 confictum.
1500 643 1706 707 neque
1745 626 1914 692 enim
1959 628 2051 693 sic
2099 629 2312 712 potuit
2355 629 2686 716 integritas

386 732 579 812 atque
644 727 869 794 notitia
939 728 1298 794 litterarum
1363 731 1554 796 unius
1621 732 1976 815 quamlibet
2048 735 2339 801 inlustris
2407 738 2688 820 episcopi

387 835 715 914 custodiri,
772 854 961 918 quem
1007 835 1087 900 ad
1133 836 1391 901 modum
1450 839 1768 921 scriptura
1821 842 2124 907 canonica
2174 846 2276 908 tot
2326 843 2688 930 linguarum

384 944 617 1008 litteris
685 945 753 1007 et
816 942 1026 1008 ordine
1092 962 1164 1009 ac
1245 945 1647 1011 successione
1713 947 2154 1014 celebrationis
2221 951 2688 1016 ecclesiasticae

386 1049 765 1128 custoditur,
796 1051 1015 1114 contra
1041 1069 1231 1132 quam
1259 1054 1469 1116 tamen
1500 1071 1622 1117 non
1652 1051 1988 1120 defuerunt
2031 1055 2142 1138 qui
2177 1056 2299 1120 sub
2329 1057 2687 1123 nominibus

386 1157 823 1239 apostolorum
878 1157 1083 1222 multa
1139 1155 1566 1242 confingerent
1621 1158 1860 1225 frustra
1915 1161 2192 1244 quidem,
2243 1164 2392 1246 quia
2437 1164 2548 1229 illa
2595 1164 2686 1229 sic

387 1263 844 1340 commendata,
901 1263 994 1328 sic
1052 1261 1387 1340 celebrata,
1448 1265 1541 1330 sic
1598 1269 1749 1332 nota
1805 1269 1932 1344 est3
1991 1287 2216 1334 uerum
2274 1269 2427 1352 quid
2482 1271 2688 1354 possit

385 1370 692 1436 aduersus
740 1370 987 1436 litteras
1024 1389 1149 1436 non
1189 1371 1485 1436 canonica
1524 1373 1902 1440 auctoritate
1940 1373 2260 1455 fundatae,
2311 1377 2502 1442 etiam
2539 1377 2684 1442 hinc

386 1477 849 1542 demonstrauit
926 1475 1158 1558 impiae
1233 1479 1497 1541 conatus
1574 1477 1896 1556 audaciae,
1979 1479 2149 1564 quod
2233 1485 2297 1546 et
2380 1481 2685 1548 aduersus

386 1602 515 1661 eaS,
573 1603 734 1668 quae
779 1583 961 1649 tanta
1006 1583 1268 1650 notitiae
1314 1584 1482 1649 mole
1530 1585 1812 1650 firmatae
1860 1589 2032 1665 sunt,
2090 1605 2231 1654 sese
2279 1587 2516 1674 erigere
2562 1608 2684 1654 non

384 1691 829 1774 praetermisit.

474 1798 607 1864 Nos
639 1802 851 1863 tamen
885 1796 1042 1862 duas
1078 1797 1157 1863 ob
1186 1815 1285 1862 res
1316 1816 1439 1862 non
1459 1816 1769 1882 negamus
1789 1799 1952 1865 illud
1972 1800 2250 1866 sensisse
2274 1800 2682 1886 cyprianum,

386 1905 557 1990 quod
622 1907 685 1969 et
748 1905 937 1970 stilus
1004 1905 1141 1970 eius
1207 1904 1399 1970 habet
1462 1905 1777 1989 quandam
1842 1907 2159 1988 propriam
2234 1907 2494 1988 faciem,
2561 1929 2686 1992 qua

383 2011 591 2094 possit
655 2009 933 2094 agnosci,
999 2013 1063 2074 et
1109 2008 1280 2092 quod
1344 2009 1433 2074 ibi
1499 2011 1705 2096 magis
1767 2013 1984 2077 contra
2037 2031 2156 2078 uos
2213 2031 2406 2078 causa
2468 2019 2686 2080 nostra

386 2117 858 2182 demonstratur
918 2116 1219 2181 inuictior
1280 2120 1660 2201 uestraeque
1735 2119 2150 2202 separationis
2225 2121 2681 2204 praesumptiO,

384 2225 691 2290 uidelicet
760 2242 837 2288 ne
918 2223 1397 2288 macularemini
1478 2223 1758 2307 peccatis
1836 2223 2080 2304 alienis,
2158 2227 2294 2290 tota
2374 2225 2684 2292 facilitate

385 2332 799 2411 subuertitur,
875 2350 1023 2396 cum
1087 2335 1347 2415 apparet
1410 2329 1471 2395 in
1547 2329 1780 2395 litteris
1848 2330 2144 2414 Cypriani
2219 2332 2684 2398 communicata

385 2458 526 2505 esse
600 2459 744 2504 cum
821 2438 1265 2520 peccatoribus
1340 2439 1752 2514 sacramenta,
1833 2455 1980 2503 cum
2054 2438 2318 2502 admissi
2393 2441 2545 2504 sunt
2613 2440 2676 2503 in

382 2546 740 2623 ecclesiam,
826 2545 933 2628 qui
1008 2543 1359 2610 secundum
1431 2547 1716 2608 uestram
1791 2547 1874 2622 et,
1960 2544 2130 2609 sicut
2203 2544 2429 2622 uultis,
2503 2543 2678 2609 illius

382 2651 759 2718 sententiam
802 2651 1198 2734 baptismum
1245 2668 1367 2716 non
1414 2651 1752 2725 habebant,
1803 2654 1868 2715 et
1913 2653 2125 2716 tamen
2174 2649 2510 2716 ecclesiam
2555 2670 2680 2716 non

380 2760 643 2842 perisse,
702 2758 815 2824 sed
862 2759 927 2822 in
976 2757 1077 2824 sui
1132 2757 1381 2842 generis
1430 2757 1739 2842 dignitate
1786 2777 1898 2840 per
1941 2760 2151 2822 totum
2199 2757 2414 2822 orbem
2462 2775 2680 2841 sparsa

380 2867 695 2932 dominica
786 2866 1103 2930 frumenta
1184 2865 1517 2930 mansisse.
1613 2883 1684 2930 ac
1775 2883 1885 2947 per
1977 2863 2097 2930 hoc
2182 2864 2238 2928 si
2328 2863 2682 2947 perturbati

378 2976 704 3057 tamquam
772 2972 850 3038 ad
916 2972 1191 3055 aliquem
1256 2973 1511 3055 portum
1578 2971 1672 3036 sic
1737 2969 1817 3034 ad
1881 2970 2326 3036 auctoritatem
2385 2969 2679 3053 Cypriani

380 3081 751 3164 confugitis,
798 3079 1057 3159 uidetis,
1106 3097 1295 3161 quem
1340 3078 1475 3144 illic
1522 3079 1860 3163 scopulum
1907 3081 2121 3142 uester
2167 3096 2338 3143 error
2374 3077 2676 3145 offendat:

380 3189 434 3252 si
484 3191 701 3252 autem
745 3187 875 3251 iam
921 3205 1035 3251 nec
1083 3186 1239 3252 illuc
1280 3185 1620 3270 confugere
1659 3185 1930 3262 audetis,
1981 3184 2117 3248 sine
2155 3183 2289 3249 ullo
2335 3185 2678 3249 luctamine

378 3294 789 3378 naufragatis,

467 3402 660 3466 Porro
719 3403 933 3465 autem
982 3399 1331 3484 Cyprianus
1388 3402 1502 3465 aut
1544 3417 1668 3464 non
1726 3398 1927 3463 sensit
1974 3396 2248 3476 omnin0,
2307 3396 2476 3480 quod
2531 3416 2674 3462 eum

450 3715 476 3768 1
518 3714 761 3784 integras
797 3713 853 3768 A
950 3714 983 3766 2
1024 3713 1296 3783 episcopi»
1324 3711 1379 3766 P
1472 3713 1505 3766 3
1542 3710 1843 3781 litguarum
1881 3711 1981 3776 (sic
2001 3714 2043 3776 !)
2073 3709 2140 3764 N
2234 3712 2267 3765 4
2297 3711 2382 3780 ac]
2420 3714 2583 3781 atque
2612 3710 2678 3764 N

378 3807 434 3858 et
478 3803 599 3858 edd.
637 3809 921 3872 praetera
1100 3803 1135 3856 6
1182 3799 1586 3870 confringerent
1637 3804 1750 3870 (pr.
1801 3817 1828 3854 r
1873 3803 2014 3868 exp.)
2063 3799 2140 3854 M
2316 3801 2346 3852 7
2395 3803 2588 3854 notata
2623 3800 2676 3853 L

449 3894 796 3964 qu1:;=·².possit
830 3893 885 3946 A
1045 3893 1079 3944 8
1118 3891 1377 3945 canonica
1414 3891 1744 3945 auctoritate
1782 3906 1891 3944 non
1927 3889 1983 3945 R
2142 3889 2176 3944 9
2211 3889 2410 3960 impiae
2451 3893 2674 3942 conatus

375 3983 633 4038 audaciae
671 3981 1068 4036 demonstrauit
1104 3982 1158 4036 R
1270 3981 1339 4035 10
1372 3983 1526 4034 tante
1570 3979 1619 4032 C
1651 3982 1840 4033 tantae
1876 3978 1944 4032 N
1973 3981 2130 4032 tanto
2159 3977 2214 4034 R
2323 3981 2454 4032 eunt
2487 3993 2591 4033 om.
2621 3979 2674 4030 A

376 4072 443 4126 14
478 4077 667 4126 nostra
704 4087 871 4126 causa
905 4069 1025 4124 edcl.
1214 4070 1279 4124 16
1316 4069 1459 4138 tota]
1501 4069 1698 4138 quibus
1736 4071 1858 4123 tota
1903 4067 2001 4122 ΟΡ
2035 4071 2122 4135 (m.
2148 4071 2187 4122 2
2224 4067 2328 4122 del.
2369 4065 2585 4137 quibus)
2623 4065 2676 4120 L

378 4160 442 4214 18
482 4177 599 4214 esse
637 4177 741 4215 om.
780 4159 972 4213 MAN
1110 4159 1313 4220 amissi,
1352 4161 1479 4212 m.2
1518 4156 1742 4211 admissi
1779 4155 1854 4210 M
1992 4157 2052 4210 in
2091 4155 2278 4211 accola
2314 4154 2369 4209 P
2474 4155 2546 4209 20
2585 4171 2672 4208 ec-

375 4248 541 4302 clesia
576 4249 735 4303 ACP
899 4250 969 4304 22
1008 4249 1077 4318 si]
1115 4249 1193 4302 sic
1230 4247 1335 4301 PL
1503 4247 1573 4301 24
1612 4245 1840 4301 offendit
1875 4245 2070 4300 MAN
2233 4245 2303 4300 25
2346 4259 2440 4298 nec
2479 4259 2580 4298 om.
2620 4243 2672 4294 A

444 4339 734 4394 laetamine
771 4340 825 4392 A
934 4339 1003 4392 26
1041 4337 1420 4407 naufrangatis
1459 4340 1623 4406 (post.
1663 4353 1700 4390 n
1739 4335 1863 4402 del.)
1902 4335 1966 4390 N

2500 4436 2600 4492 31*
