3184 4959
1275 468 1809 536 epistularum
1866 467 1981 524 CII.
2618 471 2748 536 573

454 661 567 727 sed
632 663 822 728 etiam
897 666 1156 748 propter
1229 663 1506 746 aliquam
1573 663 2103 748 significationem
2178 665 2535 748 conscripta
2607 683 2747 730 esse

455 769 806 834 credantur.
875 771 1052 852 prius
1119 789 1268 854 ergo
1332 789 1454 835 non
1503 769 1753 836 dubitet
1797 771 2018 836 Ionam
2063 771 2435 854 prophetam
2490 772 2555 836 in
2602 771 2747 837 aluo

451 874 696 959 ingenti
773 875 1050 939 marinae
1135 875 1359 940 beluae
1441 876 1653 942 triduo
1739 877 1960 954 fuisse,
2046 877 2158 962 qui
2229 878 2377 942 uult
2458 879 2745 956 scrutari,

453 1000 565 1045 cur
637 981 756 1046 hoc
829 981 1074 1046 factum
1147 983 1260 1058 sit3
1346 1002 1470 1048 non
1544 983 1713 1048 enim
1796 984 2035 1050 frustra
2116 985 2359 1050 factum
2436 987 2557 1062 est,
2634 984 2745 1050 sed

387 1101 416 1143 ὁ
450 1091 660 1153 tamen
725 1088 966 1153 factum
1025 1093 1142 1155 est.
1203 1091 1258 1154 si
1315 1090 1482 1154 enim
1537 1095 1801 1156 mouent
1852 1091 1931 1154 ad
1986 1090 2199 1169 fidem,
2258 1111 2417 1174 quae
2480 1091 2747 1176 figurate

449 1197 697 1260 tantum
766 1194 953 1274 dicta,
1011 1215 1132 1262 non
1189 1197 1358 1262 sacta
1411 1201 1579 1275 sunt,
1638 1202 1873 1280 quanto
1928 1198 2135 1283 magis
2192 1217 2445 1264 mouere
2494 1197 2744 1275 debent,

450 1320 608 1384 quae
663 1302 931 1388 figurate
988 1323 1108 1368 non
1173 1307 1418 1368 tantum
1489 1303 1657 1368 dicta
1726 1304 1839 1369 sed
1890 1305 2061 1370 facta
2126 1308 2299 1370 sunt!
2368 1323 2513 1370 nam
2578 1303 2745 1370 sicut

448 1407 722 1472 humana
783 1409 1174 1475 consuetudo
1241 1395 1455 1474 uerbis
1519 1411 1613 1475 ita
1678 1410 1894 1476 diuina
1955 1412 2263 1502 potentia,
2307 1411 2497 1476 etiam
2556 1410 2743 1476 factis

446 1515 733 1596 loquitur
795 1519 880 1593 et,
939 1515 1107 1582 sicut
1181 1517 1450 1582 sermoni
1525 1517 1799 1582 humano
1876 1517 2070 1582 uerba
2142 1537 2307 1583 noua
2382 1516 2485 1582 uel
2531 1517 2743 1582 minus

365 1637 416 1678 ιο
453 1621 692 1686 usitata
725 1621 1050 1687 moderate
1089 1641 1160 1688 ac
1192 1623 1485 1688 decenter
1521 1642 1779 1705 aspersa
1818 1622 2213 1706 splendorem
2253 1623 2513 1700 addunt,
2550 1623 2643 1687 ita
2678 1622 2741 1686 in

445 1727 633 1792 factis
690 1729 1089 1794 mirabilibus
1152 1732 1572 1814 congruenter
1618 1729 1858 1812 aliquid
1914 1727 2421 1814 significantibus
2468 1728 2739 1812 quodam

445 1834 634 1898 modo
680 1836 1065 1902 luculentior
1111 1841 1211 1900 est
1257 1836 1474 1900 diuina
1519 1836 1900 1918 eloquentia.

269 1935 353 1998 34
531 1941 800 2007 Proinde
865 1942 1017 2026 quid
1080 1943 1621 2027 praefigurauerit‚
1695 1942 1863 2026 quod
1938 1943 2313 2025 prophetam
2375 1941 2569 2007 belua
2628 1941 2745 2008 illa

445 2047 820 2114 denotatum
875 2050 1062 2116 tertio
1120 2049 1222 2114 die
1277 2049 1502 2114 uiuum
1557 2049 1856 2127 reddidit,
1914 2067 2025 2115 cur
2080 2067 2117 2112 a
2170 2049 2353 2115 nobis
2401 2047 2741 2132 quaeritur,

358 2169 406 2208 1⁵
444 2175 588 2220 cum
645 2156 766 2221 hoc
823 2155 1118 2222 Christus
1173 2157 1482 2241 exponat?
1557 2156 2006 2240 generatio,
2072 2155 2301 2238 inquit,
2356 2174 2609 2238 praua
2664 2159 2741 2220 et

443 2261 820 2328 adultera
885 2263 1208 2348 signum
1275 2263 1604 2348 quaerit
1666 2267 1747 2328 et
1809 2263 2130 2347 signum
2196 2278 2343 2328 non
2402 2262 2740 2328 dabitur

442 2369 510 2434 ei
571 2370 734 2434 nisi
795 2371 1114 2455 signum
1160 2372 1404 2436 Ionae
1450 2370 1933 2454 prophetam
1984 2370 2207 2434 sicut
2254 2370 2458 2434 enim
2495 2369 2735 2434 Ionas

439 2476 604 2542 fuit
640 2476 718 2540 in
757 2481 1044 2542 uentre
1074 2478 1236 2542 ceti
1274 2477 1548 2542 tribus
1578 2477 1869 2542 diebus
1900 2479 1979 2542 et
2012 2476 2285 2542 tribus
2326 2474 2737 2552 noctibus„

441 2583 560 2648 sic
636 2585 796 2648 erit
849 2584 1118 2656 ,filius
1201 2583 1552 2650 hominis
1636 2586 1711 2649 in
1786 2583 2025 2650 corde
2109 2586 2379 2648 terrae
2460 2580 2733 2646 tribus

349 2705 401 2745 20
441 2690 726 2756 diebus
777 2694 856 2756 et
901 2691 1168 2756 tribus
1217 2691 1623 2756 noctibus.
1674 2691 1751 2756 de
1794 2694 1935 2775 ipso
1986 2694 2201 2756 autem
2246 2687 2457 2754 triduo
2504 2687 2728 2752 mortis

439 2796 676 2862 domini
726 2797 961 2862 Christi
1019 2817 1143 2882 quo
1189 2797 1379 2863 modo
1427 2797 1588 2864 ratio
1646 2797 1963 2874 reddatur,
2022 2815 2168 2862 cum
2217 2815 2255 2860 a
2298 2796 2477 2878 parte
2523 2795 2735 2860 totum

435 2903 831 2991 intellegitur
885 2904 946 2968 in
1009 2905 1110 2970 die
1164 2905 1368 2988 primo
1427 2909 1491 2971 et
1543 2905 1919 2978 nouissimo,
1976 2907 2052 2969 ut
2104 2903 2221 2968 toti
2278 2907 2409 2966 tres
2458 2899 2613 2978 dies,
2668 2898 2736 2963 id

436 3013 534 3076 est
589 3030 732 3077 cum
793 3012 928 3078 suis
984 3012 1278 3078 noctibus
1328 3003 1811 3095 computentur(
1852 3013 2113 3095 longum
2162 3011 2260 3075 est
2306 3008 2615 3074 disserere
2672 3009 2737 3072 et

434 3118 496 3182 in
563 3116 704 3183 aliis
772 3118 1167 3184 sermonibus
1231 3119 1359 3182 iam
1426 3118 1799 3202 saepissime
1856 3117 2098 3182 dictum
2166 3119 2286 3181 est.
2358 3114 2527 3178 sicut
2582 3131 2729 3198 ergo

345 3239 398 3282 25
437 3227 621 3292 lonas
669 3244 740 3290 ex
797 3226 947 3290 naui
998 3227 1062 3290 in
1121 3227 1338 3290 aluum
1387 3225 1512 3290 ceti
1567 3225 1661 3289 ita
1706 3223 2000 3289 Christus
2049 3243 2121 3288 ex
2173 3222 2345 3306 ligno
2400 3221 2465 3283 in
2522 3219 2733 3302 sepul-

613 3485 680 3538 15
717 3483 918 3537 Matth.
961 3483 1042 3546 12,
1083 3482 1296 3538 39—40
1406 3483 1473 3536 25
1511 3479 1629 3535 Ion.
1674 3482 1720 3546 1,
1766 3480 2001 3544 11—12;
2045 3481 2110 3536 15

507 3661 531 3714 1
584 3659 720 3739 aliq,
767 3663 898 3714 m.2
943 3657 1076 3712 add.
1125 3665 1157 3712 a
1207 3657 1257 3712 0
1422 3659 1458 3712 4
1495 3657 1663 3726 enim]
1714 3659 1896 3711 tamen
1936 3657 1995 3710 E
2207 3654 2303 3710 sed
2339 3655 2547 3724 tamen]
2589 3653 2635 3707 si
2672 3654 2732 3708 Ε

431 3749 462 3802 5
503 3752 652 3814 uent,
687 3752 807 3804 m.1
843 3764 983 3804 corr.
1017 3751 1244 3802 mouent
1279 3746 1348 3800 H
1497 3747 1758 3816 fi0gurats
1797 3745 1943 3814 (suit
1977 3750 2019 3810 1)
2058 3747 2115 3799 A
2294 3745 2329 3799 6
2367 3747 2569 3808 autum,
2606 3747 2727 3796 m.1

430 3855 568 3892 corr.
607 3841 822 3892 tantum
861 3837 928 3892 H
995 3837 1028 3890 9
1069 3841 1126 3890 et
1162 3863 1184 3888 ο
1216 3837 1360 3890 sicut
1397 3833 1442 3887 C
1515 3835 1580 3888 10
1620 3832 1899 3888 moderata
1935 3834 1988 3887 A
2098 3849 2291 3903 aspera
2325 3834 2378 3887 A
2465 3833 2527 3885 11
2558 3829 2727 3901 signi·

429 3926 680 3981 ficantius
719 3927 784 3980 Η
879 3927 942 3980 12
980 3926 1166 3996 diuine
1204 3928 1261 3980 A
1355 3924 1420 3978 13
1459 3923 1949 3994 praefigurauerint
1983 3923 2043 3978 E
2148 3921 2320 3992 quod·
2354 3921 2400 3975 G
2500 3921 2566 3975 14
2602 3917 2725 3973 red·
2786 3971 2794 3981 ,

430 4015 574 4070 didit
607 4016 794 4073 uiuum
833 4015 893 4068 Ε
979 4015 1042 4069 17
1083 4015 1134 4070 ei
1171 4031 1274 4068 om.
1311 4011 1368 4068 A
1476 4013 1583 4066 fuit.
1618 4013 1775 4066 ionas
1816 4010 1920 4066 GE
1950 4027 2051 4066 ccc.
2087 4027 2232 4067 sacr.
2274 4011 2381 4066 litt.
2472 4011 2537 4064 19
2574 4010 2723 4063 sic—

426 4103 696 4158 noctibus.
717 4119 819 4160 om.
858 4108 908 4156 et
943 4103 1007 4156 in
1043 4119 1216 4172 mas-9.
1258 4105 1346 4168 (m.
1369 4105 1400 4156 1
1423 4099 1476 4168 Ρ)
1507 4100 1637 4156 add.
1665 4099 1740 4154 Μ
1744 4099 1790 4153 C
1928 4100 2009 4153 ita
2034 4099 2095 4154 E
2233 4097 2409 4152 tribus
2448 4096 2639 4150 diebus
2668 4099 2725 4150 et

428 4191 601 4246 tribus
638 4191 890 4247 noctibus
928 4209 1029 4247 om.
1069 4191 1132 4246 E
1305 4192 1370 4246 21
1415 4189 1619 4244 domini
1655 4189 1830 4243 nostri
1868 4188 1993 4242 Iesu
2032 4186 2236 4242 Christi
2274 4185 2396 4242 edd.
2427 4191 2724 4255 praeterm

499 4287 671 4351 patre,
707 4299 776 4336 m.
800 4285 840 4334 2
875 4285 1029 4351 parte
1073 4279 1124 4334 G
1233 4281 1303 4334 22
1344 4281 1400 4332 et
1435 4279 1492 4332 in
1531 4279 1827 4332 nouissimo
1867 4277 2051 4332 HMA
2186 4277 2257 4331 23
2294 4274 2430 4345 suis]
2473 4273 2635 4328 sociis
2670 4273 2728 4328 P

429 4369 497 4421 24
537 4367 642 4422 iam
683 4385 787 4423 om.
827 4369 885 4422 E
991 4369 1058 4422 25
1097 4367 1252 4422 iohas
1289 4366 1350 4420 Ε
1481 4383 1570 4436 pr.
1614 4383 1675 4419 ex
1714 4382 1815 4420 om.
1854 4365 1971 4418 HA
