3184 4959
405 643 445 706 6

497 457 625 520 586
1210 453 1262 507 S.
1319 453 1597 507 Aureli
1654 454 2089 522 Augustini

584 649 726 715 Sint
797 649 1048 713 honesti
1125 649 1298 714 ciues
1373 649 1492 726 tui,
1574 649 1791 732 probis
1866 649 2171 726 moribuS,
2256 667 2379 712 non
2456 648 2799 730 superfluis

493 755 937 834 facultatibus;
1014 776 1134 820 non
1211 775 1319 820 eos
1393 759 1697 822 uolumus
1774 756 1853 819 ad
1928 759 2203 820 aratrum
2270 753 2515 833 Quintii
2582 757 2645 819 et
2718 756 2799 819 ad

491 863 766 928 Fabricii
811 863 1026 929 focum
1071 882 1184 944 per
1229 883 1342 928 nos
1391 849 1534 927 ulla
1562 863 1988 928 cohercitione
2034 861 2315 946 perduci,
2364 881 2491 945 qua
2534 881 2797 946 pauper·

493 973 626 1034 tate
699 970 794 1034 illi
859 971 1179 1034 Romanae
1250 969 1342 1034 rei
1425 970 1721 1053 publicae
1794 969 2111 1052 principes
2186 988 2309 1033 non
2396 969 2607 1034 solum
2672 988 2797 1033 non

493 1077 822 1142 uiluerunt
866 1077 1118 1141 ciuibus
1167 1077 1323 1154 suis,
1377 1077 1488 1142 sed
1529 1077 1608 1141 ob
1658 1095 1793 1140 eam
1842 1077 2101 1140 fuerunt-
2144 1075 2481 1159 praecipue
2528 1074 2795 1140 cariores
2866 1097 2891 1135 5

495 1189 560 1248 et
604 1184 844 1266 patriae
892 1182 1315 1268 gubernandis
1365 1183 1592 1264 opibus
1642 1183 1941 1265 aptiores,
1990 1201 2069 1246 ne
2115 1182 2277 1246 illud
2327 1181 2583 1263 quidem
2622 1184 2795 1264 opta-

493 1309 636 1354 mus
695 1294 806 1355 aut
860 1289 1132 1373 agimuS,
1197 1292 1272 1352 ut
1325 1289 1566 1370 patriae
1620 1293 1769 1353 tuae
1828 1287 2140 1352 diuitibus
2194 1288 2371 1352 illius
2428 1287 2641 1352 Rufini
2696 1288 2795 1352 bis

495 1399 776 1462 consulis
851 1397 1094 1481 argenti
1159 1397 1372 1461 cultus
1440 1396 1657 1460 decem
1724 1395 1930 1478 pondo
1996 1399 2335 1472 remaneat,
2406 1395 2577 1477 quod
2642 1397 2793 1460 tunc

493 1504 900 1568 laudabiliter
945 1522 1168 1568 seuera
1206 1521 1467 1567 censura
1505 1503 1711 1566 adhuc
1748 1502 2163 1569 resecandum
2198 1505 2525 1584 tamquam
2562 1502 2793 1565 uitium

495 1611 827 1674 iudicauit.
900 1613 1150 1674 tantum
1215 1629 1332 1673 nos
1399 1609 1793 1673 consuetudo
1861 1609 2170 1674 decoloris
2236 1609 2463 1672 aetatis
2527 1607 2791 1672 nimium
2838 1631 2889 1670 ιο

497 1717 807 1782 marcidas
873 1717 1116 1780 animas
1181 1715 1402 1781 mitius
1471 1718 1858 1780 contrectare
1932 1713 2293 1800 persuadet,
2364 1718 2443 1779 ut
2503 1733 2795 1779 mansue-

494 1823 700 1889 tudini
765 1821 1178 1900 Christianae,
1237 1822 1406 1904 quod
1467 1822 1600 1886 illis
1666 1822 2035 1886 censoribus
2100 1821 2341 1886 iustum
2399 1821 2615 1885 uisum
2672 1823 2791 1898 est,

497 1930 763 1995 nimium
800 1929 1111 2002 uideatur,
1162 1930 1224 1993 et
1273 1929 1474 2007 uides,
1525 1949 1713 2010 quam
1760 1929 2039 1993 multum
2082 1928 2353 2004 intersit,
2402 1931 2619 1992 utrum
2664 1927 2791 1992 iam

495 2036 812 2120 punienda
847 2037 1036 2118 culpa
1081 2037 1167 2100 sit
1211 2039 1458 2100 tantum
1498 2034 1729 2100 habere
1770 2055 1843 2099 an
1885 2039 2143 2118 propter
2178 2035 2335 2098 alias
2375 2033 2792 2118 grauissimas

499 2145 740 2225 culpas,
807 2146 881 2207 ut
945 2145 1193 2207 tantum
1260 2143 1404 2225 quis
1468 2143 1719 2220 habeat,
1783 2143 2167 2226 permittere.
2236 2141 2407 2224 quod
2460 2144 2612 2205 tunc
2665 2142 2793 2205 iam
2836 2165 2886 2206 ιε

495 2252 620 2315 fuit
672 2254 1028 2335 peccatum,
1091 2267 1259 2314 nunc
1315 2251 1615 2315 uolumus
1674 2249 1761 2313 sit
1818 2251 2041 2313 saltem
2100 2267 2303 2331 poena
2346 2248 2613 2330 peccati.
2678 2247 2793 2311 sed

487 2361 604 2435 est,
664 2358 832 2440 quod
885 2357 1022 2420 fieri
1077 2356 1285 2438 possit
1343 2361 1406 2421 et
1464 2355 1709 2432 debeat,
1776 2359 1849 2418 ut
1905 2375 2016 2419 nec
2072 2373 2277 2437 usque
2335 2353 2413 2418 ad
2466 2356 2595 2418 ista
2651 2374 2789 2437 pro-

489 2465 811 2548 grediatur
865 2465 1174 2529 seueritas
1232 2481 1344 2528 nec
1400 2462 1591 2527 nimis
1662 2481 1883 2527 secura
1927 2461 2203 2526 laetetur
2257 2464 2322 2525 et
2368 2461 2791 2525 debacchetur

486 2570 831 2653 impunitas
892 2574 955 2635 et
1010 2569 1388 2634 imitationis
1445 2571 1805 2652 exemplum
1864 2568 1943 2632 ad
2000 2568 2417 2652 grauissimas
2466 2573 2528 2632 et
2577 2569 2787 2632 occul—

487 2677 771 2742 tissimas
838 2697 1072 2761 poenas
1136 2677 1500 2741 infelicibus
1566 2680 1975 2758 proponatur.
2054 2675 2279 2740 saltem
2347 2674 2638 2752 concede,
2714 2678 2789 2738 ut
2828 2697 2883 2737 20

486 2783 754 2847 nimium
793 2782 1130 2864 superfluis
1171 2783 1305 2847 suis
1337 2782 1624 2858 timeant,
1666 2782 1775 2864 qui
1814 2780 2171 2846 necessaria
2206 2785 2423 2846 nostra
2458 2779 2788 2844 incendere

488 2907 558 2954 ac
607 2893 858 2953 uastare
905 2889 1275 2953 moliuntur.
1324 2889 1517 2953 liceat
1555 2891 1621 2953 et
1664 2889 1786 2952 hoc
1830 2886 2211 2952 beneficium
2260 2887 2537 2951 tribuere
2584 2887 2789 2950 inimi-

489 2997 580 3060 cis
647 2996 901 3074 nostris,
951 2999 1044 3072 ut,
1103 2997 1254 3060 dum
1320 2999 1620 3060 metuunt
1681 2995 1893 3070 rebuS,
1963 3014 2119 3076 quas
2185 2994 2437 3060 noxium
2501 3013 2623 3058 non
2690 2999 2791 3057 est

487 3102 798 3180 amittere,
849 3102 1018 3183 quod
1059 3103 1181 3166 sibi
1219 3103 1474 3166 noxium
1515 3107 1633 3176 est,
1682 3121 1806 3166 non
1846 3105 2151 3164 conentur
2186 3100 2541 3164 admittere.
2590 3118 2787 3181 neque

490 3207 655 3272 enim
721 3209 877 3273 haec
937 3208 1202 3272 dicenda
1258 3213 1356 3272 est
1419 3209 1707 3273 uindicta
1768 3208 2015 3290 peccati
2082 3206 2195 3271 sed
2248 3209 2455 3272 tutela
2511 3205 2785 3278 consilii3
2828 3231 2883 3272 εὖ

488 3333 608 3379 11011
660 3317 758 3379 est
803 3316 924 3380 hoc
973 3315 1262 3398 inrogare
1321 3315 1707 3398 supplicium
1766 3314 1877 3379 sed
1924 3314 2002 3377 ab
2052 3313 2415 3397 excipiendo
2474 3312 2785 3396 supplicio

492 3421 898 3486 communire.

581 3525 885 3608 Quisquis
942 3527 1381 3608 inprudentem
1436 3547 1580 3591 cum
1630 3526 1841 3608 aliquo
1890 3546 2085 3591 sensu
2134 3527 2371 3591 doloris
2418 3526 2651 3607 priuat,
2708 3545 2785 3588 ne

489 3634 902 3716 superuacuis
942 3633 1288 3698 sceleribus
1328 3633 1735 3698 adsuefactus
1783 3653 2017 3716 poenas
2058 3633 2485 3697 atrocissimas
2534 3632 2784 3716 pendat,

489 3759 682 3822 puero
743 3739 1007 3823 capillos
1065 3739 1270 3812 uellit,
1327 3759 1404 3803 ne
1463 3741 1862 3821 serpentibus
1919 3739 2201 3823 plaudat,
2262 3743 2450 3821 atque
2506 3738 2616 3822 ita,
2676 3737 2786 3800 ubi
2826 3758 2879 3798 so

562 4001 593 4052 3
631 3999 726 4052 illa
763 4015 814 4052 m
924 3997 1238 4052 cohercione
1285 3998 1373 4052 Vl
1411 3997 1740 4060 cohertione‚
1782 4017 1849 4051 m.
1872 4002 1911 4051 2
1948 3999 2313 4052 cohercitione
2352 3997 2405 4052 U
2473 3997 2507 4050 8
2546 3999 2784 4067 argenti-

491 4087 642 4140 culus
691 4085 1025 4156 decerpendo
1073 4089 1352 4141 remaneat
1399 4087 1552 4140 codd.
1593 4087 1678 4157 (in
1726 4087 1776 4140 V
1809 4105 1872 4141 us
1911 4088 1975 4140 in
2011 4089 2147 4157 rac.)
2196 4087 2313 4140 lar
2360 4087 2575 4156 argent-i
2612 4087 2787 4140 solum

491 4175 674 4229 decem
711 4175 890 4245 pondo
929 4179 1246 4229 remaneant
1281 4193 1360 4240 m,-
1397 4175 1757 4230 emendabant
1794 4177 2007 4244 argenti
2048 4177 2224 4230 cultus
2264 4175 2449 4229 decem
2488 4175 2666 4244 pondo
2704 4193 2785 4228 re-

491 4267 732 4328 maneat;
773 4264 845 4330 cf.
892 4265 1014 4317 Val.
1055 4265 1216 4319 Max.
1247 4265 1326 4318 ΙΙ
1349 4268 1400 4328 9,
1435 4271 1496 4331 4,·
1531 4266 1672 4319 Gen.
1702 4265 1779 4320 N.
1806 4267 1877 4320 A.
1908 4265 2007 4318 IV
2032 4268 2087 4326 8,
2124 4269 2159 4317 7
2280 4265 2344 4318 17
2373 4265 2495 4333 nec]
2528 4281 2703 4334 neque
2740 4263 2794 4317 L*

497 4353 562 4406 18
601 4369 788 4406 secura
825 4369 925 4406 om.
975 4353 1026 4405 U
1130 4355 1197 4407 23
1238 4371 1344 4408 non
1384 4371 1485 4407 om.
1534 4353 1587 4406 U
1688 4356 1757 4409 28
1799 4355 2027 4424 quisque
2066 4355 2186 4408 edd.
