3184 4959
374 1623 426 1662 10

372 2154 426 2194 15

370 2694 425 2732 20

1003 456 1031 492 e
1054 440 1171 510 pis
1192 445 1217 492 t
1238 456 1271 493 u
1292 440 1365 492 13
1384 457 1409 494 r
1430 455 1463 492 u
1482 457 1535 492 m
1590 440 1888 495 LXXXIII.
1927 441 2214 499 LXXXIV.
2629 447 2758 512 393

462 633 779 699 interdum
823 652 938 717 per
980 629 1256 718 exiguas
1286 633 1610 699 chartulas
1656 635 1940 718 loquitur
1985 639 2050 700 et
2096 656 2202 702 eas
2250 636 2506 721 quidem
2543 638 2759 722 plures

466 743 729 806 aliarum
814 761 1107 807 curarum
1190 744 1255 806 et
1334 741 1734 826 negotiorum
1816 743 2080 809 refertas
2165 763 2354 826 quam
2435 747 2760 828 portantes

466 848 705 931 aliquid
750 852 1109 914 nostrorum
1156 849 1219 913 in
1270 846 1507 914 Christi
1554 849 1877 914 suauitate
1921 853 2274 932 pratorum!

551 956 675 1020 Hic
739 956 1003 1021 forsitan
1070 956 1274 1021 dicas:
1342 954 1531 1035 ‘Quid
1599 957 1807 1020 enim?
1873 961 1938 1022 et
2001 957 2170 1040 apud
2234 977 2349 1023 nos
2423 977 2759 1042 germanus

464 1083 645 1128 meus
704 1062 1009 1128 ecclesiae
1066 1081 1187 1127 non
1245 1061 1365 1127 erit
1407 1062 1591 1128 utilis
1640 1066 1752 1127 aut
1795 1067 2052 1148 propter
2097 1065 2270 1130 aliud
2317 1085 2464 1130 eum
2510 1085 2760 1131 mecum

462 1169 691 1235 habere
740 1169 1091 1235 desidero?
1135 1171 1319 1252 plane
1368 1169 1423 1234 si
1469 1172 1716 1234 tantum
1763 1169 1874 1245 ibi,
1924 1174 2230 1254 quantum
2275 1172 2382 1236 hic
2425 1172 2584 1238 mihi
2623 1174 2760 1238 eius

460 1277 816 1360 praesentia
877 1275 1197 1341 luc-randis
1262 1276 1370 1341 uel
1430 1276 1724 1360 regendis
1783 1276 2014 1342 ouibus
2069 1277 2306 1342 domini
2363 1279 2543 1345 utilis
2587 1279 2760 1344 uide-

460 1387 651 1462 retur,
716 1401 838 1448 non
905 1381 1045 1448 dico
1112 1381 1411 1446 duritiam
1477 1381 1588 1446 sed
1655 1380 2056 1464 iniquitatem
2118 1401 2322 1448 meam
2390 1403 2574 1450 nemo
2638 1405 2758 1449 non

460 1491 595 1556 iure
651 1489 955 1573 culparet.
1020 1489 1133 1555 sed
1180 1509 1325 1554 cum
1372 1489 1597 1554 Latina
1641 1489 1878 1573 lingua,
1929 1490 2112 1556 cuius
2158 1491 2370 1574 inopia
2413 1491 2478 1556 in
2525 1493 2760 1558 nostris

460 1596 823 1682 regionibus
880 1598 1250 1681 euangelica
1296 1597 1682 1678 dispensatio
1733 1597 2005 1660 multum
2053 1597 2318 1676 laborat,
2367 1598 2498 1664 illic
2546 1601 2756 1664 autem

462 1704 747 1770 eiusdem
793 1704 1049 1788 linguae
1094 1723 1253 1770 usus
1302 1704 1552 1768 omnino
1602 1703 1706 1781 sit,
1754 1741 1842 1750 ——
1889 1703 2058 1768 itane
2117 1724 2336 1770 censes
2393 1724 2507 1771 nos
2565 1707 2761 1770 saluti

459 1812 741 1894 plebium
808 1810 1047 1876 domini
1114 1815 1399 1893 oportere
1464 1811 1811 1888 consulere,
1865 1813 1938 1875 ut
1982 1811 2142 1876 hanc
2187 1811 2558 1878 facultatem
2603 1813 2759 1878 illuc

460 1917 793 1982 mittamus
859 1923 923 1982 et
985 1918 1133 1982 hinc
1198 1917 1577 1996 auferamus,
1645 1917 1756 1982 ubi
1826 1936 1964 1982 eam
2027 1937 2254 2002 magno
2314 1919 2522 1985 cordis
2577 1923 2761 1984 aestu

460 2025 885 2107 requirimus?
943 2024 1021 2089 da
1074 2025 1290 2106 itaque
1336 2023 1610 2102 ueniam,
1675 2025 1842 2106 quod
1886 2043 2009 2089 non
2057 2025 2266 2089 solum
2315 2029 2530 2092 contra
2573 2029 2760 2090 tuum

463 2131 847 2197 desiderium
914 2132 1027 2197 sed
1092 2132 1281 2196 etiam
1348 2134 1563 2196 contra
1618 2150 1872 2196 sensum
1931 2149 2146 2196 meum
2199 2131 2384 2210 facio,
2442 2132 2611 2215 quod
2657 2151 2760 2198 me

460 2239 663 2304 facere
720 2238 999 2303 sarcinae
1054 2242 1305 2303 nostrae
1363 2257 1515 2302 cura
1570 2237 1966 2322 constringit.
2036 2237 2211 2303 dabit
2265 2238 2382 2302 tibi
2441 2238 2758 2314 (1011113113,

461 2345 521 2409 111
591 2365 713 2428 quo
778 2345 1057 2429 posuisti
1114 2363 1221 2410 cor
1278 2349 1485 2421 tuum,
1542 2347 1618 2410 ut
1673 2345 1838 2409 tales
1895 2344 2025 2408 sint
2068 2344 2316 2410 labores
2363 2347 2480 2423 tui,
2527 2349 2602 2410 ut
2645 2364 2758 2428 pro

462 2454 587 2518 isto
626 2431 933 2518 beneficio
973 2452 1425 2527 remunereris;
1468 2451 1559 2516 sic
1601 2450 1767 2515 enim
1805 2449 2133 2534 regionum
2165 2454 2516 2517 nostrarum
2549 2453 2762 2518 arden-

461 2562 747 2627 tissimae
804 2560 913 2624 siti
975 2560 1311 2625 diaconum
1356 2558 1674 2623 Lucillum
1725 2561 1795 2621 tu
1843 2556 2058 2640 potius
2108 2558 2511 2633 concessisti3
2561 2578 2763 2642 neque

464 2669 627 2732 enim
693 2687 913 2752 parum
979 2665 1354 2750 praestabi8‚
1422 2685 1565 2730 cum
1634 2665 1710 2729 de
1776 2663 1894 2728 hac
1953 2682 2019 2727 re
2073 2664 2250 2728 nulla
2302 2664 2606 2747 petitione
2661 2685 2762 2730 me

462 2775 730 2840 ulterius
780 2774 1088 2851 onerabis,
1136 2793 1211 2838 ne
1258 2773 1418 2838 nihil
1465 2772 1640 2837 aliud
1688 2790 1878 2854 quam
1927 2768 2144 2834 durior
2189 2789 2516 2855 appaream
2577 2790 2762 2837 uene-

461 2881 646 2946 rabili
691 2881 850 2946 mihi
898 2885 963 2946 et
1008 2883 1263 2946 sanctae
1310 2879 1776 2944 beniuolentiae
1823 2881 1994 2943 tuae.

534 3073 568 3126 2
604 3072 885 3142 negiorum
929 3070 980 3125 Τ
1112 3071 1145 3126 3
1183 3071 1396 3125 suauite
1442 3071 1493 3124 T
1622 3072 1656 3123 4
1695 3087 1792 3123 uos
1838 3069 1892 3123 U
2021 3071 2052 3123 6
2093 3067 2338 3122 desidero
2377 3085 2446 3123 ex
2483 3067 2760 3123 desideras

464 3179 530 3214 m.
553 3166 583 3214 1
608 3159 667 3214 R
772 3160 869 3232 ibi]
897 3159 1002 3214 tibi
1030 3161 1099 3228 fl
1116 3176 1217 3214 rm
1299 3161 1329 3213 7
1362 3159 1612 3214 uideatur
1644 3158 1750 3212 VU
1819 3159 1852 3212 9
1883 3158 2266 3212 anacoluthon
2291 3173 2567 3211 remouere
2593 3173 2760 3212 cona-

464 3251 673 3304 bantur
700 3249 967 3304 Maur-ini
1000 3249 1371 3304 coniectantes
1394 3249 1489 3304 sed
1528 3265 1646 3302 cum
1687 3247 1887 3302 calleat
1911 3248 2166 3301 Latinam
2207 3247 2450 3316 linguam
2563 3245 2762 3300 Latina

464 3341 655 3409 lingua
700 3340 875 3410 cuius]
916 3341 1053 3394 Ant.
1090 3337 1385 3394 Arnoldus
1422 3339 1515 3404 (de
1552 3339 1612 3391 la
1651 3338 1851 3392 lecture
1889 3337 1954 3392 de
1991 3337 2029 3390 l’
2068 3337 2302 3390 eci-iture
2337 3337 2536 3399 sainte,
2574 3335 2761 3390 Paria.

464 3431 621 3484 1680
668 3428 703 3482 1.
750 3429 831 3482 II
870 3445 911 3485 c.
961 3431 1059 3494 10)
1106 3428 1337 3482 coniecit
1380 3427 1618 3482 Punicae
1664 3427 1886 3496 linguae
2071 3427 2132 3480 11
2185 3425 2366 3479 itane·
2412 3429 2460 3490 (c
2508 3429 2669 3490 eras.)
2708 3423 2763 3478 R

469 3520 534 3572 12
573 3517 679 3572 d’m
718 3517 787 3570 H
954 3518 1067 3571 11110
1106 3517 1261 3570 codd.
1301 3517 1422 3572 edd.
1451 3521 1679 3586 praeter
1700 3533 1748 3568 m
1932 3517 1997 3568 17
2037 3514 2240 3568 laboris
2277 3513 2343 3567 H
2521 3513 2587 3566 18
2625 3514 2670 3566 si
2717 3514 2768 3567 T

470 3609 536 3662 19
572 3623 661 3675 ne,
698 3624 833 3662 corr.
872 3625 940 3660 m.
962 3611 989 3659 1
1026 3622 1203 3676 neque
1250 3603 1307 3660 U
1450 3605 1521 3659 20
1558 3604 1862 3675 praestabis
1900 3619 1965 3658 ex
2002 3603 2354 3674 praestabitis
2394 3619 2461 3656 m.
2484 3605 2514 3655 1
2549 3601 2604 3655 R
2643 3619 2760 3671 pre-

465 3697 635 3752 stabit
680 3695 793 3750 VU
