3184 4959
1101 409 1631 479 epistularum
1684 408 1923 463 XXXVI.
2572 414 2654 477 57

149 599 244 661 28
447 604 588 669 Nec
671 604 835 669 illud
915 607 1190 681 moueat,
1277 604 1446 686 quod
1529 605 2053 671 Priscillianistae
2144 606 2659 673 Manichaeorum

353 711 680 776 simillimi
727 710 806 775 ad
849 710 1260 776 ieiunandum
1309 710 1408 776 die
1457 710 1771 777 dominico
1824 711 2031 777 solent
2084 714 2525 779 testimonium
2583 714 2659 777 de

356 820 802 902 apostolorum
851 819 1100 883 actibus
1150 818 1466 897 adhibere,
1517 838 1664 883 cum
1712 822 1883 883 esset
1926 818 2169 883 Paulus
2218 820 2545 902 apostolus
2596 820 2658 885 in

353 925 626 991 Troade.
697 926 790 991 sic
847 927 1014 991 enim
1070 929 1378 1010 scriptum
1445 930 1570 991 est:
1643 926 1727 990 In
1792 945 1945 991 una
2008 930 2270 991 autem
2332 927 2658 991 sabbati

281 1056 312 1094 s
359 1033 904 1117 congregatis
971 1034 1203 1099 nobis
1260 1036 1637 1117 frangere
1693 1052 1973 1115 panem
2030 1033 2335 1098 Paulus
2393 1034 2657 1115 dispu-

353 1138 808 1204 tabatillis
841 1141 1214 1207 exiturus
1257 1142 1420 1207 alia
1458 1140 1584 1205 die
1623 1140 2172 1225 produxitque
2214 1159 2657 1205 sermonem

353 1264 624 1328 usque
690 1245 782 1309 ad
846 1247 1190 1312 medium
1257 1249 1548 1313 noctis.
1617 1246 1841 1313 deinde
1898 1266 2043 1311 cum
2100 1246 2535 1311 descendisset
2582 1246 2657 1310 de

357 1352 694 1430 cenaculo,
724 1352 833 1416 ubi
863 1355 1230 1439 congregati
1261 1358 1454 1431 erant,
1496 1354 1572 1419 ad
1611 1353 2119 1419 resuscitandum
2160 1352 2657 1429 adulescentem,

357 1460 476 1539 qui
543 1463 846 1541 grauatus
914 1478 1132 1525 somno
1199 1460 1278 1525 de
1340 1462 1617 1525 fenestra
1672 1460 1985 1525 ceciderat
2039 1462 2103 1524 et
2158 1464 2447 1524 mortuus
2504 1458 2657 1523 fere·

251 1587 310 1624 10
357 1564 576 1641 batur,
624 1565 702 1629 de
756 1566 894 1648 ipso
953 1568 1244 1649 apostolo
1301 1567 1615 1648 scriptura
1669 1567 1763 1631 sic
1816 1567 2127 1650 loquitur:
2194 1564 2655 1631 Ascendens

358 1676 665 1749 autem,
711 1672 940 1754 inquit,
991 1692 1160 1737 cum
1199 1674 1603 1759 fregisset
1635 1692 1915 1757 panem
1956 1678 2193 1755 atque
2229 1674 2659 1757 gustasset

359 1778 748 1861 satisque
797 1788 1022 1845 esset
1069 1780 1510 1846 adlocutus
1559 1800 1819 1864 usque
1868 1780 1959 1845 ad
2009 1781 2487 1856 diluculum,
2537 1780 2657 1845 sic

355 1885 796 1966 profectus
846 1890 988 1951 est.
1037 1886 1226 1964 absit,
1276 1892 1348 1952 ut
1392 1888 1516 1953 hoc
1563 1888 1657 1953 sic
1706 1888 2073 1971 accipiatur,
2121 1892 2449 1969 tamquam
2496 1886 2659 1952 sole-

355 1995 502 2056 rent
575 1992 852 2075 apostoli
927 1993 1241 2058 dominico
1316 1994 1418 2057 die
1483 1994 1874 2059 sollemniter
1934 1994 2233 2059 ieiunare.
2302 2012 2427 2058 una
2491 1993 2656 2058 enim

250 2122 313 2160 ιε
357 2098 614 2163 sabbati
662 2103 814 2163 tunc
861 2099 1296 2183 appellabatur
1334 2100 1490 2178 dies,
1530 2101 1639 2184 qui
1678 2120 1843 2165 nunc
1885 2100 2239 2166 dominicus
2280 2100 2655 2184 appellatur,

357 2205 530 2288 quod
577 2205 642 2268 in
692 2207 1040 2291 euangeliis
1089 2206 1366 2289 apertius
1414 2208 1754 2271 inuenitur.
1802 2227 1947 2272 nam
1994 2207 2131 2272 dies
2176 2208 2657 2273 resurrectionis

357 2312 604 2377 domini
657 2312 913 2395 prima
969 2313 1292 2379 sabbati
1341 2334 1378 2377 a
1422 2314 1771 2392 Matthaeo,
1820 2334 1855 2379 a
1904 2315 2129 2379 ceteris
2178 2317 2391 2379 autem
2448 2314 2655 2379 tribus

358 2438 514 2483 una
582 2418 908 2484 sabbati
975 2419 1226 2498 dicitur,
1295 2440 1482 2503 quem
1541 2426 1793 2487 constat
1847 2442 1993 2487 eum
2050 2440 2214 2499 esse,
2272 2423 2379 2505 qui
2436 2424 2659 2505 postea

357 2526 723 2591 dominicus
783 2527 1139 2609 appellatus
1197 2531 1314 2592 est.
1381 2531 1492 2591 aut
1539 2546 1687 2613 ergo
1736 2534 1883 2611 post
1928 2532 2255 2611 peractum
2306 2529 2471 2593 diem
2518 2529 2656 2593 sab-

263 2658 330 2695 20
357 2633 492 2697 bati
539 2634 748 2698 noctis
795 2633 976 2699 initio
1024 2632 1276 2698 fuerant
1321 2635 1711 2719 congregati,
1760 2654 1923 2717 quae
1970 2634 2193 2718 utique
2240 2654 2359 2699 nox
2404 2635 2527 2699 iam
2578 2635 2658 2700 ad

357 2740 528 2803 diem
579 2740 994 2817 dominicum,
1042 2741 1162 2805 hoc
1210 2744 1311 2805 est
1357 2740 1435 2805 ad
1483 2760 1673 2805 unam
1724 2742 1971 2807 sabbati
2017 2742 2393 2825 pertinebat,
2450 2744 2515 2806 et
2566 2742 2657 2806 ita

357 2846 581 2911 eadem
639 2852 822 2911 nocte
879 2848 1194 2912 fracturus
1251 2867 1498 2931 panem,
1556 2850 1725 2913 sicut
1776 2848 2091 2933 frangitur
2141 2849 2205 2913 in
2263 2852 2653 2915 sacramento

355 2954 640 3035 corporis
690 2954 948 3029 Christi,
995 2954 1292 3036 produxit
1337 2974 1692 3021 sermonem
1742 2976 1945 3038 usque
1982 2956 2059 3019 ad
2106 2956 2385 3021 medium
2426 2955 2653 3033 noctiS‚

353 3065 432 3124 ut
503 3063 656 3143 post
727 3061 1046 3126 celebrata
1117 3066 1512 3127 sacramenta
1581 3082 1801 3128 rursus
1876 3082 2081 3145 usque
2154 3062 2233 3128 ad
2300 3062 2653 3128 diluculum

535 3304 570 3357 4
607 3303 729 3358 Aet.
767 3304 854 3369 20,
895 3306 926 3359 7
1074 3306 1142 3360 10
1179 3306 1300 3360 Act.
1339 3307 1426 3371 20,
1467 3308 1530 3360 11
1704 3308 1765 3361 17
1804 3306 2001 3363 Matth.
2040 3306 2126 3370 28,
2169 3307 2223 3371 1;
2262 3306 2425 3361 Marc.
2468 3307 2551 3373 16,
2589 3307 2645 3370 23

351 3394 484 3447 Luc.
523 3395 610 3457 24,
654 3395 712 3459 1;
749 3394 864 3448 Ioh.
905 3395 992 3455 20.
1033 3396 1058 3448 1

431 3519 456 3571 1
499 3515 936 3586 priscillianistas
965 3516 1040 3571 P¹
1078 3518 1451 3589 priscianistae
1478 3518 1558 3573 1²²
1662 3520 1696 3575 3
1734 3520 2013 3589 apostolus
2049 3518 2250 3573 Paulus
2288 3518 2409 3574 edd.
2519 3534 2649 3586 apo-

349 3606 529 3659 stolus
569 3622 671 3661 oon.
711 3604 792 3658 1³³
827 3606 1106 3676 apostolos
1142 3606 1220 3660 P²
1426 3609 1456 3662 7
1497 3607 1859 3663 discendisset
1893 3608 1968 3662 Ρ1
2166 3608 2199 3661 8
2237 3608 2539 3677 congregiti
2576 3605 2654 3660 Ρ2

353 3696 420 3748 11
462 3696 682 3764 panem]
719 3698 904 3749 tamen
941 3694 1021 3747 P²
1201 3697 1267 3749 12
1306 3712 1476 3767 usque
1512 3713 1624 3751 ras.
1666 3702 1716 3751 et
1752 3714 1889 3751 corr.
1928 3701 2050 3752 m.1
2084 3714 2151 3751 ex
2188 3714 2325 3766 quae
2361 3696 2416 3749 P
2556 3697 2647 3765 ad]

349 3801 383 3837 a
420 3782 502 3837 1³²
639 3784 704 3838 15
744 3783 1050 3854 appellatur
1086 3802 1186 3839 om.
1235 3785 1285 3839 Τ
1419 3786 1484 3840 16
1521 3786 1578 3839 in
1618 3786 1933 3855 euangelias
1969 3783 2049 3839 1²²
2187 3802 2311 3841 nam
2348 3787 2411 3839 in
2437 3786 2558 3855 fine
2592 3802 2648 3839 u.

344 3872 540 3942 spatio
575 3872 768 3927 relicto
805 3888 906 3927 om.
945 3873 1020 3925 Ρ1
1177 3874 1241 3929 17
1281 3892 1313 3928 a
1349 3891 1451 3931 om.
1490 3876 1545 3928 P
1690 3876 1756 3929 18
1794 3892 1911 3929 esse
1948 3892 2051 3929 om.
2098 3874 2151 3929 T
2304 3879 2498 3945 postea
2534 3874 2649 3929 dies

347 3961 655 4015 dominicus
691 3960 772 4014 Ρ3
808 3960 1106 4017 dominicus
1143 3967 1338 4033 postea
1372 3964 1493 4019 edd.
1636 3965 1701 4019 19
1738 3969 2003 4035 peratum.
2040 3980 2177 4021 corr.
2216 3982 2284 4020 m.
2305 3970 2335 4017 1
2369 3968 2647 4033 peractum

343 4050 434 4103 1²³
540 4050 610 4104 20
648 4051 966 4120 congregati
1005 4068 1161 4122 quae,
1200 4070 1268 4107 m.
1293 4056 1332 4106 2
1368 4069 1505 4108 corr.
1543 4052 1661 4109 uid.
1701 4054 2125 4123 congregatique
2161 4053 2239 4107 P¹
2381 4054 2489 4107 iam
2526 4068 2647 4116 om„

345 4156 419 4192 m.
442 4142 484 4192 2
521 4138 598 4209 (ἓ)
637 4138 772 4196 add.
817 4137 870 4192 T
1027 4158 1060 4195 a
1097 4140 1240 4195 diem
1277 4140 1356 4194 1³²
1532 4142 1603 4195 22
1640 4141 1897 4207 facturus,
1937 4159 2075 4200 corr.
2112 4148 2236 4195 m.1
2270 4142 2535 4197 fracturus
2572 4142 2648 4196 12¹

423 4226 662 4296 fragitur
696 4226 778 4280 Ρ2
953 4228 1022 4283 23
1059 4230 1236 4283 noctis
1275 4246 1332 4283 se
1369 4233 1432 4284 ut
1465 4228 1545 4283 Ρ2
1724 4233 1795 4285 24
1841 4236 2179 4286 sacramenta
2216 4231 2489 4285 celebrata.
2526 4232 2645 4285 edd.

343 4332 540 4369 rursus
573 4318 771 4387 usque]
813 4333 1100 4387 rursusque
1135 4317 1325 4373 ΗΡΡ1
1363 4335 1533 4389 usque
1578 4319 1629 4372 T
1770 4320 1837 4374 ad
1879 4320 2115 4374 diluculo
2145 4318 2222 4372 Ρ2
