3184 4959
1152 443 1676 511 epistularum
1733 442 1928 498 XCIII.
2551 449 2684 512 473

384 635 461 700 de
510 656 635 718 qua
690 636 955 702 dicitur:
1014 637 1249 702 Sicut
1303 637 1578 702 lilium
1637 639 1714 702 in
1771 637 2036 704 medio
2093 639 2508 722 spinarum
2567 640 2684 704 ita

384 743 744 828 proxima
798 763 963 808 mea
1020 744 1095 808 in
1154 743 1423 809 medio
1470 745 1866 822 filiarum,
1923 765 2084 827 quae
2129 765 2244 811 nec
2293 746 2509 829 spinae
2557 746 2684 812 dici

386 854 647 934 possent
700 850 823 914 nisi
886 851 1287 947 malignitate
1343 870 1591 916 morum
1649 871 1766 917 nec
1827 851 1996 918 filiae
2060 853 2186 918 nisi
2245 855 2686 920 communione

386 959 942 1024 sacramentorum.
1024 956 1167 1041 ipsa
1232 961 1351 1036 est,
1418 978 1580 1042 quae
1649 959 1832 1025 dicit:
1910 961 1965 1024 A
2031 961 2348 1026 finibus
2413 964 2683 1026 terrae

321 1087 347 1126 5
386 1064 476 1128 ad
540 1068 617 1130 te
674 1065 1047 1143 clamaui,
1116 1084 1287 1130 oum
1344 1067 1820 1131 anxiaretur
1875 1085 2008 1132 cor
2063 1086 2337 1146 meum,
2406 1087 2565 1151 quae
2619 1070 2684 1134 in

386 1172 510 1237 alio
539 1172 785 1254 psalmo
818 1171 1003 1237 dicit:
1036 1172 1425 1237 Taedium
1468 1173 1842 1238 detinuit
1875 1193 1991 1238 me
2030 1193 2066 1238 a
2103 1175 2686 1255 peccatoribus

384 1279 1071 1361 relinquentibus
1128 1280 1388 1362 legem
1444 1282 1669 1344 tuam
1717 1284 1811 1346 et:
1849 1280 2038 1345 Vidi
2085 1281 2558 1348 insensatos
2608 1285 2686 1347 et

386 1384 931 1450 tabescebam.
986 1385 1129 1469 ipsa
1165 1390 1283 1462 est,
1325 1405 1485 1470 quae
1526 1386 1686 1452 dicit
1725 1405 1954 1469 sponso
1995 1406 2144 1452 suo:
2183 1387 2338 1454 Ubi
2385 1387 2686 1471 pasciS,

390 1491 523 1556 ubi
589 1491 835 1557 cubas
892 1493 969 1558 in
1024 1492 1397 1570 meridie;
1456 1513 1549 1558 ne
1604 1493 1818 1560 forte
1873 1494 2066 1559 fiam
2127 1493 2346 1560 sicut
2403 1497 2688 1577 operta

298 1621 351 1660 ιο
389 1617 631 1680 super
696 1617 989 1682 greges
1056 1599 1467 1665 sodalium
1542 1603 1885 1677 tuorum,
1965 1599 2032 1664 id
2097 1603 2217 1680 est,
2295 1599 2466 1682 quod
2529 1599 2685 1664 alibi

389 1704 650 1770 dicitur:
707 1705 1139 1771 Dexteram
1184 1709 1403 1771 tuam
1451 1711 1720 1772 notam
1764 1706 1888 1771 fac
1935 1705 2135 1771 mihi
2181 1710 2261 1772 et
2307 1706 2684 1772 eruditos

390 1812 627 1878 corde
673 1812 749 1876 in
800 1811 1236 1895 sapientia,
1284 1813 1348 1877 in
1398 1812 1632 1896 quibus
1678 1812 1822 1878 luce
1868 1813 2266 1898 fulgentibus
2315 1817 2382 1879 et
2425 1813 2688 1878 caritate

387 1920 781 1985 sementibus
832 1919 1014 2002 quasi
1067 1919 1133 1985 in
1178 1919 1443 1984 meridie
1486 1919 1858 2002 requiescis,
1897 1939 1976 1986 ne
2011 1921 2174 1986 forte
2219 1922 2403 1986 uelut
2447 1923 2728 2004 operta,.

387 2026 453 2091 id
501 2031 601 2092 est
646 2027 897 2092 occulta
954 2030 1019 2092 et
1075 2027 1369 2111 ignorata
1432 2027 1680 2092 inruam
1735 2045 1859 2092 non
1913 2027 1978 2092 in
2033 2045 2294 2112 gregem
2339 2031 2524 2093 tuum
2571 2027 2684 2092 sed

302 2135 451 2198 15in
519 2153 743 2219 greges
810 2133 1127 2200 sodalium
1190 2136 1471 2216 tuorum,
1534 2134 1600 2198 id
1657 2139 1759 2200 est
1821 2134 2303 2211 haereticorum,
2371 2151 2532 2217 quos
2593 2134 2688 2198 ita

390 2240 639 2305 sodales
696 2239 857 2304 dicit
918 2240 1091 2305 sicut
1154 2239 1367 2323 spinas
1430 2240 1575 2306 illas
1639 2240 1806 2306 filias
1863 2243 2118 2323 propter
2173 2240 2686 2304 communionem

391 2349 950 2425 sacramentorum,
999 2346 1075 2412 de
1116 2346 1349 2429 quibus
1386 2346 1540 2411 alibi
1578 2346 1839 2412 dicitur:
1887 2347 1996 2411 Tu
2035 2365 2224 2412 uero
2271 2346 2685 2411 unanimis

390 2472 631 2532 meus,
691 2453 841 2519 dux
897 2471 1119 2519 meus
1168 2457 1247 2518 et
1290 2456 1533 2519 notus
1580 2472 1825 2533 meus,
1884 2453 2022 2536 qui
2077 2453 2324 2518 simul
2380 2471 2686 2518 mecum

392 2559 675 2625 dulces
742 2559 1131 2644 capiebas
1199 2561 1460 2637 cibos;
1522 2559 1602 2624 in
1671 2560 1898 2626 domo
1967 2559 2272 2625 domini
2339 2559 2688 2624 ambula-

300 2686 353 2724 κο
390 2665 657 2732 nimus
724 2685 896 2731 cum
958 2683 1385 2732 consensu.
1452 2666 1732 2731 ueniat
1786 2685 1992 2732 mors
2051 2684 2294 2750 super
2357 2664 2556 2731 illos
2611 2667 2690 2728 et

392 2771 894 2838 descendant
967 2772 1045 2836 in
1120 2771 1521 2838 infernum
1607 2772 2002 2838 uiuentes
2069 2773 2240 2837 siout
2301 2770 2556 2836 Dathan
2625 2774 2690 2834 et

214 2879 297 2940 :29
389 2879 650 2956 Abiron,
715 2879 947 2962 impiae
1004 2879 1419 2962 separationis
1478 2882 1790 2945 auctores.
1846 2879 1990 2963 ipsa
2043 2882 2163 2958 est,
2227 2879 2332 2944 cui
2387 2878 2688 2944 continuo

392 2985 840 3070 respondetur:
888 2985 1073 3051 Nisi
1112 2987 1609 3071 cognoueris
1647 2989 1906 3052 temet
1939 2986 2221 3071 ipsam,
2271 3005 2306 3051 o
2344 2985 2692 3070 pulchra

574 3230 600 3284 1
645 3228 799 3284 Cant.
843 3231 894 3295 2,
932 3230 967 3284 2
1124 3231 1160 3284 4
1194 3230 1285 3285 Pu.
1324 3231 1411 3294 60,
1448 3230 1482 3284 3
1637 3231 1671 3284 6
1708 3229 1798 3284 Ps.
1841 3229 1958 3293 118,
1997 3229 2068 3282 53
2223 3228 2253 3281 7
2291 3227 2381 3283 Ps.
2422 3227 2544 3294 118,
2584 3226 2690 3280 158

391 3319 425 3372 8
463 3317 619 3374 Cant.
662 3319 711 3383 1,
748 3319 782 3372 6
959 3319 1019 3373 11
1062 3319 1152 3374 Ps.
1192 3319 1281 3382 89,
1324 3319 1391 3372 12
1566 3319 1632 3373 17
1671 3319 1763 3372 Ps.
1802 3318 1890 3382 54,
1933 3319 2144 3373 14-16
2309 3317 2374 3370 21
2419 3315 2578 3372 Num.
2623 3315 2689 3369 16

394 3407 569 3462 1—33
679 3407 749 3461 23
787 3407 945 3462 Cant.
986 3408 1034 3473 1,
1074 3409 1105 3461 7

465 3550 497 3603 2
536 3551 695 3618 quae]
734 3549 864 3618 quia
900 3549 953 3604 L
1096 3551 1129 3604 3
1166 3552 1397 3620 possunt
1436 3550 1485 3604 0
1497 3567 1551 3604 m
1697 3548 2016 3612 communio,
2055 3563 2192 3602 corr.
2231 3551 2352 3601 m.1
2390 3546 2689 3601 communi·—

395 3655 497 3694 one
533 3637 608 3692 M
710 3641 744 3692 4
782 3639 888 3708 est]
926 3642 1011 3692 est
1049 3639 1193 3694 enim
1236 3639 1345 3694 CN
1358 3657 1410 3694 m
1530 3642 1564 3694 5
1605 3639 1730 3694 dum
1769 3640 1826 3694 A
1859 3653 1958 3692 sec.
2007 3637 2164 3706 Vulq.
2311 3639 2603 3706 angeretur
2637 3634 2693 3688 L

466 3744 605 3798 quae
653 3733 710 3780 et
755 3728 811 3782 iu
854 3727 1007 3784 (JPR
1052 3731 1109 3782 et
1156 3745 1297 3798 quae
1333 3729 1389 3782 in
1426 3727 1495 3781 N
1668 3727 1698 3780 7
1740 3725 2241 3795 derelinquentibus
2275 3723 2394 3781 NR
2430 3723 2552 3778 edd.
2587 3739 2690 3779 aec.

402 3816 561 3886 ναῖς.
598 3815 878 3886 (Septuay.
921 3815 1493 3887 ἐγκαταλιμπανόντων)
1625 3816 1658 3870 8
1695 3817 2100 3886 ipsa—tuorum
2139 3829 2242 3871 om.
2281 3813 2335 3866 A
2465 3813 2532 3867 10
2569 3828 2690 3882 gre-

394 3921 515 3975 gem
560 3904 608 3958 0
750 3905 815 3958 13
855 3905 1033 3975 quasi}
1076 3921 1185 3974 qua
1220 3903 1452 3959 MAOP
1485 3909 1633 3971 (m.2
1671 3905 1848 3974 quasi)
1886 3905 1943 3960 R
1979 3908 2258 3974 tamquam
2295 3903 2350 3958 L
2540 3901 2690 3969 quie·

394 3995 499 4048 scis
536 3993 589 4048 L
804 3993 945 4048 forte
990 3993 1115 4048 fiam
1162 3993 1317 4048 uelut
1351 3992 1407 4048 R
1563 3995 1631 4048 14
1678 3997 1735 4047 et
1779 3993 1972 4062 ignota
2021 3991 2242 4046 CPLm
2287 3990 2600 4062 ignorant-ia
2633 3988 2694 4044 R

398 4084 464 4138 15
502 4099 671 4152 grege
706 4082 781 4136 M
814 4098 1033 4152 gregem
1078 4081 1127 4136 0
1309 4082 1600 4147 hereticos,
1640 4099 1706 4136 m.
1730 4085 1770 4136 2
1803 4081 2168 4136 hereticorum
2204 4080 2259 4134 L
2453 4079 2519 4132 16
2559 4077 2695 4132 dicit

394 4171 611 4226 sodales
646 4172 702 4228 R
883 4170 1019 4226 dicit
1054 4187 1157 4225 om.
1196 4172 1251 4225 A
1428 4171 1557 4226 illas
1594 4172 1780 4241 spinas
1816 4170 1926 4226 RL
2118 4169 2260 4234 illas,
2297 4185 2366 4224 m.
2389 4171 2429 4222 2
2463 4169 2609 4222 inter
2649 4166 2696 4220 Ο

398 4263 463 4316 17
503 4260 794 4314 unianimis
832 4262 885 4316 A
1069 4261 1135 4314 18
1174 4259 1303 4330 dux]
1343 4264 1399 4314 et
1434 4259 1541 4315 dux
1577 4259 1700 4316 edd.
1885 4261 1952 4314 19
1992 4257 2080 4313 dei
2116 4257 2222 4312 PL
2257 4273 2358 4313 sec.
2395 4273 2544 4312 sacr.
2584 4257 2695 4313 litt.

394 4349 466 4404 20
504 4365 594 4402 eos
620 4348 675 4402 P
744 4349 813 4402 22
843 4346 1049 4414 abiron,
1090 4366 1155 4402 m.
1178 4353 1209 4401 1
1245 4365 1278 4402 a
1312 4363 1476 4417 super
1512 4365 1570 4401 ro
1605 4347 1654 4402 C
1758 4347 1860 4418 est]
1893 4350 1978 4402 est
2015 4346 2176 4410 enim,
2203 4345 2301 4400 ced
2327 4345 2468 4399 enim
2501 4344 2605 4398 del.
2633 4343 2698 4396 N
