3184 4959
501 418 584 481 96
1259 414 1312 468 S.
1369 413 1643 467 Aureli
1699 413 2135 483 Augustini

320 605 482 670 Vl4
591 609 774 692 Quod
823 611 878 673 si
923 613 1106 693 gesta
1149 609 1623 691 proconsularia
1669 607 2029 691 displicent,
2078 607 2528 673 ecclesiasticis
2566 606 2793 672 cedite.

502 717 712 782 omnia
765 718 952 782 uobis
1002 716 1216 781 ordine
1264 716 1532 780 recitata
1579 719 1747 780 sunt.
1798 735 1873 780 an
1920 716 2081 780 forte
2130 735 2252 782 non
2302 715 2526 780 debuit
2568 715 2793 780 Roma-

499 845 614 889 nae
672 826 976 890 ecclesiae
1032 825 1422 890 Melchiades
1469 825 1807 908 episcopus
1856 843 1999 889 curn
2050 823 2311 907 collegis
2357 822 2792 888 transmarinis

501 932 816 1014 episcopis
869 932 1032 996 illud
1081 931 1204 995 sibi
1251 950 1558 1014 usurpare
1606 931 1935 1008 iudicium,
1986 928 2154 1013 quod
2202 930 2279 994 ab
2324 929 2495 994 Afris
2544 933 2793 1012 septua-

502 1039 698 1123 ginta,
756 1039 866 1103 ubi
922 1039 1159 1122 primas
1217 1037 1612 1122 Tigisitanus
1668 1037 2006 1121 praesedit,
2072 1037 2275 1101 fuerat
2338 1035 2791 1101 terminatum?
2856 1053 2885 1092 ⁵

502 1146 670 1228 quid,
749 1144 916 1228 quod
991 1165 1104 1210 nec
1179 1144 1316 1227 ipse
1381 1145 1761 1227 usurpauit?
1824 1148 2087 1228 rogatus
2154 1144 2389 1226 quippe
2452 1144 2797 1226 imperator

500 1252 745 1318 iudices
801 1252 978 1316 misit
1035 1253 1390 1336 episcopOS,
1451 1251 1559 1334 qui
1616 1271 1761 1315 cum
1811 1270 1883 1315 eo
1932 1251 2225 1316 sederent
2268 1254 2333 1315 et
2378 1250 2454 1315 de
2501 1252 2639 1315 tota
2681 1249 2795 1313 illa

502 1379 712 1439 causa,
771 1359 939 1442 quod
995 1358 1236 1423 iustum
1291 1357 1634 1435 uideretur,
1703 1361 2075 1423 statuerent.
2140 1358 2260 1422 hoc
2323 1358 2665 1441 probamus
2730 1360 2796 1420 et

500 1467 981 1533 Donatistarum
1037 1465 1332 1550 precibus
1389 1469 1454 1530 et
1508 1465 1721 1530 uerbis
1777 1465 1981 1547 ipsius
2038 1466 2466 1549 imperatoris3
2524 1467 2792 1546 utraque

502 1576 669 1640 enim
741 1574 927 1638 uobis
999 1573 1166 1638 lecta
1237 1573 1619 1638 meministis
1694 1577 1760 1636 et
1821 1570 2199 1654 inspiciendi
2262 1590 2335 1636 ac
2400 1570 2790 1636 describendi
2830 1586 2887 1626 ιο

500 1681 825 1746 licentiam
879 1699 1043 1744 nunc
1101 1679 1368 1745 habetis,
1424 1679 1624 1763 legite
1682 1681 1746 1744 et
1803 1679 2199 1745 considerate
2256 1679 2485 1743 omnia.
2553 1677 2789 1755 uidete,

502 1789 737 1868 quanta
783 1805 932 1850 cura
975 1785 1151 1868 pacis
1191 1789 1380 1868 atque
1418 1785 1683 1850 unitatis
1723 1784 2185 1850 conseruandae
2225 1785 2329 1850 uel
2365 1783 2790 1849 restituendae

501 1895 733 1958 cuncta
788 1892 1079 1956 discussa
1134 1893 1280 1966 sint,
1341 1910 1527 1974 quem
1585 1891 1663 1954 ad
1718 1891 1977 1956 modum
2036 1895 2480 1958 accusatorum
2524 1909 2792 1974 persona

501 2001 769 2063 tractata
827 2002 892 2062 et
947 1997 1338 2080 quorundam
1396 2016 1615 2063 eorum
1681 1998 1913 2080 quibus
1978 1997 2246 2062 maculis
2309 1996 2641 2079 inprobata
2708 1996 2795 2062 sit

498 2105 1053 2190 praesentiumque
1099 2104 1368 2169 uocibus
1414 2104 1659 2186 liquido
1708 2103 2071 2169 constiterit
2124 2102 2280 2166 nihil
2320 2121 2427 2168 eos
2466 2102 2790 2180 habuisse,
2830 2119 2885 2158 1⁵

501 2211 669 2294 quod
728 2210 790 2274 in
851 2210 1276 2276 Caecilianum
1336 2211 1634 2287 dicerent,
1694 2211 1803 2275 sed
1860 2213 2061 2275 totam
2118 2228 2375 2274 causam
2430 2208 2494 2272 in
2542 2209 2793 2291 plebem

501 2316 577 2382 de
641 2321 818 2401 parte
884 2317 1201 2394 Maiorini,
1266 2318 1385 2382 hoc
1443 2320 1542 2381 est
1600 2316 1970 2381 seditiosam
2028 2319 2093 2382 et
2148 2316 2224 2380 ab
2286 2316 2591 2381 ecclesiae
2638 2333 2791 2399 pace

501 2423 839 2488 alienatam
885 2423 1364 2489 multitudinem
1410 2424 1747 2488 transferre
1794 2422 2101 2500 uoluisse,
2149 2425 2225 2487 ut
2262 2424 2339 2488 ab
2379 2443 2453 2488 ea
2488 2423 2793 2488 uidelicet

498 2531 687 2596 turba
735 2531 1129 2598 Caecilianus
1179 2533 1607 2609 accusaretur,
1658 2551 1845 2614 quam
1894 2531 2049 2596 solis
2094 2531 2513 2596 tumultuosis
2564 2530 2788 2594 clamo-

496 2639 674 2702 ribus
731 2638 910 2703 nulla
963 2639 1486 2704 documentorum
1554 2638 1996 2714 adtestatione,
2060 2637 2235 2701 nullo
2300 2636 2591 2702 ueritatis
2656 2653 2791 2700 exa·
2827 2652 2885 2692 πο

499 2745 668 2810 mine
725 2745 799 2809 ad
858 2763 1040 2809 suam
1097 2746 1496 2810 uoluntatem
1555 2744 1797 2810 animos
1850 2743 2139 2808 iudicum
2186 2743 2555 2826 detorquere
2602 2761 2791 2825 posse

499 2852 982 2928 arbitrabantur,
1039 2853 1162 2916 nisi
1217 2853 1380 2916 forte
1437 2852 1679 2917 furiosa
1734 2855 1801 2916 et
1853 2850 2082 2934 poculo
2142 2850 2367 2915 erroris
2424 2853 2612 2932 atque
2661 2867 2793 2913 cor-

498 2958 812 3040 ruptionis
860 2958 1033 3022 ebria
1079 2957 1422 3023 multitudo
1471 2977 1623 3023 uera
1658 2958 1724 3022 in
1766 2957 2195 3024 Caecilianum
2234 2955 2499 3020 crimina
2535 2955 2790 3031 diceret,

501 3064 611 3128 ubi
650 3065 1055 3148 septuaginta
1094 3063 1397 3148 episcopi,
1437 3065 1609 3130 sicut
1647 3065 1724 3129 de
1762 3065 1971 3130 Felice
2010 3065 2447 3148 Aptungitano
2480 3063 2789 3138 constitit,

501 3170 794 3235 absentes
843 3172 908 3234 et
951 3172 1317 3236 innocentes
1365 3173 1643 3256 collegas
1690 3174 1823 3236 tam
1868 3173 2090 3238 insana
2133 3171 2493 3235 temeritate
2541 3171 2791 3236 damna·
2828 3189 2883 3231 εὖ

499 3279 668 3341 runt.
727 3278 897 3359 quali
952 3279 1120 3343 enim
1177 3279 1399 3344 turbae
1450 3278 1547 3343 illi
1606 3281 2070 3352 consenserant,
2126 3281 2201 3342 ut
2256 3278 2563 3342 aduersus
2618 3276 2795 3342 inno-

501 3387 717 3450 centes
789 3403 910 3448 non
983 3385 1406 3469 interrogatos
1472 3387 1825 3468 proferrent
1888 3386 2257 3462 sententiaS,
2324 3405 2361 3448 a
2424 3384 2538 3450 tali
2604 3383 2793 3448 turba

573 3699 598 3751 1
639 3697 925 3768 dispicent‚
963 3715 1030 3754 m.
1053 3702 1092 3751 2
1129 3697 1258 3752 add.
1296 3697 1317 3750 l
1351 3697 1408 3752 R
1596 3699 1629 3752 3
1668 3695 1965 3752 militiades
2004 3697 2064 3752 F
2098 3697 2255 3764 (med.
2294 3697 2313 3750 i
2352 3699 2495 3766 exp.)
2534 3697 2591 3750 P
2622 3696 2787 3751 militi

498 3787 626 3840 ades
663 3787 718 3840 A
762 3786 1062 3850 militiadis,
1099 3803 1169 3843 m.
1191 3789 1231 3840 2
1273 3786 1568 3840 militiades
1606 3786 1679 3841 M
1712 3785 2002 3841 melciades
2040 3787 2161 3841 cdd.
2192 3793 2419 3855 practer
2438 3803 2492 3840 m
2600 3787 2637 3840 4
2672 3787 2789 3856 epi-

499 3876 698 3946 scopis]
741 3881 834 3945 eps
871 3875 932 3930 F
1095 3876 1358 3945 usurpari,
1395 3891 1463 3928 m.
1488 3880 1526 3928 2
1565 3892 1819 3946 usurpare
1858 3875 1915 3928 P
2020 3879 2052 3930 5
2090 3876 2353 3945 primatus
2390 3875 2546 3930 codd.
2586 3875 2787 3944 primas

499 3963 619 4021 edd.
835 3963 1183 4033 praesidebat
1216 3964 1292 4017 M
1501 3964 1699 4029 futura,
1736 3981 1805 4019 m.
1830 3969 1869 4020 2
1904 3965 2085 4018 fuerat
2119 3965 2173 4018 P
2350 3966 2383 4019 6
2422 3963 2554 4032 quid
2592 3979 2694 4018 om.
2733 3962 2791 4018 R

497 4053 531 4106 8
569 4056 880 4107 statuerunt
915 4053 1096 4106 MFA
1186 4053 1219 4106 9
1255 4053 1601 4122 imperatoris
1638 4055 1810 4124 ipsius
1840 4056 1893 4108 A
1988 4055 2055 4108 10
2091 4053 2441 4108 meministris
2481 4055 2529 4122 (r
2564 4055 2707 4125 exp.)
2737 4053 2793 4105 P

570 4141 932 4195 distribuendi
967 4141 1023 4196 R
1189 4143 1254 4196 13
1292 4143 1403 4196 sint
1437 4159 1549 4196 raa.
1589 4159 1657 4196 ex
1692 4147 1821 4196 sunt
1856 4142 1919 4197 F
2074 4145 2141 4196 14
2177 4141 2429 4196 masculis
2468 4144 2582 4208 (pr.
2622 4157 2647 4194 s
2684 4141 2788 4194 del.

497 4246 566 4283 m.
589 4234 648 4296 2)
687 4230 743 4284 P
847 4232 915 4284 22
955 4230 1307 4300 correptionis
1345 4231 1498 4284 codd.
1610 4232 1681 4284 24
1720 4229 1786 4284 de
1824 4230 1963 4285 filice
2000 4229 2063 4284 F
2094 4231 2314 4285 difficile
2352 4231 2406 4283 A
2514 4229 2791 4284 autumni-

497 4321 626 4372 tano
665 4319 820 4373 codd.
863 4336 947 4374 ae
1055 4320 1123 4372 27
1162 4319 1528 4389 interrogatas
1565 4319 1689 4373 MA
