3184 4959
1100 403 1628 473 epistularum
1685 403 2000 458 Lxxxvu.
2573 411 2704 474 403

396 599 663 662 autem
708 615 859 662 non
907 596 1193 662 timere
1239 600 1766 679 potestatem,
1825 598 2112 663 bonum
2163 600 2288 666 fac
2337 603 2416 666 et
2472 601 2704 666 habe-

396 703 519 768 bis
586 703 909 768 laudem
966 723 1049 768 ex
1105 701 1285 778 illa;
1356 702 1483 767 dei
1540 705 1748 768 enim
1807 705 2188 772 minister
2243 709 2370 772 est
2415 708 2574 772 tibi
2619 709 2697 774 in

396 810 703 875 bonum.
784 811 995 892 quod
1070 810 1137 874 si
1212 811 1509 874 malum
1582 809 1909 890 feceris,
1977 813 2206 890 time;
2281 832 2428 878 non
2497 815 2702 880 enim

395 917 708 982 frustra
783 916 1149 1002 gladium
1222 919 1537 998 portat;
1617 916 1744 981 dei
1821 916 2031 981 enim
2103 917 2490 983 minister
2553 923 2696 996 est,

333 1048 359 1087 ⁵
394 1023 691 1088 uindex
735 1023 813 1088 in
860 1023 1058 1088 iram
1118 1023 1205 1098 ei,
1262 1023 1398 1106 qui
1454 1024 1660 1088 male
1719 1023 1916 1107 agit.
1983 1027 2122 1088 tota
2165 1023 2368 1108 igitur
2413 1027 2701 1108 quaestio

395 1133 513 1206 est,
580 1134 797 1196 utrum
863 1129 1021 1195 nihil
1084 1129 1239 1195 mali
1308 1129 1395 1196 sit
1458 1130 1740 1195 schisma
1793 1133 1908 1194 aut
1962 1134 2177 1195 utrum
2236 1131 2514 1196 schisma
2577 1152 2700 1198 non

390 1237 691 1314 feceritis,
756 1239 831 1301 ut
894 1255 1009 1318 pro
1062 1235 1227 1301 bono
1286 1255 1472 1318 opere
1525 1237 1956 1318 potestatibus
2013 1237 2354 1316 resistatiS,
2411 1257 2534 1304 non
2587 1258 2700 1324 pro

392 1345 581 1422 ma10,
611 1343 779 1408 unde
818 1343 1001 1408 uobis
1040 1343 1389 1425 adquiratis
1417 1343 1752 1409 iudicium.
1781 1346 2114 1427 propterea
2140 1343 2700 1426 prouidentissime

394 1449 683 1515 dominus
718 1469 843 1516 non
894 1449 1009 1514 ait:
1059 1449 1315 1526 Beati,
1366 1451 1503 1533 qui
1550 1449 2208 1531 persecutionem
2256 1451 2697 1533 patiuntur

306 1579 355 1618 ιο
391 1559 661 1632 tantum,
710 1556 823 1622 sed
880 1555 1153 1621 addidit:
1212 1556 1559 1640 Propter
1620 1555 2059 1622 iustitiam.
2129 1557 2184 1621 si
2243 1575 2392 1641 ergo
2448 1557 2702 1624 iustitia

392 1667 509 1739 est,
586 1682 773 1746 quam
852 1661 1093 1746 operati
1168 1662 1323 1728 estis
1396 1662 1459 1726 in
1526 1662 1640 1726 illa
1704 1662 2120 1740 dissensione,
2184 1663 2249 1727 in
2318 1681 2444 1747 qua
2505 1663 2694 1730 etiam

388 1771 791 1851 permanetis,
866 1769 1215 1834 secundum
1292 1788 1385 1846 ea,
1463 1788 1624 1852 quae
1701 1789 1892 1853 supra
1967 1769 2115 1848 dixi,
2191 1788 2378 1835 nosse
2455 1770 2566 1835 abs
2632 1773 2698 1836 te

390 1874 605 1959 cupi03
674 1876 729 1940 si
796 1879 1013 1941 autem
1076 1875 1381 1958 iniquitas
1448 1879 1547 1940 est
1611 1875 1827 1942 orbem
1893 1875 2324 1941 Christianum
2402 1876 2696 1942 damnare

385 1981 765 2058 inauditum,
813 1982 920 2046 uel
968 1981 1117 2064 quia
1160 1999 1283 2046 non
1332 1981 1605 2060 audiuit,
1653 2001 1812 2065 quae
1860 2000 1978 2047 uos
2037 1981 2330 2060 audistis,
2385 1983 2493 2048 uel
2549 1983 2698 2065 quia

304 2113 353 2152 ιε
386 2106 511 2153 non
566 2087 627 2152 ei
678 2087 1016 2170 probatum
1072 2089 1192 2165 est,
1250 2087 1419 2169 quod
1474 2091 1712 2152 temere
1769 2085 2127 2152 credidistis
2184 2091 2296 2152 aut
2341 2087 2475 2152 sine
2524 2091 2696 2154 certo

388 2194 766 2260 documento
832 2194 1207 2272 accusastis,
1264 2197 1327 2258 et
1384 2193 1523 2258 ideo
1578 2192 1968 2276 rebaptizare
2021 2194 2192 2258 uelle
2247 2196 2348 2258 tot
2391 2194 2696 2261 ecclesias

386 2301 591 2383 ipsius
640 2301 901 2378 domini,
950 2319 1095 2366 cum
1141 2299 1245 2364 hic
1295 2300 1501 2366 adhuc
1549 2303 1726 2364 esset
1770 2299 1834 2364 in
1882 2318 2084 2377 carne,
2135 2303 2202 2365 et
2259 2301 2695 2384 apostolorum

388 2409 524 2474 eius
589 2407 1057 2491 praedicatione
1122 2425 1195 2472 ac
1260 2407 1473 2472 labore
1539 2406 1857 2484 fundatas,
1923 2407 2074 2489 quia
2135 2407 2321 2472 uobis
2377 2407 2530 2471 licet
2583 2411 2698 2472 aut

388 2517 629 2580 nescire
694 2515 881 2579 Afros
948 2513 1226 2597 collegas
1293 2517 1546 2579 uestros
1612 2514 1818 2580 malos
1885 2513 2081 2578 simul
2142 2513 2438 2578 uiuentes
2503 2513 2692 2578 simul

296 2651 347 2687 ιο
388 2624 781 2685 sacramenta
841 2623 1187 2686 tractantes
1252 2624 1365 2692 aut
1430 2621 1624 2684 etiam
1689 2619 1852 2685 scire
1901 2620 2014 2684 sed
2066 2619 2355 2698 tolerare,
2413 2638 2492 2684 ne
2549 2639 2692 2702 pars

387 2728 617 2794 Donati
676 2727 1019 2806 diuidatur,
1075 2726 1207 2791 illis
1265 2731 1477 2792 autem
1534 2727 1600 2790 in
1649 2727 1796 2792 orbe
1843 2725 2272 2791 remotissimo
2322 2725 2691 2792 constitutis

388 2853 510 2900 non
572 2834 729 2899 licet
792 2832 1055 2911 nescire,
1116 2833 1285 2915 quod
1342 2853 1459 2898 uos
1516 2833 1593 2897 de
1640 2833 1810 2897 Afris
1870 2835 1982 2897 aut
2025 2832 2227 2897 nostis
2277 2835 2388 2896 aut
2433 2831 2692 2897 creditis

387 2943 497 3006 aut
551 2940 821 3005 audistis
880 2943 991 3006 aut
1043 2939 1305 3024 fingitis,
1366 2957 1527 3022 quae
1581 2943 1762 3005 tanta
1817 2943 1916 3004 est
1960 2939 2346 3023 peruersitas
2393 2939 2694 3023 amplecti

386 3067 567 3113 suam
612 3047 1015 3130 iniquitatem
1064 3051 1129 3110 et
1173 3051 1568 3129 potestatum
1617 3063 1912 3112 accusare
1961 3046 2412 3111 seueritatem?

207 3167 247 3228 8
296 3182 349 3223 π
474 3154 581 3218 ‘At
626 3152 793 3218 enim
841 3157 905 3218 et
950 3153 1153 3217 malos
1204 3152 1582 3218 Christianis
1629 3173 1753 3218 non
1792 3153 1950 3218 licet
1985 3153 2321 3236 persequi’.
2372 3155 2532 3232 esto,
2567 3171 2688 3217 non

386 3260 601 3336 liceat;
653 3261 765 3326 sed
812 3259 1123 3342 numquid
1168 3261 1287 3327 hoc
1334 3260 1765 3344 potestatibus
1815 3259 1894 3324 ad
1940 3261 2062 3324 hoc
2116 3259 2328 3342 ipsum
2387 3259 2692 3325 ordinatis

386 3367 481 3431 sas
550 3371 649 3432 est
713 3368 1004 3432 obicere?
1071 3386 1146 3431 an
1216 3367 1577 3450 apostolum
1647 3366 2044 3432 delebimus?
2111 3370 2222 3430 aut
2277 3384 2398 3431 non
2457 3365 2694 3430 habent

386 3473 637 3540 codices
716 3475 934 3550 uestri,
1012 3492 1171 3556 quae
1247 3473 1437 3555 paulo
1504 3476 1648 3538 ante
1728 3473 2264 3538 commemoraui?
2330 3471 2463 3536 ‘sed
2528 3479 2690 3548 uos’,

384 3581 651 3662 inquieS,
731 3574 983 3645 ‘talibus
1050 3581 1513 3644 communicare
1577 3599 1700 3644 non
1759 3579 2043 3644 debetis'.
2111 3578 2266 3658 quid
2321 3581 2516 3663 ergo?
2573 3597 2690 3642 uos

564 3755 595 3808 9
632 3754 831 3810 Matth.
872 3755 921 3818 5,
966 3754 1031 3808 10

456 3861 488 3913 2
528 3877 590 3915 ex
628 3877 690 3913 ea
726 3860 781 3914 R
909 3859 943 3913 8
980 3859 1242 3913 iudicium
1282 3858 1581 3928 adquiratis
1619 3859 1674 3913 R
1817 3859 2150 3928 atquitratis
2191 3857 2251 3912 F
2369 3859 2430 3912 11
2473 3858 2528 3910 in
2567 3856 2686 3924 illa!

383 3951 533 4004 nulla
569 3949 624 4005 R
750 3950 817 4002 14
854 3949 973 4016 uos}
1014 3947 1169 4001 uobis
1208 3947 1267 4002 F
1392 3949 1456 4003 15
1496 3951 1643 4002 certo
1683 3951 1734 4013 (o
1775 3963 1840 4000 ex
1875 3963 2015 4002 corr.
2053 3949 2206 4017 m.2)
2243 3946 2299 3999 P
2424 3947 2491 4000 16
2531 3961 2686 3998 accu-

384 4039 519 4094 satis
556 4039 612 4092 P
792 4039 855 4092 17
896 4039 1043 4107 aphn
1084 4036 1143 4091 F
1176 4037 1289 4106 aph
1326 4053 1440 4090 ras.
1480 4049 1567 4100 (ex
1605 4037 1749 4106 apim
1775 4035 1827 4104 ?)
1865 4035 1920 4089 R
2101 4037 2170 4090 20
2209 4051 2351 4106 pars,
2389 4049 2530 4088 corr.
2569 4039 2690 4086 md

382 4127 544 4197 phars
584 4127 643 4180 F
816 4127 880 4179 21
926 4125 1067 4178 dona
1105 4125 1374 4193 (spatium
1414 4128 1563 4178 3-4
1603 4125 1636 4178 l.
1675 4139 1938 4186 uantum)
1980 4123 2202 4178 uidatur
2239 4124 2298 4176 F
2481 4123 2684 4191 autem}

382 4220 565 4269 tamen
602 4215 677 4270 M
830 4217 898 4268 ⁴22
938 4213 1245 4268 credidistis
1286 4211 1345 4266 F
1497 4214 1565 4267 25
1607 4212 1930 4268 christianos
1969 4212 2092 4264 MA
2250 4213 2318 4264 29
2356 4208 2600 4278 ἰηιφιίθε
2639 4208 2700 4262 F

456 4319 787 4359 commucare
831 4305 885 4356 I·'

2509 4403 2610 4456 26*
