3184 4959
492 383 577 445 28
1191 380 1242 433 S.
1301 380 1580 435 Aureli
1635 382 2072 451 Augustini

493 570 736 635 dictum
807 569 1139 653 publicum
1213 569 1490 634 officium
1565 572 1973 649 renuntiauit,
2042 591 2117 636 an
2185 573 2367 651 forte,
2417 572 2526 656 qui
2601 575 2783 640 missi

493 680 661 755 sunt,
711 696 833 741 non
883 676 1054 759 quod
1099 696 1136 741 a
1181 676 1438 742 Victore
1495 678 1849 753 audierunt,
1909 680 2023 743 sed
2078 680 2312 743 falsum
2388 682 2587 765 gestis
2642 701 2783 764 pro-

493 784 702 849 secuti
748 784 902 860 sint;
953 784 1178 849 deinde
1227 785 1378 867 quid
1425 784 1520 849 illi
1570 785 1645 849 de
1691 789 1827 850 tota
1873 786 2014 869 ipsa
2060 788 2430 869 quaestione
2466 788 2635 853 inter
2668 807 2781 853 nos

494 892 893 956 discutienda
949 892 1290 958 uideretur.
1357 893 1627 957 arbitror
1682 898 1892 957 autem
1941 914 2065 958 non
2109 894 2385 960 iudicem
2432 895 2569 959 fieri
2616 914 2782 973 eum,

494 999 602 1081 qui
665 1002 942 1083 rogatur,
1009 1002 1084 1063 ut
1148 998 1496 1083 interroget
1559 1000 1833 1082 aliquem
1902 1003 1985 1078 et,
2055 1002 2223 1081 quod
2287 1003 2343 1066 ei
2407 1021 2784 1087 responsum

492 1104 703 1182 fuerit,
779 1106 1124 1169 rescribere
1199 1106 1514 1189 dignetur.
1579 1106 1701 1170 hoc
1768 1126 1916 1191 ergo
1984 1108 2175 1171 etiam
2244 1129 2408 1173 nunc
2470 1129 2646 1194 rog0,
2712 1112 2788 1173 ut

492 1211 696 1277 facere
743 1232 865 1277 non
915 1212 1218 1295 graueris‚
1270 1212 1419 1294 quia
1463 1213 1711 1277 litteras
1768 1233 1963 1287 meas,
2022 1214 2191 1279 sicut
2244 1215 2435 1279 etiam
2493 1220 2785 1297 expertus

496 1338 660 1397 sum,
729 1339 850 1399 non
917 1321 1062 1384 uult
1125 1320 1425 1400 accipere.
1495 1319 1662 1400 quod
1720 1320 1775 1383 si
1831 1320 2165 1398 uoluisset,
2223 1340 2345 1385 non
2402 1322 2622 1403 utique
2678 1341 2789 1405 per

496 1429 670 1491 tuam
721 1426 1148 1490 eximietatem
1197 1425 1263 1489 id
1311 1445 1585 1511 agerem.
1646 1446 1789 1491 cum
1847 1430 2061 1492 autem
2116 1428 2183 1493 id
2238 1446 2360 1493 non
2415 1430 2577 1502 uult,
2636 1428 2788 1509 quid

497 1553 761 1617 possum
809 1533 1030 1598 mitius
1087 1552 1294 1617 agere,
1354 1553 1539 1615 quam
1600 1537 1674 1598 ut
1728 1552 1838 1616 per
1892 1537 1974 1610 te,
2031 1534 2227 1599 talem
2283 1536 2493 1599 uirum
2550 1538 2615 1600 et
2678 1534 2787 1617 qui

499 1661 646 1706 eum
693 1640 932 1724 diligis,
979 1641 1404 1723 interrogetur
1451 1640 1713 1721 aliquid,
1762 1640 1928 1705 unde
1976 1660 2076 1705 me
2124 1644 2330 1705 tacere
2366 1661 2509 1705 mea
2546 1642 2791 1705 sarcina

497 1748 833 1832 prohibet?
913 1748 1078 1829 quod
1159 1752 1368 1812 autem
1446 1750 1649 1811 mater
1714 1767 1749 1812 a
1810 1747 1939 1812 filio
2015 1766 2199 1812 caesa
2271 1751 2421 1812 tuae
2487 1748 2789 1831 grauitati

500 1854 846 1937 displicuit,
895 1854 1007 1919 sed
1055 1854 1205 1919 ‘ille’
1255 1854 1470 1918 dixisti
1517 1852 1594 1919 ‘si
1642 1854 1855 1930 sciret,
1905 1874 1941 1917 a
1987 1855 2428 1919 communione
2486 1874 2603 1919 sua
2655 1858 2787 1918 tam

499 1962 812 2026 nefarium
885 1960 1182 2025 iuuenem
1262 1960 1697 2042 prohibiturus
1774 1960 1985 2036 esset',
2061 1959 2340 2025 breuiter
2411 1960 2788 2043 respondeo:

502 2069 686 2133 modo
737 2068 1056 2153 cognouit,
1105 2067 1292 2133 modo
1340 2067 1691 2150 prohibeat.

585 2174 765 2239 Addo
825 2174 1017 2238 etiam
1075 2174 1268 2238 aliud.
1335 2174 1761 2238 subdiaconus
1813 2171 2128 2255 quondam
2176 2172 2541 2255 Spaniensis
2589 2173 2783 2238 eccle-

499 2281 628 2345 siae
685 2282 998 2345 uocabulo
1053 2280 1307 2345 Primus
1366 2298 1510 2343 cum
1569 2280 1645 2343 ab
1703 2298 1964 2343 accessu
2020 2280 2491 2363 indisciplinato
2558 2280 2785 2344 sancti-

497 2388 867 2453 monialium
953 2387 1388 2468 prohiberetur
1468 2390 1657 2468 atque
1738 2386 2023 2450 ordinata
2095 2390 2158 2451 et
2230 2406 2383 2450 sana
2452 2390 2785 2469 praecepta

499 2496 949 2569 contemneret,
999 2514 1035 2557 a
1082 2494 1385 2558 clericatu
1431 2496 1714 2557 remotus
1762 2496 1862 2556 est
1908 2496 1971 2557 et
2026 2493 2163 2576 ipse
2217 2494 2511 2558 inritatus
2570 2492 2785 2557 aduer-

498 2620 609 2666 sus
657 2600 1056 2684 disciplinam
1107 2600 1208 2663 dei
1254 2599 1580 2664 transtulit
1630 2618 1696 2663 se
1745 2599 1823 2663 ad
1869 2599 2015 2663 illos
2066 2603 2129 2663 et
2182 2600 2607 2683 rebaptizatus
2666 2600 2783 2662 est.

499 2708 655 2772 duas
705 2708 894 2772 etiam
944 2706 1454 2772 sanctimoniales
1503 2708 1878 2771 concolonas
1936 2726 2083 2770 suas
2141 2706 2217 2769 de
2273 2706 2468 2771 fundo
2526 2705 2783 2770 catholi-

499 2834 718 2879 corum
766 2813 1272 2880 Christianorum
1321 2813 1456 2877 siue
1503 2813 1673 2877 idem
1722 2812 2049 2877 transtulit
2106 2811 2241 2875 siue
2297 2811 2480 2875 illum
2531 2814 2785 2875 secutae

501 2922 692 2985 etiam
756 2922 931 3004 ipsae
996 2925 1204 2985 tamen
1259 2920 1684 3002 rebaptizatae
1740 2922 1890 2983 sunt
1944 2922 2009 2983 et
2062 2937 2226 2982 nunc
2284 2937 2429 2981 cum
2486 2916 2784 3000 gregibus

502 3026 1092 3092 Circumcellionum
1169 3026 1332 3090 inter
1396 3024 1808 3107 uagabundos
1876 3042 2102 3107 greges
2166 3024 2563 3101 feminarum,
2630 3040 2785 3104 quae

497 3137 790 3217 proterue
856 3134 1118 3197 maritos
1182 3132 1411 3195 habere
1477 3130 1836 3206 uoluerunt,
1904 3149 1979 3194 ne
2035 3131 2310 3195 habeant
2364 3129 2785 3212 disciplinam,

571 3325 604 3376 :3
642 3322 910 3391 persecuti
947 3340 1000 3377 m
1178 3322 1210 3375 3
1248 3326 1377 3375 sunt
1413 3322 1486 3374 M
1520 3323 1609 3385 (m.
1634 3324 1671 3373 :2
1708 3321 1839 3387 sint)
1879 3319 2098 3376 FAPR
2137 3339 2173 3373 a
2332 3322 2450 3390 ipsa
2486 3320 2549 3373 in
2576 3322 2695 3389 fine
2731 3336 2785 3373 u.

499 3430 600 3467 om.
641 3412 714 3465 M
816 3412 848 3462 6
885 3426 1014 3479 ergo
1054 3426 1154 3463 om.
1193 3408 1248 3462 R
1359 3408 1388 3460 7
1427 3425 1534 3461 non
1573 3408 1859 3477 negaueris
1898 3406 1958 3461 F
2062 3409 2249 3477 etiam]
2289 3410 2396 3462 iam
2434 3406 2509 3461 M
2612 3408 2644 3459 9
2675 3406 2784 3476 qui,

500 3518 636 3555 corr.
675 3504 794 3553 m.1
833 3497 964 3567 quid
999 3498 1060 3552 F
1093 3497 1236 3566 quod
1273 3500 1328 3551 A
1367 3496 1498 3566 quid
1536 3496 1681 3550 aliud
1720 3496 1775 3551 R
1937 3498 1998 3551 11
2041 3498 2236 3565 aliquis
2274 3499 2331 3550 A
2487 3497 2553 3550 14
2590 3496 2785 3557 uirum,

499 3607 568 3643 m.
591 3593 620 3642 1
655 3604 830 3656 supra
866 3588 893 3640 1
929 3587 1176 3639 iuuenem
1214 3586 1269 3641 R
1395 3586 1461 3639 16
1500 3584 1719 3654 quidam
1756 3585 1812 3639 R
1958 3586 2285 3655 apamiensis
2324 3584 2393 3638 M
2520 3587 2581 3639 17
2625 3584 2785 3638 disci-

499 3677 726 3746 plinato,
765 3691 899 3732 corr.
937 3693 1006 3729 m.
1030 3680 1059 3727 1
1095 3674 1497 3743 indisciplinato
1537 3674 1611 3726 M
1701 3674 1765 3727 19
1804 3691 1837 3727 a
1875 3674 2189 3728 clericatu„
2228 3676 2307 3741 (re
2347 3680 2509 3739 eras.)
2549 3678 2787 3727 remotus

498 3766 571 3819 ,⁷11
606 3783 636 3819 a
675 3766 932 3819 clericatu
970 3766 1206 3817 remotus
1247 3766 1324 3827 (re
1362 3764 1424 3817 in
1452 3780 1563 3817 ras.
1591 3780 1661 3816 m.
1691 3769 1754 3816 ut
1780 3764 1898 3818 uid.
1930 3764 1976 3830 1)
2004 3762 2091 3829 F;
2119 3780 2151 3816 a
2180 3762 2497 3816 clericature
2526 3766 2707 3816 motus
2734 3762 2787 3815 A

499 3856 570 3909 20
607 3858 664 3908 et
700 3871 801 3909 om.
831 3853 887 3907 R
993 3854 1301 3923 baptizatus
1328 3853 1382 3906 A
1456 3854 1520 3905 21
1564 3853 1909 3906 cumcolonas
1948 3860 2037 3919 (m.
2062 3856 2101 3905 2
2136 3852 2479 3917 concolonas)
2520 3869 2644 3905 suas
2668 3852 2793 3905 MP

502 3943 844 3998 cumcolonas
881 3929 1005 3996 suas
1042 3941 1148 3994 ΓΑ
1201 3959 1318 3995 cum
1359 3941 1563 3995 colonis
1603 3943 1715 3995 suis
1751 3941 1806 3996 R
1828 3958 1911 3995 ac
1948 3941 2033 4005 (in
2068 3958 2240 4010 naary.
2280 3940 2601 3995 concolonas
2639 3946 2785 4000 suas)

501 4032 569 4084 23
616 4032 733 4100 ipse
769 4030 882 4083 FP
925 4033 1076 4096 (m..2
1119 4030 1258 4099 ipse.)
1475 4030 1813 4100 rebaptizate
1858 4030 1990 4083 MF
2026 4030 2360 4101 rebaptizat}
2410 4034 2499 4097 (av
2538 4036 2699 4092 era-⁴3.)
2739 4029 2794 4081 P

501 4122 571 4175 24
610 4118 1038 4175 cercicellionum
1075 4118 1252 4172 MFA
1333 4120 1401 4173 25
1439 4123 1693 4188 proterue
1733 4121 1817 4188 (in
1852 4136 1964 4173 raa.
2004 4137 2073 4173 m.
2096 4125 2146 4187 1)
2185 4120 2407 4174 maritos
2444 4119 2507 4173 F
2540 4124 2789 4190 protei-ue

503 4210 724 4263 maritos
765 4210 816 4261 A
863 4212 1152 4278 propterue
1200 4226 1232 4261 a
1280 4210 1427 4275 (m.2
1475 4208 1531 4261 in
1580 4225 1747 4277 super
1783 4214 1835 4275 a)
1874 4209 2097 4262 maritos
2137 4208 2209 4260 M
2244 4213 2531 4279 propterea
2566 4208 2791 4262 maritos

500 4299 556 4353 P
590 4296 709 4351 edd.

2828 1556 2877 1596 10

2828 2091 2881 2130 15

2820 2620 2873 2660 20

2822 3165 2874 3203 25
