3184 4959
1119 448 1648 519 epistularum
1702 448 1942 502 XXXVI.
2580 450 2665 512 39

377 646 630 711 talitate
707 648 1180 723 contrahuntur,
1249 647 1526 711 abluere.
1601 646 1861 709 uideant
1930 663 2076 729 ergo
2150 644 2439 719 Romani,
2514 642 2665 725 quid

378 755 593 835 agant,
633 752 780 834 quia
817 751 1006 815 etiam
1043 752 1168 835 ipsi
1205 752 1472 816 nimium
1514 752 1971 817 contumeliose
2008 750 2201 815 huius
2238 747 2667 831 disputatione

377 862 754 935 tractantur,
813 859 979 943 apud
1037 877 1198 941 quos
1255 858 1550 923 omnibus
1605 857 1750 922 istis
1799 877 1907 923 sex
1954 857 2175 921 diebus
2222 857 2472 940 praeter
2515 874 2667 939 pau-

379 966 676 1031 cissimos
723 966 988 1031 clericos
1043 969 1156 1030 aut
1209 966 1552 1029 monachos
1600 964 2113 1048 quotusquisque
2169 964 2511 1039 inuenitur,
2560 962 2668 1043 qui

319 1102 343 1139 ⁵
379 1073 742 1153 frequentet
769 1072 1082 1137 cotidiana
1110 1072 1363 1147 ieiunia,
1392 1072 1663 1137 maxime
1702 1071 1851 1155 quia
1886 1071 1974 1134 ibi
2012 1070 2417 1134 ieiunandum
2450 1068 2669 1151 quinta

381 1178 632 1243 sabbati
678 1197 800 1243 non
853 1178 1143 1243 uidetur?

217 1284 293 1348 10
467 1286 714 1350 Deinde
761 1305 1018 1367 quaero:
1071 1288 1127 1351 si
1171 1286 1675 1368 uniuscuiusque
1724 1284 1850 1349 diei
1896 1286 2002 1349 uel
2044 1284 2211 1349 leuis
2260 1301 2429 1349 error
2463 1282 2669 1366 ipsius

382 1392 506 1457 diei
569 1392 806 1457 ieiunio
871 1392 1147 1457 soluitur
1208 1392 1314 1456 uel
1374 1392 1657 1458 abluitur
1700 1430 1787 1439 --
1834 1391 1927 1456 sic
1974 1391 2140 1457 enim
2190 1390 2373 1455 dicit:
2423 1393 2515 1455 ‘ut
2562 1410 2669 1455 sex

383 1500 627 1563 dierum
683 1500 791 1565 uel
844 1500 1006 1565 leuis
1065 1520 1234 1565 error
1286 1500 1507 1564 ieiunii
1565 1518 1819 1582 quoque
1866 1500 2149 1564 fontibus
2199 1498 2516 1563 abluatur’
2560 1534 2667 1561 --.

305 1608 534 1689 mquid
581 1607 891 1672 faciemus
941 1607 1017 1671 de
1061 1606 1174 1671 illo
1223 1627 1448 1681 errore,
1497 1608 1609 1690 qui
1656 1606 2047 1689 subrepserit
2091 1606 2405 1670 dominico
2446 1604 2566 1682 die,
2607 1606 2667 1668 in

381 1733 504 1796 quo
553 1714 926 1778 scandalum
967 1718 1065 1779 est
1098 1714 1421 1779 ieiunare?
1470 1718 1579 1779 aut
1620 1716 1675 1779 si
1714 1714 1813 1778 die
1852 1716 1991 1797 ipso
2038 1713 2253 1777 nullus
2294 1711 2670 1777 Christianis

383 1840 554 1885 error
581 1820 850 1905 obrepit,
878 1821 1046 1898 uide,
1077 1822 1266 1886 homo
1297 1822 1442 1899 iste,
1474 1820 1581 1905 qui
1620 1821 2003 1887 uentricolas
2040 1824 2362 1903 tamquam
2402 1838 2669 1902 magnus

379 1928 694 1992 ieiunator
765 1932 1042 2005 accusat,
1109 1932 1416 2011 quantum
1495 1929 1749 1993 honoris
1827 1931 1893 1991 et
1962 1926 2261 1992 utilitatis
2336 1926 2669 1991 uentribus

379 2034 642 2113 tribuat,
691 2034 746 2099 si
809 2039 964 2099 tunc
1026 2055 1150 2100 non
1215 2038 1476 2112 erratur,
1528 2035 1775 2118 quaudo
1842 2034 2202 2119 prandetur.
2253 2052 2329 2097 an
2386 2034 2547 2097 forte
2603 2034 2667 2097 in

299 2168 346 2207 ιε,
377 2142 616 2207 ieiunio
647 2142 895 2207 sabbati
923 2145 1172 2207 tantum
1200 2143 1439 2207 bonum
1469 2143 1826 2220 constituit,
1856 2146 1929 2207 ut
1958 2144 2223 2207 aliorum
2250 2162 2357 2207 sex
2396 2142 2663 2219 dierum,

382 2248 502 2313 hoc
547 2250 650 2313 est
694 2249 883 2314 etiam
941 2250 1146 2333 ipsius
1194 2250 1492 2315 dominici
1539 2250 1645 2313 uel
1689 2251 1923 2327 leuem,
1972 2250 2141 2315 sicut
2188 2249 2363 2323 dicit,
2401 2267 2667 2313 errorem

384 2358 594 2420 solum
650 2356 958 2421 ieiunium
1015 2356 1262 2421 sabbati
1318 2358 1524 2439 possit
1580 2356 1830 2421 abolere
1888 2361 1952 2421 et
2009 2358 2145 2422 solo
2202 2356 2342 2441 ipso
2402 2355 2501 2419 die
2549 2375 2667 2420 non

383 2467 645 2541 erretur,
701 2482 826 2546 quo
880 2466 1016 2528 toto
1065 2464 1288 2546 utique
1333 2465 1695 2529 ieiunatur?
1744 2464 1897 2546 quid
1944 2467 2045 2528 est
2090 2483 2237 2547 ergo
2286 2462 2455 2546 quod
2505 2462 2671 2527 diem

385 2570 774 2634 dominicum
821 2570 1084 2635 sabbato
1133 2570 1315 2633 uelut
1362 2570 1721 2635 Christiano
1766 2571 1905 2634 iure
1959 2570 2328 2653 praeponit?
2385 2588 2529 2633 ecce
2578 2588 2673 2632 se·

299 2701 350 2740 20
385 2677 662 2741 cundum
715 2676 930 2758 ipsum
985 2675 1118 2739 dies
1179 2675 1428 2741 sabbati
1473 2677 1677 2741 multo
1728 2676 2004 2741 sanctior
2048 2677 2390 2751 inuenitur,
2436 2676 2499 2739 in
2548 2694 2669 2759 quo

386 2788 450 2847 et
509 2802 634 2848 non
705 2790 965 2857 erratur,
1033 2802 1177 2847 cum
1244 2784 1382 2848 eius
1447 2786 1581 2848 toto
1650 2784 1855 2867 spatio
1918 2782 2255 2859 ieiunatur,
2321 2786 2385 2847 et
2450 2782 2670 2846 eodem

382 2890 618 2955 ieiunio
677 2910 784 2954 sex
841 2892 1191 2954 ceterorum
1249 2890 1493 2955 dierum
1552 2910 1625 2955 ac
1682 2910 1795 2973 per
1840 2891 1957 2956 hoc
2008 2894 2071 2954 et
2118 2890 2321 2972 ipsius
2372 2889 2671 2961 dominici

385 3017 550 3063 error
596 2996 898 3062 abluitur.
949 3000 1127 3079 put0‚
1179 2998 1348 3080 quod
1394 2997 1513 3062 tibi
1560 3018 1682 3062 non
1741 2998 1991 3080 placeat
2034 2997 2163 3061 ista
2214 2996 2670 3079 praesumptio.

221 3104 294 3167 11
470 3106 606 3169 Iam
653 3122 810 3169 uero
859 3123 1006 3168 cum
1054 3123 1121 3168 se
1168 3104 1490 3169 hominem
1548 3105 1899 3187 spiritalem
1947 3104 2152 3168 uideri
2198 3104 2361 3168 uelit
2406 3106 2469 3167 et
2515 3106 2673 3167 tam-

297 3232 350 3273 25
384 3231 570 3293 quam
635 3211 918 3276 carnales
973 3230 1302 3293 pransores
1360 3212 1610 3276 sabbati
1666 3215 1943 3290 accuset,
2002 3212 2291 3289 adtende.
2352 3229 2538 3293 quem
2596 3209 2673 3273 ad

383 3319 644 3383 modum
695 3318 996 3383 dominici
1045 3318 1170 3383 diei
1215 3338 1338 3383 non
1387 3338 1574 3402 parco
1621 3319 1881 3402 prandio
1929 3318 2267 3397 reficiatur,
2317 3318 2428 3382 sed
2466 3316 2673 3401 alogia

387 3424 758 3493 delectetur.
826 3425 978 3507 quid
1043 3428 1144 3490 est
1196 3430 1410 3490 autem
1468 3425 1699 3511 alogia,
1758 3426 1927 3508 quod
1982 3426 2247 3491 uerbum
2306 3445 2377 3491 ex
2436 3423 2673 3489 Graeca

453 3646 486 3699 3
523 3648 812 3704 tractatur.
851 3661 988 3699 cor-r.
1025 3662 1092 3702 m.
1115 3650 1147 3700 1
1182 3649 1486 3700 tractantur
1521 3647 1576 3700 P
1704 3649 1741 3701 4
1779 3648 2001 3703 clericos
2040 3652 2135 3702 aut
2170 3666 2271 3703 om.
2314 3649 2385 3703 P¹
2497 3652 2529 3705 5
2566 3650 2672 3703 sre-

389 3738 650 3804 quentent
683 3733 760 3788 P¹
806 3722 1057 3805 frequent
1102 3738 1160 3789 et
1202 3734 1280 3789 12²
1502 3736 1580 3789 ibi
1628 3752 1731 3791 om.
1778 3736 1897 3791 ΗΡ
2075 3740 2105 3792 7
2155 3738 2561 3808 uniusquusque
2600 3739 2676 3792 Ρ2

457 3840 572 3877 erro
609 3823 688 3877 1²²
830 3824 1222 3893 ipsius—error
1258 3840 1360 3878 om.
1399 3820 1479 3876 ΡΒ
1599 3826 1664 3879 10
1710 3825 1985 3895 subrepsit
2023 3824 2097 3881 1‘³
2240 3828 2299 3880 11
2343 3827 2454 3896 die]
2497 3828 2563 3881 de
2600 3827 2673 3880 Ρι

457 3913 572 3983 ipse
610 3911 682 3967 1⁴²
794 3912 858 3967 12
899 3912 1138 3983 obrepsit
1175 3913 1273 3977 (sit
1307 3914 1370 3965 in
1405 3929 1518 3967 raa.
1557 3930 1625 3967 m.
1647 3918 1693 3977 1,
1720 3914 1845 3981 suit
1881 3916 2034 3981 serit)
2066 3914 2119 3967 P
2234 3916 2423 3969 uideat
2450 3915 2527 3969 P³
2553 3916 2671 3970 edd.

391 4002 456 4055 14
491 4002 548 4055 in
586 4018 690 4056 om.
739 4002 789 4055 T
862 4003 925 4056 16
962 4003 1134 4072 ipsius
1172 4002 1338 4055 etiam
1375 4001 1454 4055 1²³
1489 4002 1611 4059 edd.
1694 4003 1757 4057 18
1794 4004 1967 4073 itique
2006 4004 2187 4067 (ciel).
2223 4020 2358 4059 corr.
2400 4006 2587 4075 utique
2614 4005 2681 4059 H

392 4092 456 4144 19
493 4090 820 4145 christianus
859 4090 934 4143 P¹
1042 4092 1107 4145 21
1152 4095 1358 4145 errator
1393 4090 1471 4144 Ρ2
1614 4093 1886 4146 ieiunatur
1922 4094 2099 4163 spatio
2131 4094 2205 4147 Ρι
2340 4094 2413 4165 et]
2455 4101 2517 4148 ut
2540 4093 2680 4147 P²T

389 4180 456 4232 22
493 4195 582 4232 rex
619 4178 698 4232 1³²
841 4180 924 4248 ac]
964 4178 1067 4234 hac
1100 4179 1176 4233 Ρι
1322 4184 1378 4233 et
1415 4196 1516 4235 om.
1553 4180 1739 4249 flrm
1921 4182 1988 4235 23
2028 4180 2282 4237 obluetur
2319 4188 2372 4248 (e
2408 4200 2579 4253 supra
2619 4202 2672 4238 u.

331 4259 348 4271 ⁰
385 4284 454 4320 m.
479 4274 530 4335 1)
559 4267 638 4323 1³²
663 4268 921 4323 abluatur
954 4268 1005 4321 T
1123 4268 1308 4338 placet
1335 4269 1455 4323 cdd.
1593 4270 1701 4323 ista
1729 4270 1829 4332 bie,
1862 4271 2098 4325 alterum
2126 4271 2229 4328 del.
2263 4271 2327 4325 H
2396 4273 2465 4326 24
2492 4272 2675 4325 uidere

387 4356 554 4411 uel-it
587 4356 661 4411 Ρι
772 4360 830 4411 et
865 4359 1166 4427 tamquam]
1209 4358 1372 4412 etiam
1413 4376 1570 4429 quam
1610 4359 1665 4413 P
1734 4360 1803 4413 25
1842 4364 2063 4415 accusat
2098 4360 2215 4414 ΗΡ
2285 4362 2351 4415 27
2384 4362 2487 4430 est]
2516 4376 2573 4415 es
2600 4362 2677 4417 Ρ2
