3184 4959
308 1665 355 1703 10

304 2199 355 2237 15

302 2733 352 2772 20

302 3267 357 3308 2⁶

1155 491 1687 560 epistularum
1743 491 1940 548 XCIII.
2185 461 2192 468 ο
2561 499 2686 561 491

392 683 573 766 ponit
637 688 989 768 apostOIUS,
1046 686 1156 752 ubi
1217 687 1408 752 etiam
1465 688 1759 752 haereses
1809 692 2163 754 enumerat:
2221 689 2691 769 Manifesta,

392 791 622 874 inquit,
674 795 865 857 sunt
920 813 1160 877 opera
1218 793 1507 872 earnis,
1558 813 1754 877 quae
1817 799 2004 860 sunt
2057 796 2688 876 fornicationes,

391 897 971 990 inmunditiae,
1002 901 1347 978 luxuria,
1378 900 1785 966 idolorum
1827 902 2213 980 seruitu8,
2245 903 2687 985 uenefieia,

393 1005 914 1086 inimicitiae,
999 1007 1602 1096 eontentio-nes,
1689 1008 2312 1086 aemulationes,
2399 1011 2690 1075 animo-

396 1112 727 1191 sitates,
804 1113 1400 1192 dissensiones,
1482 1115 1882 1190 haereseS,
1967 1115 2358 1194 inuidiae,
2439 1116 2689 1180 ebrie-

394 1222 635 1296 tateS,
690 1219 1325 1286 comissationes
1376 1222 1449 1284 et
1505 1220 1627 1284 his
1687 1220 2016 1297 similia,
2059 1240 2256 1304 quae
2303 1221 2687 1304 praedico

393 1326 655 1404 uobiS,
731 1326 953 1392 sieut
1014 1326 1407 1410 praedixi,
1477 1327 1872 1408 quoniam,
1942 1327 2075 1410 qui
2141 1328 2350 1392 talia
2415 1331 2686 1412 agunt,

391 1453 721 1518 regnum
765 1433 891 1498 dei
929 1452 1083 1499 non
1120 1432 1690 1516 possidebunt.
1741 1434 1860 1498 hae
1900 1453 2048 1518 ergo
2087 1435 2352 1512 ratione,
2393 1435 2689 1517 quamuis

391 1539 783 1624 baptizatum
822 1541 909 1606 sit
943 1543 1092 1624 post
1128 1541 1491 1619 Iohannem,
1540 1559 1662 1605 non
1699 1540 2060 1622 baptizatur
2093 1544 2244 1625 post
2278 1541 2690 1618 haereticum,

393 1667 517 1730 qua
577 1647 839 1726 ratione,
907 1648 1202 1730 quamuis
1285 1647 1682 1732 baptizatum
1759 1647 1846 1713 sit
1915 1651 2065 1730 post
2137 1646 2500 1726 Iohannem,
2565 1666 2691 1712 non

389 1752 749 1836 baptizatur
802 1757 951 1836 post
1004 1753 1347 1831 ebriosum,
1404 1753 1699 1836 quoniam
1758 1753 1824 1816 et
1877 1753 2170 1817 haereses
2229 1755 2294 1818 et
2349 1751 2692 1818 ebrietates

390 1859 453 1923 in
504 1859 595 1925 eis
644 1859 941 1942 operibus
989 1861 1158 1937 sunt,
1216 1878 1377 1942 quae
1427 1878 1616 1943 opera
1663 1859 1771 1943 qui
1820 1863 2037 1943 agunt,
2093 1879 2359 1944 regnum
2409 1861 2510 1926 dei
2567 1869 2688 1923 non

394 1965 827 2048 possidebunt.
872 1985 1075 2032 nonne
1122 1965 1243 2030 tibi
1288 1967 1543 2031 uidetur
1589 1966 1770 2048 quasi
1817 1966 2300 2032 intolerabiliter
2333 1966 2687 2052 indignum,

389 2077 485 2152 ut,
541 2093 687 2139 eum
740 2073 1133 2155 baptizatum
1187 2073 1381 2138 fuerit
1433 2075 1582 2157 post
1637 2093 1803 2152 eum,
1861 2075 1970 2157 qui
2024 2094 2148 2140 non
2205 2074 2412 2141 sobrie
2467 2074 2688 2138 uinum

389 2180 610 2245 bibens
658 2180 771 2245 sed
814 2181 1038 2245 uinum
1078 2180 1330 2245 omnino
1367 2198 1489 2244 non
1535 2179 1760 2246 bibens
1807 2199 1999 2266 regno
2050 2180 2144 2245 dei
2196 2181 2369 2246 uiam
2417 2179 2687 2262 parauit,

389 2306 513 2352 non
559 2285 919 2370 baptizetur
962 2291 1111 2371 post
1149 2285 1493 2366 ebriosum,
1533 2287 1645 2370 qui
1681 2306 1948 2371 regnum
1988 2287 2090 2351 dei
2127 2307 2250 2352 non
2289 2287 2688 2372 possidebit?

392 2392 546 2476 quid
592 2393 697 2459 hic
742 2393 1181 2476 respondetur,
1238 2392 1363 2458 nisi
1412 2393 1561 2476 quia
1614 2393 1725 2458 ille
1781 2392 2140 2476 baptismus
2190 2399 2324 2460 erat
2367 2393 2688 2474 Iohannis,

392 2503 541 2582 post
595 2519 782 2583 quem
834 2499 1073 2565 Christi
1125 2499 1443 2584 baptismo
1491 2500 1847 2582 baptizauit
1893 2500 2246 2582 apostolus,
2295 2501 2418 2565 iste
2475 2505 2687 2567 autem

393 2607 749 2688 baptismus
791 2605 1031 2673 Christi
1070 2608 1188 2685 est,
1228 2626 1352 2690 quo
1392 2606 1749 2689 baptizauit
1786 2607 2118 2672 ebriosus?
2157 2607 2321 2672 inter
2345 2607 2689 2674 Iohannem

393 2719 458 2780 et
512 2713 835 2778 ebriosum
892 2733 929 2778 a
984 2713 1296 2778 contrario
1362 2714 1642 2778 multum
1705 2712 2001 2789 interest3
2067 2715 2235 2779 inter
2297 2714 2690 2798 baptismum

390 2820 691 2885 Iohannis
759 2823 824 2884 et
886 2819 1279 2903 baptismum
1338 2819 1575 2885 Christi
1641 2839 1764 2884 non
1831 2838 1870 2884 a
1924 2821 2236 2886 contrario
2303 2820 2415 2886 sed
2477 2824 2690 2887 tamen

393 2930 669 2993 multum
705 2927 991 2992 interest.
1028 2927 1195 2991 inter
1232 2927 1592 3008 apostolum
1627 2930 1692 2992 et
1719 2927 2044 2993 ebriosum
2082 2928 2360 2994 multum
2396 2928 2690 3006 interest;

392 3035 554 3100 inter
598 3033 991 3118 baptismum
1032 3033 1291 3113 Christi,
1342 3053 1530 3116 quem
1570 3033 1748 3100 dedit
1792 3035 2142 3118 apostolus,
2194 3038 2259 3100 et
2299 3035 2691 3117 baptismum

394 3139 651 3218 Christi,
701 3160 889 3224 quem
930 3140 1105 3206 dedit
1144 3140 1453 3216 ebriosus,
1500 3141 1662 3205 nihil
1697 3141 1982 3206 interest.
2031 3142 2124 3208 sio
2161 3142 2324 3208 inter
2351 3143 2692 3209 Iohannem

394 3251 457 3312 et
501 3247 889 3313 haereticum
930 3267 968 3312 a
1005 3248 1317 3314 contrario
1364 3248 1643 3312 multum
1681 3248 1949 3314 interest
1986 3250 2050 3312 et
2093 3249 2258 3314 inter
2301 3249 2692 3334 baptismum

575 3492 599 3544 1
644 3490 763 3546 Gal.
802 3493 851 3555 5,
895 3492 1102 3546 19-21

467 3685 492 3738 1
536 3688 705 3754 ponat
740 3685 797 3738 P
829 3684 979 3754 (m.2
1014 3684 1193 3755 ponit)
1231 3683 1285 3737 L
1500 3685 1816 3754 manifesta]
1869 3687 2164 3740 manifesta
2211 3691 2393 3741 autem
2433 3689 2553 3741 edd.
2591 3704 2692 3742 sec.

390 3789 534 3828 saer.
576 3775 677 3828 litt.
789 3775 822 3828 2
860 3775 991 3826 sunt
1026 3773 1209 3844 inquit
1237 3773 1291 3826 L
1390 3776 1423 3830 3
1452 3773 1790 3828 inmundicia
1816 3774 1871 3828 L
1905 3789 2006 3829 sec.
2043 3791 2188 3830 saer.
2229 3775 2332 3830 litt.
2371 3775 2609 3831 inuidiae
2639 3777 2695 3830 R

463 3861 705 3916 luxuriae
742 3861 857 3916 ΡΝ
943 3865 979 3916 4
1016 3863 1381 3917 animositatis
1416 3863 1464 3916 O
1550 3866 1583 3918 5
1622 3863 1865 3916 inuidiae
1903 3864 2280 3919 immunditiae
2319 3865 2610 3920 ebrietates
2639 3865 2695 3920 R

392 3951 425 4004 9
462 3968 571 4006 non
609 3953 737 4021 post
772 3949 1083 4020 baptizatur
1118 3953 1247 4020 post
1272 3951 1325 4005 A
1363 3967 1471 4004 non
1509 3951 1851 4020 baptizatum
1889 3953 1974 4006 est
2011 3954 2136 4022 post
2163 3953 2228 4007 N
2335 3954 2396 4007 11
2441 3955 2694 4022 quoniam

391 4041 608 4095 hereses
645 4039 702 4092 P
811 4039 875 4093 12
912 4037 1001 4093 his
1042 4039 1095 4092 R
1206 4041 1273 4094 15
1312 4039 1405 4094 uia
1440 4045 1471 4093 n
1508 4039 1728 4109 parauit
1767 4039 1844 4104 (ia
1878 4045 1910 4093 ii
1948 4045 2090 4108 exp.)
2119 4041 2194 4094 Μ
2301 4041 2368 4096 18
2405 4059 2514 4112 per,
2556 4057 2691 4100 corr.

389 4145 459 4186 m.
481 4132 512 4181 1
546 4131 673 4198 post
708 4127 774 4182 N
917 4127 983 4181 19
1022 4127 1167 4198 quod
1202 4127 1273 4182 M
1442 4127 1692 4196 baptizat
1726 4128 1795 4181 N
1931 4129 1996 4181 21
2041 4129 2232 4183 christi
2273 4133 2328 4184 et
2363 4130 2693 4200 baptismum

389 4216 641 4270 iohannis
678 4217 734 4270 P
767 4215 888 4273 edd.
1070 4215 1139 4271 23
1176 4221 1311 4285 post
1355 4213 1561 4271 Christi
1608 4231 1722 4272 ras.
1769 4217 1942 4270 unius
1987 4218 2102 4285 fere
2145 4235 2201 4272 u.
2244 4221 2504 4283 (24—26
2541 4221 2600 4286 l.)
2639 4219 2696 4274 R

464 4304 560 4359 dat
582 4304 650 4359 N
731 4306 801 4360 24
838 4307 1001 4376 inter]
1042 4306 1271 4359 interest
1308 4305 1454 4358 inter
1479 4305 1535 4359 L
1617 4305 1686 4360 25
1726 4321 1759 4358 a
1795 4307 2066 4360 contrario
2104 4305 2334 4360 multum
2373 4306 2604 4362 interest
2641 4313 2698 4362 et

394 4410 519 4458 om„
558 4411 626 4449 m.
649 4397 689 4448 2
726 4399 783 4448 et
817 4411 859 4448 8.
898 4411 953 4448 u.
996 4394 1127 4448 add.
1166 4393 1219 4447 L
1362 4394 1596 4448 multum
1636 4411 1668 4448 a
1705 4395 1977 4450 contrario
2015 4395 2073 4450 R
2221 4401 2278 4450 et
2315 4413 2418 4451 om.
2465 4397 2512 4450 C'
