3184 4959
477 433 605 494 358
1215 431 1265 480 S.
1324 431 1598 482 Aureli
1659 431 2095 498 Augustini

479 627 694 690 saluos
742 645 809 690 se
859 645 999 690 esse
1048 647 1167 690 non
1216 645 1423 707 posse.
1476 626 1596 690 hoc
1646 627 1813 690 enim
1872 626 2336 690 contendebant
2378 625 2772 695 Antiochiae.

480 732 588 813 qui
636 733 705 796 ex
754 731 1231 800 circumcisione
1279 733 1690 808 crediderant,
1739 737 1956 796 contra
2003 750 2162 814 quos
2200 731 2439 796 Paulus
2486 750 2770 813 perseue-

478 841 689 902 ranter
752 839 1101 921 acriterque
1167 839 1471 922 confligit.
1542 839 1756 920 ipsum
1817 858 1962 903 uero
2011 839 2282 902 Paulum
2342 859 2464 902 non
2524 837 2602 902 ad
2656 838 2776 903 hoc

479 944 545 1007 id
622 945 851 1028 egisse,
928 946 1093 1026 quod
1174 945 1275 1008 uel
1341 945 1752 1009 Timotheum
1830 945 2228 1009 circumcidit
2299 944 2404 1008 uel
2479 944 2778 1009 Cenchris

482 1057 707 1116 uotum
772 1053 1083 1135 persoluit
1147 1052 1250 1115 uel
1306 1052 1770 1134 Hierosolymis
1829 1071 1865 1116 a
1921 1051 2148 1116 Iacobo
2217 1052 2575 1116 admonit-us
2635 1070 2779 1115 cum
2837 1075 2862 1112 s

485 1161 599 1236 eie,
649 1159 757 1241 qui
804 1162 1131 1236 nouerant,
1178 1160 1467 1244 legitima
1512 1161 1626 1223 illa
1674 1160 2048 1225 celebranda
2093 1160 2398 1242 suscepit,
2449 1163 2520 1224 ut
2575 1159 2780 1242 putari

485 1265 811 1330 uideretur
855 1285 968 1348 per
1015 1284 1089 1329 ea
1137 1269 1531 1330 sacramenta
1578 1267 2246 1332 etiam-Christianam
2297 1267 2569 1331 salutem
2625 1265 2780 1340 dari,

490 1373 603 1436 sed
667 1391 743 1436 ne
809 1372 940 1449 illa,
1009 1391 1171 1455 quae
1232 1372 1569 1454 prioribuS,
1639 1376 1712 1436 ut
1776 1372 2182 1456 congruebat.
2249 1372 2641 1456 temporibus
2717 1371 2781 1434 in

488 1481 731 1546 umbris
779 1501 987 1544 rerum
1033 1482 1393 1545 futurarum
1454 1480 1608 1544 deus
1665 1479 1799 1544 fieri
1855 1479 2152 1556 iusserat,
2208 1485 2534 1562 tamquam
2589 1479 2788 1543 idola-

489 1588 676 1651 triam
732 1588 1066 1672 gentilium
1124 1587 1417 1652 damnare
1477 1587 1858 1652 crederetur.-
1916 1588 2036 1651 hoc
2093 1591 2194 1650 est
2239 1588 2426 1664 enim,
2475 1586 2640 1668 quod
2689 1585 2786 1649 illi
2822 1605 2874 1648 ιο

488 1695 761 1759 Iacobus
819 1695 909 1756 ait
964 1693 1247 1758 auditum
1308 1693 1385 1758 de
1440 1693 1553 1758 illo
1611 1713 1772 1763 esse,
1831 1693 2000 1776 quod
2069 1694 2508 1758 discissionem
2567 1693 2788 1757 doceat

495 1819 531 1863 a
584 1801 829 1882 Moyse,
896 1802 1063 1882 quod
1130 1802 1351 1883 utique
1418 1785 1591 1865 nefas
1662 1805 1778 1865 est.
1839 1803 1911 1864 ut
1969 1801 2292 1866 credentes
2349 1801 2412 1864 in
2463 1800 2786 1864 Christum

496 1905 927 1970 discindantur
1002 1926 1035 1968 a
1108 1906 1415 1988 propheta
1490 1905 1727 1971 Christi
1811 1910 2136 1988 tamquam
2219 1906 2355 1970 eius
2439 1905 2790 1972 doctrinam

497 2011 883 2076 detestantes
932 2015 1121 2095 atque
1170 2013 1561 2090 damnanteS,
1613 2013 1689 2076 de
1741 2032 1862 2094 quo
1919 2014 2056 2095 ipse
2107 2013 2400 2077 Christus
2458 2012 2640 2076 dicit:
2708 2011 2787 2074 Si

501 2117 956 2182 crederetis
1004 2118 1285 2202 Moysi,
1338 2119 1794 2184 crederetis
1846 2123 1922 2183 et
1965 2120 2196 2194 mihi;
2267 2119 2355 2183 de
2411 2139 2524 2182 me
2582 2118 2786 2181 enim
2827 2139 2878 2182 ιε

500 2224 646 2288 ille
696 2225 1063 2309 scripsit.

414 2346 453 2406 9
588 2330 875 2396 Adtende
923 2333 1110 2408 enim,
1162 2333 1444 2404 obsecro,
1495 2334 1636 2414 ipsa
1691 2333 1884 2398 uerba
1931 2334 2172 2398 lacobi:
2230 2332 2497 2398 Vides.
2563 2331 2789 2413 inquit.

380 2508 387 2514 ,
502 2437 779 2514 frater,
831 2444 1026 2522 quot
1072 2440 1303 2505 milia
1353 2442 1664 2506 suntin
1714 2441 2033 2508 Iudaea.
2084 2443 2217 2523 qui
2267 2439 2790 2506 crediderunt

507 2545 583 2608 in
633 2544 1070 2624 Christum,
1122 2553 1198 2612 et
1243 2548 1321 2612 hi
1374 2567 1642 2612 omnes
1701 2549 2252 2612 aemulatores
2311 2549 2498 2610 sunt
2551 2543 2788 2628 legis.

508 2651 949 2718 audierunt
996 2659 1263 2719 autem
1314 2655 1403 2719 de
1451 2661 1549 2723 te.
1601 2656 1786 2737 quia
1834 2655 2419 2720 discissionem
2471 2651 2708 2714 doces
2755 2667 2790 2720 ,a
2825 2678 2878 2718 ω

683 2928 717 2980 4
754 2925 872 2979 Act.
918 2927 997 2988 16,
1038 2927 1069 2980 3
1214 2927 1334 2980 Act.
1378 2926 1459 2987 ls,
1502 2928 1566 2979 18
1705 2929 1736 2978 5
1777 2927 1892 2982 Act.
1933 2927 2018 2990 21,
2064 2928 2270 2982 18--26
2408 2929 2440 2981 8
2481 2927 2596 2983 Col.
2637 2929 2684 2984 2.
2729 2929 2788 2980 17

510 3014 578 3067 10
614 3014 731 3067 Act.
772 3014 858 3075 21,
898 3013 962 3067 21
1081 3016 1145 3067 14
1182 3014 1298 3068 1011.
1339 3015 1389 3078 5,
1428 3015 1497 3068 46
1612 3015 1675 3068 17
1713 3013 1834 3070 Aet.
1873 3015 1958 3070 21.
1999 3015 2210 3068 20—25

584 3191 607 3243 1
651 3189 831 3244 salbos
868 3191 933 3244 H
966 3191 1149 3245 saluus
1182 3190 1238 3245 P
1446 3209 1502 3246 se
1540 3209 1642 3246 om.
1681 3192 2034 3262 HPQMAE
2235 3192 2659 3260 contendebant]
2697 3191 2792 3244 hos

508 3279 809 3333 tendebant
842 3281 884 3333 I
1022 3281 1255 3335 antiocia
1291 3281 1356 3335 H
1460 3285 1493 3334 2
1532 3279 1874 3335 crediderunt
1911 3282 1970 3334 E
2003 3281 2314 3350 gaudebant
2343 3281 2408 3336 H
2551 3297 2794 3351 perseue-

510 3373 663 3421 rante
700 3367 765 3420 H
854 3399 859 3402 -
939 3371 975 3422 4
1021 3371 1223 3424 cencris
1258 3371 1327 3424 H
1329 3371 1471 3439 ‹211ss
1515 3371 1805 3425 Cenchreis
1853 3371 1973 3425 edd.
2013 3376 2294 3439 praetera
2457 3372 2490 3424 5
2529 3386 2561 3421 a
2597 3385 2698 3423 om.
2733 3367 2800 3420 H

512 3457 544 3510 6
582 3460 847 3510 nouerant
882 3457 1185 3513 IEerm
1220 3459 1469 3528 legerant
1504 3459 1573 3512 H
1578 3478 1599 3525 ‚-
1634 3457 1703 3526 es.
1743 3459 1864 3513 Act.
1905 3461 1992 3520 21,
2029 3461 2110 3512 23
2255 3461 2446 3528 putare
2483 3457 2526 3510 I
2612 3459 2639 3510 ‘s‘
2681 3454 2794 3509 dari

511 3561 614 3600 oni.
651 3544 720 3599 H
859 3547 891 3600 8
928 3550 987 3600 in
1020 3547 1257 3604 humeris
1293 3564 1467 3602 rerum
1506 3549 1810 3602 futurarum
1855 3547 1899 3616 Q
1935 3547 2227 3601 innumeris
2267 3562 2440 3600 rerum
2479 3545 2792 3606 futurarum,

512 3637 639 3689 m.2
678 3635 773 3688 sub
813 3634 1105 3690 innumeris
1142 3653 1317 3691 rerum
1357 3636 1658 3690 futurarum
1696 3637 1886 3705 figuris
1923 3637 1983 3689 E
2103 3637 2136 3688 9
2175 3635 2312 3705 fieri]
2353 3636 2468 3706 peri
2511 3633 2618 3703 ΟΕ
2647 3635 2736 3691 (m.
2759 3637 2796 3686 2

516 3723 795 3778 celebrari.
979 3723 1341 3780 idololatriam
1382 3725 1503 3778 edd.
1534 3729 1814 3793 praetera
2003 3723 2068 3777 10
2109 3723 2359 3777 credatur
2395 3724 2456 3776 H
2637 3722 2728 3776 ille
2762 3720 2804 3773 I

518 3813 579 3866 11
610 3828 721 3883 pro
758 3811 985 3866 Iacobus
1024 3829 1133 3866 ras.
1178 3819 1327 3868 6—7
1366 3815 1399 3868 l.
1440 3815 1494 3866 A
1641 3813 2019 3866 discessionem
2059 3812 2168 3882 QE
2199 3827 2298 3866 sec.
2347 3811 2506 3880 Vuly.
2545 3810 2796 3864 dissensi-

516 3919 671 3958 onem
708 3903 815 3959 ΗΙ
908 3905 975 3958 12
1010 3904 1180 3971 nefas,
1216 3905 1279 3957 in
1316 3920 1486 3972 mar-y.
1526 3901 1700 3956 scelus
1740 3901 1779 3953 Ι
1877 3903 1940 3955 13
1981 3899 2366 3954 discendantur
2391 3900 2448 3952 P
2482 3898 2796 3954 descinden-

514 3997 608 4048 tur
640 3993 698 4048 R
736 3993 1084 4048 discedantur
1110 3996 1156 4064 Q
1196 3991 1477 4048 discedant
1510 3991 1569 4044 E
1709 3991 1952 4044 doctrina
1995 4012 2092 4053 «μυ
2119 3988 2238 4043 uid.
2267 4007 2334 4043 m.
2359 3993 2416 4054 2)
2447 3989 2504 4044 R
2615 3989 2679 4042 14
2707 3987 2798 4040 de-

516 4085 757 4137 testante
795 4082 861 4137 H
1000 4085 1047 4136 si
1087 4081 1381 4146 crederitiS,
1420 4099 1487 4138 m.
1512 4085 1551 4135 2
1588 4082 1637 4134 si
1676 4079 1966 4134 crederetis
2004 4079 2080 4132 P¹
2227 4079 2292 4132 15
2331 4093 2512 4147 moyse
2551 4079 2605 4132 A
2747 4081 2800 4129 et

469 4181 474 4185 '
517 4172 648 4226 mihi
688 4172 978 4227 crederetis
1007 4171 1050 4225 Ι
1080 4175 1135 4224 et
1170 4171 1294 4223 mici
1323 4169 1614 4224 crederetis
1646 4169 1708 4222 Η
1784 4172 1846 4221 18
1878 4167 2023 4238 quod
2053 4166 2211 4221 HPI
2280 4169 2344 4220 19
2383 4167 2439 4220 in
2477 4165 2676 4220 christo
2704 4163 2806 4220 ΗΙ

589 4261 647 4314 hi
672 4262 878 4330 omnes]
911 4260 1175 4314 iohannes
1200 4258 1256 4311 P
1388 4258 1730 4321 emulatores,
1759 4259 1821 4310 in
1847 4274 2018 4326 mary.
2049 4257 2352 4309 imitatores
2381 4256 2423 4309 I
2524 4255 2594 4310 20
2623 4257 2798 4308 autem

524 4367 773 4402 -eorum
813 4365 915 4402 om.
956 4348 1060 4401 HI
1196 4348 1577 4402 discessionem
1617 4347 1725 4416 ΟΕ
1755 4363 1855 4400 sec.
1905 4347 2062 4413 Vuly.
2103 4345 2227 4410 (Gr.
2267 4343 2610 4410 ἀποστασίαν)
