3184 4959
472 377 601 440 360
1200 377 1253 427 S.
1310 373 1585 426 Aureli
1641 372 2076 440 Augustini

474 569 723 632 scilicet
768 567 1213 632 auctoritatem
1270 567 1551 631 diuinam
1607 569 1671 631 et
1727 570 2260 630 sacramentorum
2315 566 2570 631 illorum
2627 585 2762 650 pro·

473 675 795 758 pheticam
870 675 1295 752 sanctitatem,
1371 693 1493 738 non
1575 676 1833 756 propter
1913 673 2384 756 adipiscendam
2467 673 2764 746 salutem,

474 801 633 864 quae
680 783 801 846 iam
851 783 914 847 in
956 782 1209 849 Christo
1256 784 1662 848 reuelabatur
1707 787 1771 848 et
1815 801 1924 866 per
1959 781 2264 864 baptismi
2303 784 2764 846 sacramentum

473 889 971 969 ministrabatur,
1038 890 1149 955 sed
1211 890 1308 955 illi
1374 891 1493 956 hoc
1558 890 1636 955 de
1691 891 1891 954 Paulo
1949 893 2326 972 sparserant,
2384 889 2493 970 qui
2553 887 2648 953 sic
2695 907 2766 952 ea

474 997 775 1062 uolebant
838 999 1183 1076 obseruari,
1260 1003 1587 1080 tamquam
1664 998 1800 1062 sine
1875 997 1974 1062 his
2047 997 2108 1060 in
2187 997 2516 1080 euangelio
2592 995 2765 1058 salus
2831 1015 2856 1051 5

477 1103 881 1169 credentibus
928 1125 1069 1170 esse
1116 1125 1240 1170 non
1286 1108 1523 1189 posset.
1571 1106 1784 1189 ipsum
1833 1106 1996 1168 enim
2054 1107 2382 1168 senserant
2433 1103 2766 1168 uehemen-

474 1209 799 1274 tissimum
866 1211 1105 1294 gratiae
1169 1211 1665 1294 praedicatorem
1722 1213 1788 1275 et
1837 1209 2171 1274 intentioni
2227 1228 2444 1273 eorum
2501 1209 2768 1272 maxime

480 1316 820 1381 aduersum
868 1317 1197 1382 docentem
1244 1337 1367 1382 non
1416 1337 1527 1400 per
1568 1319 1682 1382 illa
1736 1317 2058 1382 hominem
2113 1315 2443 1380 iustificari
2497 1316 2609 1379 sed
2661 1335 2771 1397 per

479 1423 749 1506 gratiam
785 1422 932 1488 Iesu
973 1424 1229 1496 Christi.
1280 1425 1462 1490 cuius
1510 1423 2041 1507 praenuntiandae
2089 1441 2284 1486 causa
2326 1422 2474 1486 illae
2511 1423 2770 1486 umbrae

479 1530 541 1593 in
589 1531 730 1614 lege
778 1531 1109 1596 mandatae
1156 1536 1321 1596 sunt.
1374 1535 1439 1595 et
1483 1531 1623 1596 ideo
1669 1531 1766 1595 illi
1809 1530 2114 1594 inuidiam
2164 1532 2228 1593 et
2271 1529 2770 1611 persecutionem
2811 1550 2863 1589 ιο

484 1638 795 1702 concitare
843 1639 1179 1703 molientes
1226 1645 1553 1722 tamquam
1610 1639 1934 1703 inimicum
1990 1638 2152 1722 legis
2209 1637 2772 1716 mandatorumque

486 1745 843 1810 diuinorum
892 1745 1403 1824 criminabantur,
1462 1747 1646 1811 cuius
1701 1746 1900 1810 falsae
1957 1744 2414 1810 criminationis
2465 1742 2771 1808 inuidiam

486 1852 934 1934 congruentius
982 1853 1265 1919 deuitare
1312 1873 1431 1918 non
1478 1857 1720 1936 posset,
1771 1871 1959 1936 quam
2007 1855 2082 1916 ut
2127 1870 2200 1916 ea
2236 1851 2374 1932 ipse
2411 1850 2774 1924 celebraret,

487 1977 646 2040 quae
694 1957 987 2024 damnare
1036 1963 1359 2042 tamquam
1406 1960 1718 2044 sacrilega
1759 1959 2124 2042 putabatur,
2180 1960 2371 2040 atque
2425 1957 2519 2021 ita
2573 1958 2778 2020 osten-

490 2065 664 2129 deret
710 2085 823 2130 nec
870 2066 1139 2131 Iudaeos
1184 2071 1337 2131 tunc
1376 2067 1453 2131 ab
1492 2067 1586 2130 eis
1625 2071 1950 2148 tamquam
1989 2085 2027 2129 a
2061 2064 2317 2128 nefariis
2353 2061 2776 2145 prohibendos
2817 2076 2870 2116 ιτ·

489 2191 603 2235 nec
650 2173 920 2256 gentiles
966 2172 1044 2237 ad
1092 2195 1165 2238 ea
1210 2179 1536 2256 tamquam
1584 2174 1663 2237 ad
1708 2171 2064 2238 necessaria
2109 2169 2600 2253 compellendos,

390 2309 471 2370 10
582 2278 743 2342 Nam
794 2280 850 2344 si
897 2299 961 2343 re
1007 2299 1159 2345 uera
1206 2281 1299 2346 sic
1347 2299 1421 2345 ea
1466 2281 1844 2363 reprobaret,
1893 2298 2082 2360 quem
2128 2278 2210 2341 ad
2255 2277 2514 2342 modum
2553 2275 2628 2339 de
2667 2276 2775 2338 illo

492 2386 781 2450 auditum
830 2391 979 2465 erat,
1031 2390 1096 2451 et
1140 2388 1281 2454 ideo
1330 2387 1701 2452 celebranda
1747 2387 2117 2469 susciperet,
2165 2388 2240 2450 ut
2285 2384 2528 2449 actione
2583 2385 2776 2447 simu-

488 2493 621 2558 lata
666 2511 847 2557 suam
892 2498 1112 2576 posset
1158 2496 1474 2560 occultare
1512 2494 1914 2570 sententiam,
1953 2513 2074 2558 non
2113 2493 2172 2556 ei
2207 2493 2444 2557 diceret
2479 2490 2774 2556 Iacobus:

491 2599 591 2664 Et
652 2600 918 2664 scient
980 2621 1269 2680 omneS,
1329 2602 1440 2666 sed
1498 2602 1736 2665 diceret
1779 2603 1866 2665 ‘et
1909 2599 2225 2682 putabunt
2280 2600 2538 2667 omnes‘.
2603 2615 2776 2680 quo·
2813 2623 2866 2660 20

574 2965 595 3016 1
643 2969 698 3015 et
734 2963 795 3014 in
824 2965 943 3031 fine
978 2979 1033 3019 u.
1074 2981 1175 3019 om.
1215 2965 1269 3016 A
1354 2967 1387 3018 3
1426 2965 1478 3016 in
1522 2965 1722 3018 christo
1761 2966 1866 3016 iam
1893 2965 1954 3018 Ε
2057 2965 2398 3017 reuelebatur
2425 2963 2498 3017 M
2606 2979 2776 3016 sacra-

496 3055 679 3104 menta
716 3053 782 3104 H
887 3055 919 3105 5
959 3051 1243 3105 obseruare
1288 3051 1395 3121 QE
1514 3054 1545 3106 6
1587 3051 1932 3105 credentibus
1969 3067 2072 3106 om.
2115 3049 2222 3119 QE
2360 3055 2600 3120 possent.
2640 3065 2774 3104 corr.

496 3142 617 3190 m.1
652 3139 863 3206 possint
900 3140 953 3191 P
1164 3139 1660 3194 uehmentissimum
1701 3141 1757 3192 P
1931 3141 1964 3194 8
2003 3139 2260 3194 aduersus
2300 3139 2367 3192 H
2409 3139 2650 3201 aduersa,
2688 3137 2780 3191 sed

488 3233 769 3294 postrema
817 3228 851 3279 Ζ.
890 3229 1139 3296 sortasse
1174 3245 1240 3282 ex
1276 3245 1411 3284 corr.
1452 3229 1511 3282 E
1721 3229 1845 3283 illa·
1877 3233 1950 3296 (m
1991 3231 2205 3296 eras.?)
2246 3229 2298 3282 A
2345 3227 2494 3282 illam
2533 3225 2782 3280 PMP¹R

500 3315 619 3369 edd.
648 3323 874 3384 praeter
894 3333 945 3368 m
990 3317 1086 3370 illo
1130 3317 1175 3388 Q
1211 3319 1309 3372 illu
1348 3319 1409 3371 E
1548 3319 1765 3372 homine
1809 3317 1854 3388 Q
1999 3321 2030 3372 9
2070 3335 2233 3372 causa
2269 3333 2371 3372 om.
2411 3319 2470 3371 E
2504 3333 2663 3371 cause
2687 3315 2783 3369 HI

505 3405 570 3456 10
608 3405 664 3457 in
702 3420 802 3458 om.
840 3406 907 3458 H
1060 3407 1301 3460 inuidam
1340 3408 1412 3461 M
1447 3411 1607 3478 (corr.
1645 3427 1713 3464 m.
1735 3413 1764 3461 1
1800 3407 2084 3478 inuidiam)
2121 3408 2174 3460 A
2331 3406 2696 3476 per-cntionem
2733 3404 2786 3456 P

506 3494 569 3546 11
610 3494 892 3548 molientes
932 3497 1201 3550 concitare
1240 3497 1359 3554 edd.
1506 3499 1842 3552 inimicorum
1879 3499 1941 3550 Ε
2059 3497 2124 3552 13
2164 3497 2336 3566 possit
2373 3497 2433 3549 E
2569 3494 2690 3564 ipsa
2725 3491 2790 3546 H

507 3583 573 3635 14
614 3599 770 3651 quem
796 3585 837 3636 I
975 3585 1149 3656 adque
1178 3587 1245 3639 H
1383 3587 1484 3640 ita'
1508 3588 1589 3640 ita
1616 3587 1670 3639 A
1815 3586 2167 3641 hostenderet
2191 3586 2234 3638 I
2338 3587 2404 3640 15
2443 3583 2652 3638 iudaeis
2686 3581 2790 3650 ΟΕ

506 3680 661 3738 (corr.
684 3689 750 3724 m.
772 3677 803 3724 1
829 3673 1072 3741 iudaeos)
1184 3677 1483 3745 tamquam]
1514 3679 1626 3729 tarn
1651 3678 1684 3728 I
1791 3693 1816 3731 a
1851 3692 1952 3730 om.
1975 3675 2120 3744 QIE
2225 3691 2258 3728 a
2282 3673 2518 3728 nefarios
2541 3671 2645 3742 (sie
2666 3675 2704 3736 J)
2725 3667 2786 3722 H

574 3760 935 3829 perhibendos
980 3764 1026 3832 Q
1171 3764 1237 3817 16
1274 3765 1624 3830 necessarioS,
1663 3779 1800 3818 corr.
1839 3781 1907 3816 m.
1930 3769 1958 3816 1
1993 3763 2300 3816 necessaria
2341 3760 2389 3830 Q
2551 3757 2784 3828 compel-

501 3849 615 3902 len*
647 3851 693 3914 (s
732 3865 871 3904 eras.
908 3851 1049 3918 uid.)
1094 3851 1220 3918 {dos
1250 3852 1305 3904 P
1343 3853 1668 3922 conplendos
1708 3855 1752 3922 Q,
1793 3869 1906 3906 com
1932 3879 1936 3898 ι
1961 3851 2258 3922 pellendos,
2295 3851 2391 3903 sed
2424 3849 2515 3918 pel
2545 3863 2618 3902 ux
2653 3862 2785 3901 corr.

505 3943 595 4002 (m.
616 3943 645 3991 1
665 3937 717 4002 ,9)
749 3939 806 3990 Ε
934 3942 997 3993 17
1039 3957 1093 3994 re
1131 3957 1254 4006 om.,
1290 3959 1357 3995 m.
1378 3947 1416 3994 2
1454 3941 1584 3995 cedd.
1614 3942 1690 3995 Ρ1
1817 3941 2062 3994 auditum
2091 3939 2158 3993 de
2186 3938 2351 3992 illm..
2383 3949 2515 4004 (ras.
2553 3939 2702 3989 5—-6
2729 3934 2784 3988 l.)

502 4027 569 4080 H
603 4027 669 4082 de
706 4028 805 4082 illa
841 4029 1084 4082 auditam
1121 4029 1177 4084 R
1296 4031 1361 4083 18
1400 4034 1712 4100 susceperat
1747 4031 1799 4083 A
1946 4031 2027 4097 nt]
2070 4033 2126 4082 et
2163 4027 2288 4080 PM
2429 4027 2494 4080 19
2533 4039 2691 4095 posse
2729 4021 2790 4074 H

576 4118 847 4171 sententia
882 4119 924 4172 I
1080 4119 1148 4189 ei]
1190 4121 1239 4172 ci
1279 4119 1387 4174 diei
1424 4121 1465 4172 I
1622 4118 1798 4174 dicere
1843 4119 1904 4171 H
2076 4117 2147 4172 20
2185 4118 2386 4170 scirent
2421 4113 2560 4168 HM
2707 4117 2788 4164 set

506 4205 697 4259 dicerit
734 4209 831 4272 (sic
855 4211 893 4264 .'›
934 4207 996 4261 H
1034 4212 1091 4262 et
1128 4209 1310 4262 dicent
1345 4209 1387 4263 I
1524 4213 1579 4262 et
1617 4225 1718 4263 om.
1761 4208 1807 4278 Q
1951 4207 2218 4276 putabant
2251 4203 2357 4274 QE
2389 4207 2480 4272 (m.
2517 4208 2580 4256 ut
2617 4201 2732 4255 uid.
2766 4204 2790 4251 1

506 4296 799 4366 putabunt)
836 4297 891 4351 13
930 4302 1091 4362 (corr.
1128 4315 1197 4350 m.
1221 4303 1251 4349 1
1289 4297 1581 4366 putabunt)
