3184 4959
445 1281 526 1343 12

47 3217 158 3238 -Ἁ
244 3151 533 3266 ’11113

574 448 702 510 624
1277 444 1330 500 S.
1385 443 1662 498 Aureli
1714 443 2109 514 Augustin

573 641 1000 707 uentilabrum
1089 641 1278 705 etiam
1363 641 1521 706 ferre
1604 659 1795 724 posse
1878 645 1993 706 aut
2063 661 2102 707 a
2170 643 2488 708 frumento
2574 643 2887 708 uniuersa

574 747 814 812 zizania
859 747 1133 813 humano
1170 747 1410 813 iudicio
1451 766 1757 830 separare.
1808 750 2083 832 superba
2115 753 2218 814 ,est
2264 750 2391 814 ista
2436 751 2883 832 praesumptio

574 858 639 919 et
695 856 1004 941 sacrilega
1051 855 1414 931 obstinati0‚
1473 874 1664 937 quam
1720 855 1842 921 sibi
1898 857 2073 921 furor
2128 875 2367 942 prauus
2424 856 2727 935 adsumit,
2792 864 2883 934 et,

575 961 728 1027 dum
765 962 887 1027 sibi
927 981 1178 1046 semper
1215 961 1457 1045 aliquid
1494 962 1790 1046 amplius,
1833 983 2021 1048 quam
2058 965 2234 1028 mitis
2272 963 2525 1029 iustitia
2561 963 2881 1046 deposcit,

576 1068 940 1147 adsumunt,
991 1069 1068 1134 de
1106 1070 1377 1135 ecclesia
1411 1075 1681 1152 pereunt
1718 1073 1801 1148 et,
1851 1069 2004 1134 dum
2042 1089 2109 1135 se
2156 1071 2502 1137 insolenter
2538 1069 2881 1146 extollunt,

573 1177 715 1258 ipso
765 1195 883 1242 suo
929 1179 1182 1240 tumore
1231 1175 1470 1241 caecati
1516 1176 1807 1241 ueritatis
1854 1176 2071 1242 lumen
2120 1177 2469 1242 amittunt?

666 1279 838 1360 Quid
909 1283 1028 1348 hac
1104 1281 1403 1366 Cypriani
1479 1282 1904 1348 adtestatione
1979 1283 2233 1361 elatine,
2310 1283 2465 1365 quid
2534 1285 2881 1350 ueracius‘?

573 1389 776 1468 uides,
827 1393 1064 1473 quanta
1103 1389 1476 1474 euangelica
1513 1393 1580 1454 et
1626 1389 1981 1473 apostolica
2024 1391 2169 1454 luce
2213 1391 2641 1476 praefulgeat;
2688 1390 2883 1456 uides

573 1516 703 1577 eos,
772 1497 882 1578 qui
937 1497 1122 1561 uelut
1180 1497 1404 1562 offensi
1459 1515 1570 1580 pro
1638 1516 1757 1562 sua
1820 1496 2073 1562 iustitia
2131 1497 2579 1580 iniquitatibus
2646 1497 2883 1564 alienis

573 1604 878 1669 ecclesiae
935 1603 1238 1668 deserunt
1289 1603 1623 1684 unitatem,
1687 1603 1865 1687 ipsos
1922 1622 2065 1669 esse
2128 1604 2343 1686 potius
2400 1603 2881 1686 iniquissimos;

573 1710 756 1775 uides
819 1710 975 1776 foris
1044 1729 1184 1776 esse
1249 1710 1488 1774 zizania
1552 1730 1685 1788 eos,
1742 1711 1854 1793 qui
1908 1713 2247 1776 noluerunt
2299 1710 2363 1776 in
2428 1711 2674 1776 unitate
2738 1713 2883 1797 agri

575 1816 869 1881 dominici
941 1817 1179 1881 zizania
1229 1818 1528 1895 tolerare3
1596 1817 1778 1882 uides
1841 1818 1997 1883 foris
2054 1835 2195 1883 esse
2260 1817 2511 1900 paleam
2566 1837 2697 1895 666,
2766 1819 2882 1902 qui

573 1923 911 1989 noluerunt
981 1924 1047 1988 in
1122 1924 1366 1989 unitate
1433 1924 1661 1988 domus
1735 1943 1999 2008 magnae
2073 1923 2231 1988 talia
2292 1924 2589 2002 tolerare3
2666 1924 2881 2003 uide8‚

575 2049 761 2112 quam
793 2030 1104 2095 ueraciter
1133 2031 1441 2114 scriptum
1471 2034 1599 2096 est:
1628 2031 1899 2096 Filius
1928 2032 2187 2096 malus
2224 2030 2403 2114 ipse
2442 2049 2525 2095 se
2560 2031 2878 2096 iustum

577 2136 807 2216 dicit,
847 2139 1152 2204 exitum
1192 2142 1458 2203 autem
1505 2157 1731 2202 suum
1781 2157 1929 2202 non
1978 2137 2274 2208 abluit:
2326 2138 2561 2202 exitum
2602 2137 2879 2216 scilicet,

583 2265 705 2328 quo
763 2244 890 2310 exit
935 2244 1012 2309 de
1061 2245 1348 2321 ecclesia,
1407 2263 1528 2308 non
1586 2247 1837 2328 purgat,
1894 2263 2017 2308 non
2064 2248 2341 2323 excusat,
2397 2263 2522 2309 non
2570 2243 2881 2322 defendit,

579 2370 703 2416 non
775 2371 1008 2436 purum
1073 2356 1139 2416 et
1211 2353 1345 2417 sine
1413 2351 1671 2416 crimine
1740 2351 2048 2426 ostenditz
2124 2351 2246 2416 1166
2311 2355 2411 2416 est
2474 2350 2641 2416 enim
2706 2359 2879 2418 ‘non

581 2459 886 2536 abluit’‚
945 2459 1113 2542 quia,
1175 2459 1230 2523 si
1287 2478 1408 2522 non
1458 2478 1526 2522 se
1575 2460 1790 2540 ipsum
1836 2459 2083 2522 iustum
2132 2457 2387 2536 diceret,
2446 2457 2557 2522 sed
2604 2477 2752 2523 uere
2804 2477 2882 2523 ac

580 2564 868 2648 legitime
931 2565 1142 2630 iustus
1199 2569 1390 2643 esset,
1456 2583 1578 2629 non
1644 2565 1843 2630 bonos
1907 2567 2163 2648 propter
2224 2565 2427 2630 malos
2490 2563 2882 2647 impiissime

2952 1094 2979 1128 5

2932 1633 2985 1672 10

581 2671 914 2747 desereret,
983 2671 1094 2736 sed
1157 2672 1362 2736 malos
1418 2674 1676 2755 propter
1731 2671 1929 2736 bonos
1983 2671 2449 2754 patientissime
2506 2670 2880 2750 sustineret,
2927 2703 2989 2743 20

581 2779 779 2843 donec
842 2779 978 2861 ipse
1035 2778 1330 2843 dominus
1397 2778 1536 2842 siue
1602 2797 1713 2861 per
1776 2797 1843 2842 se
1908 2778 2049 2843 siue
2115 2796 2229 2860 per
2290 2778 2550 2860 angelos
2621 2796 2773 2842 suos
2844 2797 2883 2842 a

579 2885 790 2949 tritico
839 2885 1096 2961 zizania,
1145 2903 1182 2948 a
1227 2885 1561 2948 frumentis
1608 2885 1845 2966 paleas,
1902 2904 1939 2948 a
1984 2885 2159 2950 uasis
2205 2882 2671 2950 misericordiae
2718 2902 2883 2948 uasa

578 2992 706 3055 irae
745 2995 811 3056 et
854 2991 1090 3056 haedos
1139 2992 1215 3056 ab
1255 2992 1508 3069 ouibuS‚
1545 2991 1757 3073 pisces
1804 2991 2005 3057 malos
2046 3011 2083 3056 a
2128 2991 2311 3057 bouis
2356 2992 2419 3055 in
2467 2991 2589 3055 fine
2636 2990 2879 3056 saeculi

581 3102 919 3182 separaret.

673 3205 797 3272 Sed
856 3205 912 3270 si
965 3205 1332 3271 testimonia
1393 3205 1504 3269 illa
1572 3205 2047 3288 scripturarum,
2116 3223 2274 3286 quae
2338 3203 2609 3268 maiores
2676 3203 2879 3267 uestri
2924 3235 2984 3274 2⁵

581 3311 659 3377 ad
717 3311 1127 3376 diuidendum
1182 3312 1491 3396 populum
1551 3311 1652 3378 dei
1706 3311 1813 3376 uel
1868 3310 2294 3394 intellegenda
2345 3310 2448 3374 uel
2504 3309 2881 3392 proferenda

581 3418 1000 3496 erediderunt,
1032 3418 1236 3498 aliter,
1275 3438 1462 3500 quam
1494 3418 1853 3483 diuinorum
1886 3417 2277 3501 eloquiorum
2312 3435 2536 3482 sensus
2566 3415 2879 3498 postulat,

581 3524 860 3608 accipere
929 3525 1258 3603 conamini,
1332 3526 1459 3589 iam
1525 3525 1824 3600 desinite;
1902 3524 2222 3588 adtendite
2288 3523 2452 3588 illud
2518 3522 2877 3606 speculum,

762 3717 829 3769 14
867 3716 1124 3784 Septuag.
1165 3715 1390 3786 ΙΙαροιμ.
1431 3715 1517 3778 24,
1557 3716 1651 3779 35;
1694 3714 1761 3770 cf.
1801 3713 1959 3782 Vulg.
1998 3713 2155 3767 Prou.
2198 3714 2287 3777 30,
2329 3713 2395 3767 12

655 3821 680 3874 1
723 3821 829 3875 iam
866 3837 918 3874 m
950 3820 1112 3890 Cypr.
1138 3821 1279 3889 Any.
1319 3825 1517 3876 contra
1548 3821 1797 3874 Ore-scon.
1836 3825 1887 3874 et
1923 3826 2121 3873 contra
2156 3818 2434 3874 Gaudent.
2508 3819 2541 3871 2
2575 3817 2876 3872 obstinatio

583 3915 638 3964 et
675 3911 941 3979 sacrilega
976 3909 1342 3980 praesumptio
1377 3910 1538 3978 Cypr.
1569 3909 1713 3978 Any.
1754 3913 1950 3963 contra
1982 3910 2227 3962 crescon.
2266 3913 2319 3962 et
2354 3912 2549 3962 contra
2590 3906 2875 3962 Gaudent.

582 4001 614 4052 3
653 4017 760 4070 qua
790 4001 844 4053 P
937 4001 971 4052 4
1009 3999 1238 4069 amplius
1279 3997 1484 4066 aliquid
1523 3997 1570 4050 V
1578 3997 1632 4053 U
1666 3997 1787 4051 edd.
1826 3997 2044 4066 quidam
2080 3997 2203 4068 plus
2248 3997 2409 4066 Cypr.
2452 3995 2605 4066 (quid
2642 3995 2877 4064 amplius

581 4088 697 4142 cod.
746 4089 1057 4157 Bamberq.)
1103 4089 1248 4156 Auq,
1297 4093 1494 4142 contra
1545 4087 1794 4140 Crescon.
1841 4091 1891 4139 et
1936 4091 2132 4140 contra
2182 4085 2461 4141 Gaudent.
2508 4083 2612 4154 (ed.
2651 4083 2879 4149 Maur„-

581 4176 737 4232 codd.
775 4177 1033 4243 uariant)
1131 4177 1196 4230 12
1235 4173 1438 4229 domini
1479 4175 1617 4228 lem
1710 4175 1775 4228 13
1812 4173 1868 4226 in
1907 4191 2007 4228 om.
2056 4173 2108 4227 U
2197 4175 2262 4227 15
2300 4173 2450 4238 facit,
2487 4175 2619 4226 ΜΗΘ
2656 4169 2791 4225 dicit
2828 4170 2883 4224 U

585 4269 651 4320 16
689 4264 834 4336 quod
873 4266 984 4318 exit
1021 4265 1087 4318 ab
1129 4263 1358 4319 ecclesia
1404 4263 1458 4317 U
1616 4262 1681 4316 18
1718 4263 1821 4318 hac
1857 4263 1911 4315 P
2070 4263 2139 4316 22
2176 4262 2334 4330 palea
2368 4262 2425 4315 P
2575 4262 2643 4315 23
2680 4260 2791 4326 ira.¹
2818 4265 2879 4314 et

582 4353 710 4408 edos
746 4353 801 4406 P
