3184 4959
525 426 655 490 614
1237 423 1290 476 S.
1349 423 1624 477 Aureli
1678 421 2115 492 Augustini

524 615 735 693 stiani,
803 615 912 698 qui
975 619 1128 679 tunc
1191 614 1518 694 uiuebant‚
1590 615 1657 679 in
1722 614 1908 680 terris
1973 615 2423 682 remotissimis
2488 617 2823 682 constituti

523 722 738 788 audire
784 723 890 786 uel
935 739 1121 786 nosse
1175 725 1562 805 potuerunt?
1621 721 1729 803 qui
1778 726 2137 788 manentem
2184 725 2405 788 notum
2456 743 2577 789 non
2624 724 2819 789 audes

521 829 802 894 iudicare
867 827 1278 906 Primianum,
1355 847 1466 892 cur
1537 827 1698 892 mihi
1774 828 2108 910 antiquum
2176 833 2242 893 et
2302 829 2597 913 ignotum
2658 829 2820 894 iudi-

523 935 794 1001 candum
861 935 964 998 uis
1029 935 1322 1017 inponere
1389 934 1863 1000 Caecilianum?
1928 935 1987 999 si
2050 938 2261 1017 patres
2326 939 2475 1002 tuos
2540 955 2664 1002 non
2727 936 2823 1001 iu-

523 1041 697 1106 dicas
768 1041 844 1106 de
919 1041 1108 1106 factis
1182 1041 1340 1119 suis,
1417 1060 1607 1124 quare
1672 1041 1899 1106 fratres
1965 1045 2114 1106 tuos
2179 1041 2426 1108 iudicas
2492 1042 2571 1108 de
2634 1043 2821 1107 factis
2892 1067 2921 1107 5

523 1148 792 1213 alienis?
1345 1203 1358 1213 .

435 1257 474 1317 3
609 1256 708 1322 An
763 1255 926 1320 forte
980 1255 1206 1319 fratres
1263 1272 1378 1319 nos
1434 1257 1672 1338 negas?
1730 1253 1842 1320 sed
1898 1253 2129 1319 melius
2178 1254 2475 1320 audimus
2532 1258 2821 1320 sanctum

522 1361 820 1446 spiritum
847 1380 958 1445 per
983 1361 1354 1445 prophetam
1395 1359 1919 1444 praecipientem:
1958 1359 2280 1437 Audite,
2321 1362 2458 1444 qui
2494 1363 2822 1444 pauetis

521 1469 856 1534 uerbum
922 1467 1254 1532 domini:
1325 1466 1601 1532 Dicite
1666 1467 1989 1532 ‘fratres
2047 1468 2313 1532 nostri
2380 1468 2612 1534 estis'
2676 1468 2821 1546 hie,

521 1577 657 1659 qui
714 1595 858 1640 uos
908 1574 1256 1640 oderunt
1301 1574 1560 1655 etqui
1606 1591 1751 1638 uos
1810 1573 2359 1652 detestantur,
2409 1577 2495 1638 ut
2540 1594 2820 1640 nomen
2868 1601 2921 1640 ιο

524 1681 829 1747 domini
875 1679 1494 1746 honorificetur
1541 1683 1621 1744 et
1668 1684 2060 1762 appareat
2106 1679 2289 1746 illis
2339 1681 2414 1746 in
2464 1680 2827 1746 iucundi-

522 1792 794 1866 tatem,
835 1787 999 1871 ipsi
1038 1790 1306 1852 autem
1357 1787 1864 1852 erubescant.
1904 1805 1970 1850 re
2001 1805 2151 1851 uera
2178 1787 2346 1852 enim
2376 1787 2431 1852 si
2460 1787 2825 1853 hominibus

521 1914 750 1960 nomen
801 1893 1040 1960 domini
1095 1893 1436 1959 iucundius
1487 1895 1661 1958 esset
1704 1912 1893 1976 quam
1940 1893 2197 1958 nomina
2240 1893 2591 1972 hominum,
2646 1913 2827 1958 num—

525 2002 680 2084 quid
719 2000 1012 2066 Christus
1053 2000 1361 2066 clamans:
1400 2000 1685 2064 Pacem
1732 2019 1979 2064 meam
2018 1998 2109 2064 do
2156 2000 2395 2066 uobis
2436 2001 2827 2066 diuideretur

522 2109 588 2172 in
645 2107 949 2172 membris
1017 2107 1152 2172 suis
1207 2126 1318 2189 per
1371 2125 1504 2184 eOS,
1573 2106 1684 2190 qui
1741 2106 1989 2172 dicunt:
2044 2107 2095 2170 E
2118 2126 2211 2190 go
2274 2107 2598 2188 quidem
2652 2127 2823 2174 sum
2870 2133 2925 2173 ιε»

523 2215 763 2280 Pauli
828 2233 971 2298 ego
1039 2217 1308 2280 autem
1370 2213 1667 2296 Apollo
1736 2233 1877 2298 ego
1944 2233 2133 2280 uero
2202 2214 2517 2298 Cephae
2584 2218 2647 2280 et
2712 2234 2829 2297 per

524 2321 856 2386 hominum
911 2321 1166 2386 nomina
1212 2320 1637 2386 dilaniantur?
1692 2321 2001 2402 numquid
2049 2321 2345 2386 Christus
2392 2321 2831 2392 exsufflaretur

521 2427 586 2492 in
623 2426 942 2509 baptismo
983 2445 1123 2504 suo,
1164 2427 1242 2492 de
1271 2447 1396 2510 quo
1429 2427 1669 2492 dictum
1713 2431 1839 2492 est:
1880 2427 2031 2492 Hic
2070 2430 2214 2506 est,
2256 2428 2392 2509 qui
2428 2427 2825 2512 baptizat,

525 2535 600 2598 de
649 2552 772 2616 quo
832 2533 1078 2599 dictum
1135 2537 1264 2599 est:
1315 2531 1703 2598 Christus
1752 2532 2049 2599 dilexit
2104 2534 2545 2601 ecclesiam
2602 2553 2823 2600 suam

524 2643 602 2704 et
645 2637 1000 2705 tradidit
1057 2658 1141 2704 se
1195 2639 1459 2722 ipsum
1514 2658 1654 2722 pro
1704 2659 1808 2717 ea,
1867 2643 1953 2704 ut
2012 2659 2177 2705 eam
2234 2641 2826 2706 sanctificaret
2866 2667 2923 2706 ιο

523 2746 910 2812 mundans
959 2765 1124 2811 eam
1170 2747 1506 2812 lauacro
1555 2765 1807 2828 aquae
1864 2746 1939 2810 in
1988 2748 2278 2813 uerbo?
2326 2747 2638 2828 numquid
2672 2766 2823 2832 ergo

521 2855 585 2916 in
653 2855 792 2936 ipso
869 2871 986 2919 suo
1060 2853 1315 2919 lauacro
1391 2853 1848 2930 exsufflaretur,
1926 2854 1982 2918 si
2055 2873 2282 2918 nomen
2349 2853 2588 2918 domini
2652 2859 2825 2920 esset

523 2960 888 3038 iucundius,
937 2960 1118 3024 cuius
1167 2963 1266 3024 est
1316 2960 1456 3042 ipse
1511 2959 1891 3043 baptismus,
1941 2978 2129 3042 quam
2186 2979 2413 3027 nomen
2471 2961 2822 3038 hominum,

522 3067 600 3130 de
640 3067 872 3148 quibus
913 3066 1154 3132 dicitis:
1194 3065 1522 3132 ‘Sanctum
1567 3069 1689 3144 est,
1730 3066 1898 3148 quod
1934 3065 2045 3132 ille
2094 3066 2221 3144 dat,
2258 3085 2384 3132 non
2430 3067 2601 3151 quod
2645 3067 2823 3133 ille’?

343 3173 406 3238 II
446 3175 483 3235 4
611 3174 693 3238 Et
765 3177 974 3238 tamen
1043 3173 1324 3258 collegae
1387 3173 1508 3252 tui,
1583 3173 1697 3238 ubi
1762 3174 2127 3250 uoluerunt,
2204 3174 2543 3240 ueritatem
2602 3175 2822 3257 potius
2862 3201 2921 3240 ιε»

523 3278 944 3344 adtenderunt
990 3282 1055 3343 et
1099 3297 1222 3344 non
1271 3281 1482 3344 solum
1531 3278 1945 3361 baptismum,
2004 3299 2194 3362 quem
2241 3278 2417 3345 dedit
2460 3280 2820 3346 Primianus

523 3387 584 3450 in
644 3387 860 3450 uestra
915 3383 1379 3462 communione,
1447 3384 1560 3450 sed
1618 3385 1810 3450 etiam
1868 3404 2057 3467 quem
2113 3385 2289 3452 dedit
2338 3387 2699 3454 Felicianus
2754 3389 2821 3451 in

521 3490 889 3556 Maximiani
935 3489 1246 3576 sacrilego
1297 3491 1663 3568 schismate,
1710 3495 1967 3574 propter
2010 3491 2267 3558 honoris
2314 3493 2555 3558 domini
2599 3494 2823 3560 iucun-

523 3595 786 3662 ditatem
854 3601 1145 3663 sanctum
1213 3617 1354 3664 esse
1419 3601 1753 3664 senserunt
1810 3601 1875 3663 et
1929 3599 2373 3680 characterem,
2420 3620 2543 3667 non
2608 3602 2821 3667 solum

702 3843 735 3896 8
773 3843 861 3896 Es.
899 3843 988 3904 66,
1027 3843 1060 3894 5
1097 3859 1203 3918 sec.
1244 3841 1504 3911 Septuag.
1692 3843 1757 3896 14
1792 3841 1911 3897 Ioh.
1956 3843 2039 3910 14,
2076 3845 2144 3898 27
2329 3846 2396 3899 15
2431 3845 2461 3898 Ι
2499 3843 2619 3900 Cor.
2661 3847 2709 3910 1,
2751 3847 2821 3902 12

525 3931 591 3984 18
631 3930 748 3988 Iob.
789 3933 839 3996 1,
874 3931 942 3985 33
1055 3930 1120 3985 19
1157 3929 1297 4000 Eph.
1336 3933 1387 3992 5.
1426 3930 1640 3986 25-26

597 4054 660 4110 11
701 4055 758 4108 in
785 4054 1126 4108 iucunditate
1143 4071 1223 4122 m,·
1259 4053 1520 4126 Septuay.
1561 4053 1617 4105 ἐν
1654 4061 1718 4126 τῇ
1758 4054 2051 4126 εὐφροσύνῃ
2091 4053 2263 4109 αὐτῶν
2375 4058 2441 4112 13
2478 4057 2744 4114 iucundus
2770 4059 2828 4112 P

529 4143 593 4196 17
631 4143 944 4209 dilaniatur,
983 4159 1122 4202 corr.
1160 4148 1282 4199 m.1
1318 4143 1651 4198 dilaniantur
1686 4143 1741 4197 P
1885 4144 1952 4199 18
1992 4143 2057 4198 de
2097 4159 2202 4214 quo
2239 4161 2344 4202 om.
2394 4145 2632 4202 VUlsr
2666 4150 2820 4216 (eon-

520 4233 738 4286 icctura
771 4232 836 4286 in
869 4247 1041 4301 marq.
1082 4232 1236 4296 add.)
1383 4234 1452 4288 26
1493 4231 1648 4287 dedit
1684 4249 1787 4290 om.
1840 4233 1948 4288 VU
1978 4233 2100 4288 edd.
2264 4235 2333 4289 27
2374 4235 2561 4306 etiarn]
2604 4239 2659 4290 et
2696 4237 2823 4292 edd.

523 4322 592 4374 28
632 4321 925 4390 sacrilegos
964 4321 1252 4376 chrismate
1291 4322 1344 4375 P
