3184 4959
509 399 634 463 106
1219 396 1270 452 S.
1327 394 1606 449 Aureli
1662 395 2101 464 Augustini

504 609 830 672 quaerens,
881 591 991 655 sed
1040 609 1197 672 quae
1245 591 1392 656 Iesu
1443 590 1707 667 Christi,
1756 609 1901 687 cum
1948 590 2415 674 gloriosissima
2462 592 2797 657 tolerantia

504 701 942 772 conuersatur;
991 699 1334 780 postremo,
1386 697 1556 780 quod
1602 697 1792 780 paulo
1842 700 1986 761 ante
2024 699 2538 776 commemoraui,
2579 698 2797 764 diuina

501 823 661 872 uoce
705 804 1002 870 laudatur
1047 804 1167 869 sub
1214 805 1424 888 angeli
1477 805 1731 868 nomine
1783 804 2185 887 praepositus
2232 805 2559 884 ecclesiae,
2607 805 2795 888 quod,

504 930 650 977 cum
715 913 961 978 odisset
1019 911 1244 990 1118108,
1309 929 1418 976 808
1483 915 1694 976 tamen
1756 915 2102 994 temptatos
2178 914 2243 976 et
2312 912 2609 977 inuentos
2682 931 2793 994 pro

502 1020 756 1084 nomine
804 1019 1042 1085 domini
1089 1018 1407 1084 tolerauit.
2856 1041 2883 1080 5

415 1125 500 1186 24
589 1127 690 1191 Ad
745 1145 1062 1190 summam
1118 1145 1186 1190 se
1239 1125 1415 1208 ipsos
1468 1124 1881 1208 interrogent.
1926 1141 2131 1188 nonne
2175 1125 2525 1189 tolerantur
2580 1127 2655 1190 ab
2706 1125 2794 1189 018

503 1234 728 1298 caedes
793 1235 859 1297 et
919 1231 1209 1298 incendia
1273 1231 1895 1304 Circumcellionum,
1960 1233 2363 1296 ueneratores
2425 1231 2799 1314 praecipita-

500 1345 710 1404 torum
785 1339 954 1404 ultro
1029 1338 1410 1404 cadauerum
1487 1341 1552 1402 et
1625 1337 1745 1402 sub
1810 1336 2289 1402 incredibilibus
2354 1338 2541 1402 malis
2605 1338 2796 1404 unius

503 1444 723 1531 Optati
767 1465 879 1530 per
922 1449 1022 1512 tot
1069 1462 1264 1510 annos
1309 1445 1512 1509 totius
1549 1444 1801 1508 Africae
1840 1443 2164 1528 gemitus?
2200 1463 2389 1528 parco
2424 1443 2552 1508 iam
2592 1444 2797 1510 dicere

501 1553 898 1638 singularum
953 1571 1066 1635 per
1120 1551 1399 1616 Africam
1453 1551 1787 1633 regionum
1846 1553 1910 1614 et
1965 1549 2302 1615 ciuitatum
2350 1555 2415 1616 et
2457 1550 2795 1616 fundorum
2838 1576 2888 1614 ιο

501 1661 859 1744 tyrannicas
904 1661 1258 1741 potestates
1307 1661 1370 1722 et
1415 1657 1675 1740 publica
1718 1656 2067 1722 latrocinia.
2114 1657 2346 1722 melius
2396 1657 2562 1720 enim
2612 1656 2797 1721 uobis

501 1765 658 1830 haec
703 1783 820 1830 uos
866 1763 992 1847 ipsi
1039 1763 1252 1828 dicitis
1301 1763 1440 1828 siue
1487 1763 1550 1826 in
1600 1782 1816 1828 aurem
1864 1761 2001 1827 siue
2047 1762 2281 1844 palam,
2330 1763 2497 1827 sicut
2542 1762 2798 1827 libitum

499 1871 712 1936 fuerit.
795 1889 1195 1955 quocumque
1269 1869 1436 1934 enim
1512 1870 1732 1934 000108
1808 1869 2152 1945 uerteritis,
2236 1872 2546 1943 occurret,
2630 1867 2801 1952 quod

503 1977 642 2044 dico
699 1976 805 2042 uel
861 1977 1076 2060 potius
1135 1975 1304 2058 quod
1357 1978 1560 2040 taceo.
1618 1995 1823 2058 neque
1879 1975 2027 2040 hinc
2081 1977 2265 2053 istoS,
2314 1995 2475 2059 quos
2521 1975 2613 2041 ibi
2660 1974 2799 2039 dili·

503 2083 677 2168 gitis,
747 2101 1144 2149 accusamus.
1208 2101 1332 2147 non
1397 2082 1564 2146 enim
1634 2082 1814 2147 nobis
1881 2081 2244 2165 displicent,
2310 2082 2461 2164 quia
2528 2082 2803 2147 tolerant
2839 2107 2889 2146 15

500 2191 725 2267 1118108,
792 2189 906 2254 sed
969 2189 1118 2272 quia
1179 2187 1669 2254 intolerabiliter
1740 2189 1895 2253 mali
1960 2191 2111 2254 sunt
2172 2191 2430 2272 propter
2494 2187 2795 2265 schisma,

500 2289 758 2380 pro‘pter
813 2297 1009 2362 altare
1067 2298 1284 2362 contra
1339 2295 1555 2373 altare,
1612 2300 1869 2379 propter
1924 2294 2387 2378 separationem
2432 2295 2509 2360 ab
2558 2294 2801 2360 heredi-

501 2407 632 2468 tate
691 2401 930 2470 Christi
984 2405 1120 2467 toto
1180 2402 1327 2467 orbe
1385 2401 1637 2482 diffusa,
1687 2401 1859 2466 sicut
1900 2405 2077 2467 tanto
2126 2405 2269 2466 ante
2314 2401 2631 2486 promissa
2678 2406 2797 2467 est.

501 2511 808 2576 uiolatam
889 2528 1131 2593 pacem,
1215 2509 1604 2574 conscissam
1684 2509 2021 2586 unitatem,
2094 2509 2324 2574 iterata
2394 2509 2797 2592 baptismata,

501 2615 835 2682 exsufflata
889 2619 1302 2694 sacramenta,
1370 2635 1532 2698 quae
1594 2616 1659 2680 in
1724 2616 2051 2681 sceleratis
2118 2634 2369 2699 01100118
2435 2613 2798 2680 hominibus
2830 2639 2888 2680 20

500 2727 720 2788 sancta
773 2725 942 2800 sunt,
999 2722 1362 2807 plangimus
1417 2726 1484 2786 et
1536 2722 1855 2806 lugemus.
1914 2741 2073 2804 quae
2130 2723 2186 2788 si
2250 2721 2433 2805 parui
2492 2721 2795 2805 pendunt,

499 2831 866 2896 intueantur
931 2830 1238 2911 exempla,
1304 2829 1536 2912 quibus
1604 2830 2108 2896 demonstratum
2172 2833 2294 2906 est,
2362 2828 2581 2911 quanti
2642 2827 2797 2892 haec

499 2936 789 3020 penderit
860 2935 1070 3013 deus,
1115 2935 1224 3017 qui
1297 2935 1581 3000 fecerunt
1656 2936 1921 3014 idolum,
1995 2936 2237 3000 usitata
2316 2935 2512 3019 gladii
2592 2938 2795 3000 morte

499 3041 812 3124 perempti
885 3046 1064 3116 sunt;
1142 3042 1251 3124 qui
1328 3061 1480 3108 uero
1557 3043 1839 3108 schisma
1910 3043 2115 3108 facere
2188 3043 2551 3118 uoluerunt,
2616 3041 2794 3106 hiatu

499 3151 700 3212 terrae
743 3147 1064 3230 principes
1111 3146 1396 3212 deuorati
1443 3152 1508 3212 et
1548 3149 1737 3214 turba
1783 3148 2181 3214 consentiens
2226 3149 2371 3232 igne
2420 3151 2797 3230 consumpta
2831 3171 2886 3212 25

501 3257 618 3320 est.
668 3253 1039 3328 diuersitate
1085 3273 1426 3336 poenarum
1478 3255 1815 3321 diuersitas
1864 3255 2235 3340 agnoscitur
2279 3254 2668 3321 meritorum.

677 3411 709 3464 6
749 3408 816 3465 cf.
855 3413 1042 3462 contra
1077 3409 1186 3463 litt.
1225 3409 1386 3463 Petil.
1424 3409 1452 3462 1
1488 3411 1574 3474 24,
1615 3410 1684 3465 26
1846 3410 1908 3463 17
1946 3409 2036 3464 Ps.
2076 3410 2127 3474 2,
2166 3410 2307 3464 7-8
2462 3411 2530 3464 23
2568 3409 2663 3466 EX.
2702 3411 2789 3475 32,

503 3499 676 3554 1—28
785 3499 855 3552 24
891 3499 1051 3554 Num.
1096 3501 1178 3563 16,
1222 3499 1421 3555 1-352
1460 3499 1675 3552 41-49

567 3607 602 3658 4
633 3604 865 3659 eodisset
903 3609 956 3671 (o
994 3622 1061 3660 ex
1097 3622 1235 3661 corr.
1273 3621 1340 3658 m.
1379 3611 1444 3658 ut
1479 3605 1599 3659 uid.
1638 3611 1685 3668 1,
1716 3605 1837 3675 fuit
1874 3609 1931 3661 11)
1968 3606 2029 3661 F
2196 3607 2226 3658 7
2268 3605 2699 3660 cercicellionum
2736 3605 2798 3660 F

500 3693 861 3748 cercillionum
903 3695 1026 3748 MA
1208 3695 1567 3748 cieneratores
1608 3695 1768 3760 (sicl)
1808 3695 1885 3748 M
1918 3695 2008 3760 (cf.
2038 3711 2097 3764 p.
2139 3699 2269 3756 100,
2301 3699 2361 3758 2)
2402 3695 2493 3764 qui
2533 3698 2662 3749 sunt
2696 3711 2789 3748 ue-

497 3787 771 3836 neratores
808 3783 992 3850 flrm
1129 3786 1162 3838 9
1201 3783 1426 3838 anninos
1463 3785 1518 3836 A
1658 3785 1720 3837 11
1763 3783 1907 3837 enim
1942 3784 2078 3838 haec
2119 3783 2273 3837 uobis
2312 3783 2495 3837 dicitis
2532 3784 2637 3853 ipsi
2674 3783 2792 3837 siue

498 3873 652 3940 (ante
685 3872 820 3926 haec
857 3889 897 3926 8.
937 3889 994 3927 u.
1031 3890 1100 3927 m.
1122 3877 1151 3925 1
1189 3873 1424 3926 alter-um
1465 3872 1619 3926 uobis
1659 3873 1815 3938 add.)
1854 3872 1929 3926 M
2083 3873 2148 3926 12
2184 3873 2387 3942 palam]
2424 3872 2479 3924 in
2516 3871 2698 3942 palam
2734 3871 2792 3926 R

501 3961 565 4013 13
605 3959 887 4013 uerteretis
924 3960 977 4012 A
1151 3963 1454 4013 occurreret
1487 3959 1601 4013 FP
1634 3969 1879 4013 occurret
1916 3959 2073 4014 uobis
2109 3959 2164 4014 R
2311 3961 2378 4013 15
2418 3958 2575 4014 uobis
2610 3959 2790 4014 MFA

501 4048 565 4100 18
601 4048 884 4118 promissio
924 4048 976 4101 A
1157 4047 1228 4102 20
1265 4065 1326 4102 ex
1365 4047 1584 4102 sufflata
1618 4051 1673 4102 A
1713 4053 1769 4102 et
1804 4047 2025 4102 sufflata
2061 4049 2121 4101 F
2284 4049 2537 4102 celeratis
2572 4065 2685 4104 raa.
2725 4067 2792 4104 ex

498 4136 756 4190 celeratas
784 4139 836 4188 A
947 4137 1010 4190 21
1053 4154 1234 4206 parua,
1275 4153 1410 4191 corr.
1450 4154 1518 4191 m.
1541 4142 1570 4190 1
1606 4137 1761 4207 parui
1790 4139 1847 4192 P
1950 4139 2019 4192 22
2057 4139 2405 4192 inueniantur
2440 4139 2495 4191 A
2604 4139 2675 4192 24
2702 4137 2789 4191 hi-

497 4227 622 4277 atu*
655 4231 701 4283 (8
739 4230 902 4290 erae.)
939 4224 996 4277 P
1062 4227 1132 4280 25
1170 4230 1538 4280 consummata
1574 4225 1637 4280 F
1718 4228 1785 4282 26
1825 4226 2169 4296 diuersitate]
2210 4226 2502 4281 diuersitas
2541 4228 2594 4281 A
2704 4226 2789 4280 di·

497 4313 750 4382 uersitas]
792 4312 1114 4368 diuersitate
1153 4315 1218 4367 M
1258 4316 1349 4378 (m.
1373 4319 1412 4368 2
1448 4314 1761 4380 diuersitas)
1799 4314 1909 4369 FA
2055 4316 2397 4385 cognoscitur
2430 4315 2507 4370 M
