3184 4959
562 421 688 484 108
1275 415 1328 468 S.
1387 413 1664 468 Aureli
1719 412 2155 482 Augustini

466 610 554 673 26
646 611 926 676 Tandem
999 610 1294 687 sentiant,
1371 607 1540 691 quod
1612 608 1923 680 fecerunt:
1998 607 2224 673 merito
2305 610 2474 673 certo
2550 621 2851 672 annorum

556 718 890 784 interuallo
927 717 992 782 in
1033 717 1252 782 oculos
1291 735 1506 780 eorum
1545 714 1910 779 reuolutum
1960 719 2063 779 est
2106 733 2264 797 opus
2308 714 2617 798 ipsorum.
2666 732 2849 796 quae·

553 826 696 903 rite,
753 843 864 907 per
919 843 1108 906 quam
1155 821 1456 887 feminam
1503 821 1948 896 Maximianus,
1996 820 2105 903 qui
2152 819 2385 885 dicitur
2430 839 2571 885 csse
2619 820 2850 886 Donati

552 931 967 1015 propinqum,
1017 947 1158 994 sese
1207 947 1244 992 a
1288 928 1589 994 Primiani
1640 927 2083 993 communione
2127 927 2505 1010 praeciderit
2550 931 2617 990 et
2660 947 2849 1010 quem

551 1037 632 1102 ad
687 1037 947 1102 modum
996 1039 1381 1120 congregata
1427 1035 1869 1118 episcoporum
1917 1034 2192 1098 factione
2238 1033 2631 1098 Primianum
2676 1033 2847 1098 dam·
2919 1057 2943 1094 a

551 1143 716 1209 uerit
789 1143 1118 1209 absentem
1192 1145 1258 1208 et
1331 1140 1637 1206 aduersus
1714 1160 1859 1206 eum
1935 1140 2275 1224 episcopus
2348 1140 2675 1206 ordinatus
2740 1140 2846 1218 sit,

549 1269 737 1333 quem
795 1251 873 1316 ad
929 1249 1192 1316 modum
1247 1248 1599 1314 Maiorinus
1655 1266 1767 1330 per
1819 1247 2127 1312 Lucillam
2178 1249 2563 1332 congregata
2608 1248 2848 1329 episco-

547 1377 774 1442 porum
818 1357 1093 1423 factione
1143 1356 1570 1422 Caecilianum
1617 1354 1945 1420 damnauit
1980 1355 2305 1420 absentem
2345 1357 2409 1419 et
2447 1357 2663 1420 contra
2700 1374 2843 1419 eum

549 1465 888 1548 episcopus
947 1464 1275 1530 ordinatus
1331 1466 1449 1527 est.
1509 1481 1586 1526 an
1642 1462 1823 1540 forte,
1884 1461 2053 1544 quod
2108 1479 2147 1524 a
2200 1459 2428 1526 ceten's
2473 1459 2644 1526 Afris
2694 1480 2845 1526 suae

548 1572 1013 1636 communionis
1061 1569 1380 1653 episcopis
1428 1572 1647 1634 contra
1690 1568 2029 1633 factionem
2076 1567 2441 1632 Maximiani
2490 1566 2845 1633 Primianus
2886 1596 2940 1634 ιο

547 1681 857 1761 purgatus
916 1681 1034 1756 est,
1091 1678 1305 1742 ualere
1361 1675 1562 1741 uultis
1622 1679 1705 1753 et,
1764 1674 1930 1758 quod
1988 1693 2025 1738 a
2079 1673 2514 1739 transmarinis
2578 1674 2846 1740 unitatis

545 1783 862 1866 episcopis
928 1781 1237 1848 aduersus
1301 1781 1643 1847 factionem
1706 1781 1999 1866 Maior-ini
2066 1780 2461 1846 Caecilianus
2533 1783 2845 1865 purgatus

544 1892 665 1966 est,
705 1889 917 1953 ualere
955 1907 1074 1952 non
1117 1887 1364 1952 uultis?
1411 1906 1585 1972 rogo,
1633 1887 1861 1952 fratres
1908 1887 2055 1966 mei,
2104 1886 2259 1970 quid
2304 1907 2603 1970 magnum
2652 1891 2842 1970 peto?

543 1995 696 2078 quid
743 1995 1006 2060 difficile
1049 2015 1086 2058 a
1130 1995 1316 2060 uobis
1363 1993 1655 2078 intellegi
1702 1995 1931 2077 cupio?
1968 1995 2243 2059 multum
2283 1994 2540 2077 quidem
2578 1995 2843 2062 interest

541 2104 608 2165 et
650 2100 1228 2183 incomparabiliter
1273 2099 1472 2166 distat
1515 2102 1623 2166 uel
1670 2100 2047 2166 auctoritate
2094 2100 2201 2164 uel
2248 2119 2505 2166 numero
2544 2101 2839 2168 Africana
2878 2123 2931 2164 ιε

541 2207 831 2288 ecclesia,
899 2208 954 2272 si
1022 2226 1168 2272 cum
1233 2207 1460 2272 ceteris
1526 2209 1699 2274 orbis
1752 2208 2040 2290 partibus
2098 2207 2475 2286 conferatur,
2532 2210 2598 2272 et
2644 2210 2837 2294 longe

543 2314 746 2380 minor
799 2318 918 2392 est,
967 2315 1157 2380 etiam
1207 2315 1262 2380 si
1307 2315 1519 2380 unitas
1567 2315 1673 2380 hic
1720 2317 1909 2389 esset,
1954 2314 2143 2400 longe
2190 2314 2443 2380 omnino
2490 2315 2695 2380 minor
2738 2320 2839 2380 est

541 2426 903 2502 comparata
967 2421 1194 2487 ceteris
1229 2421 1622 2488 Christianis
1688 2421 1983 2486 omnibus
2050 2421 2349 2506 gentibus
2424 2439 2615 2504 quam
2686 2439 2833 2503 pars

539 2525 906 2593 Maximiani
971 2533 1335 2612 comparata
1387 2529 1554 2612 parti
1610 2528 1933 2594 Primiani.
2000 2532 2147 2610 peto
2203 2533 2414 2593 tamen
2474 2532 2537 2593 et
2593 2529 2835 2594 iustum

539 2652 681 2699 esse
736 2635 1022 2713 arbitror,
1078 2640 1153 2700 ut
1207 2640 1456 2701 tantum
1503 2636 1720 2701 ualeat
1764 2635 2103 2700 concilium
2152 2635 2424 2700 Secundi
2472 2635 2831 2720 Tigisitani‚
2870 2658 2927 2700 ιο

541 2742 710 2825 quod
758 2743 1002 2808 Lucilla
1048 2743 1350 2809 conflauit
1393 2743 1701 2808 aduersus
1750 2743 2075 2808 absentem
2117 2741 2543 2808 Caecilianum
2584 2747 2649 2808 et
2686 2761 2830 2825 apo-

539 2848 799 2913 stolicas
874 2849 1058 2914 sedes
1130 2854 1465 2932 totumque
1539 2851 1752 2915 orbem
1820 2849 2175 2915 Caeciliano
2240 2850 2830 2924 communicantem,

537 2961 844 3037 quantum
915 2958 1092 3020 ualet
1163 2955 1500 3022 concilium
1585 2956 2197 3033 Maximianensium‚
2283 2957 2453 3039 quod
2536 2955 2833 3021 similiter

537 3061 772 3126 femina
835 3062 1047 3129 nescio
1113 3083 1272 3146 quae
1335 3063 1640 3128 conflauit
1693 3063 2001 3129 aduersus
2060 3063 2383 3128 absentem
2436 3062 2828 3132 Primianum

537 3170 603 3232 et
657 3171 930 3234 ceteram
983 3188 1098 3252 per
1141 3170 1418 3235 Africam
1467 3170 1949 3237 multitudinem
1996 3170 2313 3235 Primiano
2362 3168 2826 3235 communican-
2862 3194 2918 3235 ετ.

535 3279 685 3340 tem.
735 3275 890 3358 quid
935 3277 1215 3359 apertius
1263 3277 1580 3342 cernitur?
1630 3276 1781 3360 quid
1828 3278 2092 3360 aequius
2138 3277 2544 3360 postulatur?

445 3383 528 3445 27
623 3381 872 3448 Videtis
929 3384 1084 3448 haec
1143 3384 1352 3448 omnia
1408 3387 1474 3449 et
1525 3384 1729 3449 nostis
1788 3389 1851 3449 et
1904 3383 2191 3468 gemiti83
2250 3386 2315 3448 et
2367 3385 2579 3448 tamen
2646 3379 2826 3445 uidet

535 3490 598 3552 et
655 3489 831 3566 deus,
889 3490 1058 3573 quod
1116 3510 1230 3557 uos
1287 3490 1350 3557 in
1403 3495 1536 3557 tam
1591 3491 1894 3575 pestifera
1948 3495 2013 3556 et
2068 3491 2373 3574 sacrilega
2436 3487 2821 3571 praecisione

532 3595 710 3659 nulla
763 3615 860 3661 res
919 3597 1094 3681 cogit
1143 3617 1484 3676 remanere,
1543 3599 1600 3663 si
1656 3617 1767 3682 pro
1824 3598 2230 3682 adipiscendo
2296 3596 2569 3682 spiritali
2630 3613 2821 3678 regno

606 3782 631 3834 1
676 3785 821 3835 certe
849 3781 923 3836 M
955 3787 1046 3847 (m.
1068 3785 1108 3836 2
1143 3785 1314 3848 certo)
1345 3783 1504 3836 Fae
1575 3783 1609 3837 2
1648 3783 1847 3838 occulis
1875 3784 1949 3837 M
2026 3787 2060 3838 4
2096 3785 2413 3855 propinquis
2442 3787 2496 3838 A
2570 3788 2603 3840 5
2630 3784 2819 3854 damp-

527 3871 743 3923 nauerit
779 3869 833 3924 R
872 3869 1154 3924 damnaret
1186 3872 1241 3924 A
1375 3873 1409 3926 9
1448 3871 1838 3926 communionis
1878 3889 2005 3927 suae
2044 3873 2097 3928 A
2209 3874 2276 3929 10
2312 3873 2617 3929 ma1imiam
2660 3882 2818 3940 (corr.

529 3959 864 4024 maximiani)
913 3960 1190 4029 primanus
1243 3961 1403 4028 (corr.
1455 3977 1522 4014 m.
1545 3965 1574 4012 1
1624 3961 1943 4030 primianus)
1991 3963 2063 4016 M
2112 3963 2363 4033 primiani
2416 3964 2713 4034 primianus
2762 3963 2819 4016 A

535 4048 595 4101 11
635 4048 866 4101 unitatis
903 4048 965 4102 in
991 4047 1114 4116 fine
1147 4065 1203 4104 u.
1241 4065 1344 4103 om.
1381 4049 1438 4102 P
1547 4049 1613 4103 19
1651 4050 1989 4106 maximiani·
2021 4051 2157 4118 (fuit
2191 4059 2238 4111 s)
2280 4051 2338 4104 F
2452 4056 2607 4122 parte
2629 4050 2823 4108 ‚MF12

527 4136 617 4206 (m.
641 4141 682 4191 2
717 4138 880 4206 parti)
916 4137 971 4192 R
1107 4137 1178 4192 20
1215 4138 1498 4192 consilium
1533 4139 1588 4192 A
1733 4139 1967 4194 Secundi
2003 4157 2107 4195 om.
2146 4141 2219 4194 M
2354 4141 2640 4211 tigisitani,
2677 4157 2815 4196 corr.

525 4225 799 4296 tigisitani
837 4225 908 4278 M
939 4225 1192 4294 tigistani
1227 4227 1284 4280 A
1389 4229 1456 4282 21
1499 4229 1853 4298 apostolicam
1889 4229 2071 4284 sedem
2110 4231 2165 4284 Ρ
2198 4230 2318 4284 edd.
2440 4231 2511 4284 24
2551 4247 2659 4300 qua
2692 4227 2825 4282 ΜΓ

529 4315 595 4370 27
636 4314 792 4377 uidit,
831 4331 970 4372 corr.
1011 4315 1164 4370 uidet
1200 4317 1254 4370 P
1358 4317 1428 4370 28
1466 4318 1586 4386 uos]
1628 4323 1685 4372 et
1722 4335 1821 4372 uos
1856 4318 1912 4372 P
