3184 4959
1111 464 1647 533 epistularum
1704 462 1947 519 CXVIII.
2184 426 2189 433 ·
2546 468 2675 531 683

381 678 640 743 corpore
694 678 1006 741 nusquam
1066 658 1478 736 discederent,
1539 677 1681 723 cum
1750 657 1861 722 alii
1926 658 2155 723 atomis
2214 658 2324 725 alii
2378 662 2679 740 quattuor

378 766 729 843 elementis,
795 765 860 829 in
927 766 1160 848 quibus
1227 765 1306 830 ad
1373 764 1705 829 efficienda
1764 765 1973 830 omnia
2037 766 2201 849 ignis
2266 768 2677 849 praeualeret‚

375 874 685 959 principia
737 894 948 939 rerum
999 874 1239 951 darent,
1288 873 1430 955 quis
1489 892 1613 938 non
1662 873 1911 938 uideret
1958 874 2302 938 stultorum
2360 872 2678 937 abundan-

375 983 532 1048 tiam
571 980 818 1065 corpori
854 980 1152 1053 deditam,
1203 998 1347 1045 cum
1395 981 1829 1063 incorpoream
1876 980 2225 1062 potentiam
2264 979 2673 1045 conditricem

311 1108 338 1148 ⁵
372 1109 578 1154 rerum
620 1108 1020 1172 nequaquam
1057 1089 1302 1153 ualeret
1336 1089 1590 1165 intueri,
1639 1088 1703 1152 in
1742 1107 2010 1170 quorum
2046 1088 2261 1171 potius
2304 1087 2675 1171 suffragium

209 1294 282 1357 19

285 1640 334 1678 10

278 2172 328 2211 15

269 2708 324 2749 20

259 3237 316 3277 25

373 1200 738 1279 raperetur?

460 1304 770 1368 Restabat
829 1322 974 1386 pars
1029 1300 1439 1366 rationalium
1494 1300 1962 1383 quaestionum.
2030 1302 2198 1366 nosti
2258 1301 2445 1378 enim,
2503 1301 2677 1383 quic-

375 1410 527 1494 quid
571 1416 827 1491 propter
873 1407 1346 1490 adipiscendam
1395 1408 1770 1490 sapientiam
1811 1408 2153 1490 quaeritur,
2204 1410 2314 1472 aut
2361 1410 2437 1472 de
2484 1407 2673 1472 mori-
2742 1455 2746 1457 -

371 1516 493 1581 bus
551 1518 662 1580 aut
719 1514 793 1579 de
847 1518 1076 1579 natura
1129 1516 1244 1579 aut
1297 1514 1372 1579 de
1429 1515 1673 1579 ratione
1728 1514 1959 1579 habere
2015 1515 2471 1597 quaestionem.
2528 1532 2673 1577 cum

373 1641 518 1706 ergo
569 1622 864 1704 Epicurei
917 1640 1265 1703 numquam
1323 1639 1550 1685 sensus
1600 1621 1879 1703 corporis
1934 1620 2071 1685 falli
2122 1620 2423 1698 dicerent,
2471 1618 2671 1685 Stoici

371 1733 584 1793 autem
623 1729 758 1793 falli
800 1728 1133 1810 aliquando
1166 1726 1601 1801 concederent,
1640 1727 1896 1810 utrique
1935 1730 2148 1791 tamen
2186 1726 2472 1811 regulam
2505 1745 2673 1791 com-

369 1834 844 1918 prehendendae
901 1834 1194 1899 ueritatis
1241 1835 1306 1897 in
1355 1834 1651 1898 sensibus
1700 1837 2022 1915 ponerent,
2073 1834 2215 1915 quis
2262 1833 2407 1897 istis
2456 1835 2673 1898 contra

371 1940 727 2005 dicentibus
775 1940 1024 2005 audiret
1067 1940 1478 2005 Platonicos?
1538 1940 1683 2023 quis
1740 1960 1862 2005 non
1917 1939 2105 2005 modo
2162 1941 2227 2003 in
2286 1938 2667 2022 sapientium

369 2048 482 2113 sed
528 2048 780 2112 omnino
829 2048 892 2112 in
946 2047 1276 2112 hominum
1325 2066 1586 2111 numero
1643 2046 1964 2112 habendos
2012 2049 2287 2129 putaret,
2346 2047 2401 2111 si
2448 2047 2524 2110 ab
2576 2047 2667 2110 eis

364 2157 654 2237 prompte
703 2154 1017 2219 diceretur
1071 2173 1194 2219 non
1251 2154 1462 2218 solum
1510 2172 1652 2217 esse
1711 2154 1971 2235 aliquid,
2022 2153 2191 2236 quod
2240 2173 2443 2236 neque
2488 2156 2666 2217 tactu

365 2260 644 2343 corporis
712 2278 915 2341 neque
981 2258 1217 2323 olfactu
1292 2260 1397 2323 uel
1471 2262 1739 2341 gustatu
1804 2277 2009 2340 neque
2074 2259 2175 2323 his
2242 2259 2501 2324 auribus
2558 2263 2670 2323 aut

363 2366 564 2433 oculis
629 2366 866 2449 percipi
930 2366 1140 2448 possit
1201 2384 1405 2448 neque
1461 2366 1713 2429 omnino
1770 2366 1999 2442 talium
2063 2386 2293 2443 rerum,
2353 2384 2513 2448 quae
2576 2366 2668 2429 ita

361 2474 764 2550 sentirentur,
807 2472 1017 2553 aliqua
1045 2471 1496 2555 imaginatione
1531 2471 1817 2554 cogitari,
1860 2472 1971 2537 sed
1999 2471 2063 2535 id
2104 2472 2313 2537 solum
2341 2490 2489 2535 uere
2520 2490 2661 2535 esse
2702 2488 2707 2491 ·

359 2584 550 2664 atque
594 2579 660 2643 id
708 2580 918 2643 solum
962 2597 1152 2661 posse
1187 2578 1448 2661 percipi,
1489 2580 1641 2661 quia
1676 2578 2195 2644 incommutabile
2232 2581 2299 2642 et
2336 2577 2661 2661 sempiter-

364 2707 516 2752 num
555 2690 672 2763 est,
709 2686 950 2769 percipi
989 2688 1202 2749 autem
1245 2686 1382 2749 sola
1416 2685 1877 2769 intellegentia,
1918 2706 2043 2769 qua
2078 2704 2205 2750 una
2241 2685 2497 2762 ueritas,
2540 2702 2659 2765 quo

357 2794 544 2859 modo
592 2792 835 2877 adtingi
879 2795 1114 2875 potest,
1165 2790 1552 2874 adtingitur?

449 2900 608 2965 Cum
676 2918 826 2983 ergo
890 2898 1046 2963 talia
1113 2898 1420 2963 sentirent
1473 2898 1809 2978 Platonici,
1877 2919 2038 2981 quae
2102 2918 2305 2982 neque
2364 2897 2663 2962 docerent

359 3007 528 3071 carni
595 3006 844 3071 deditos
908 3005 1197 3071 homines
1263 3024 1466 3087 neque
1528 3008 1709 3071 tanta
1774 3010 1987 3071 essent
2050 3005 2429 3071 auctoritate
2493 3002 2659 3085 apud

357 3114 650 3197 popuIOS,
717 3116 790 3176 ut
845 3112 1152 3177 credenda
1214 3113 1688 3195 persuaderent,
1754 3113 1951 3178 donec
2014 3113 2094 3177 ad
2159 3132 2305 3177 eum
2370 3110 2657 3175 habitum

355 3219 806 3301 perduceretur
861 3220 1129 3296 animuS,
1179 3237 1303 3300 quo
1359 3218 1490 3283 ista
1545 3218 1899 3302 capiuntur,
1959 3219 2284 3301 elegerunt
2341 3216 2655 3282 occultare

357 3326 740 3390 sententiam
805 3344 986 3389 suam
1046 3328 1112 3389 ct
1168 3327 1386 3390 contra
1441 3344 1550 3390 eos
1609 3325 1938 3402 disserere,
1998 3326 2107 3408 qui
2162 3342 2387 3387 uerum
2444 3340 2513 3387 se
2567 3320 2657 3384 in-

354 3431 610 3497 uenisse
659 3432 984 3509 iactarent,
1035 3450 1181 3496 cum
1236 3431 1669 3496 inuentionem
1716 3431 1922 3516 ipsam
1970 3430 2106 3495 ueri
2152 3432 2215 3495 in
2266 3429 2468 3495 carnis
2516 3446 2656 3492 sen-

357 3538 536 3603 sibus
613 3542 936 3621 ponerent.
1013 3540 1078 3603 et
1154 3558 1372 3603 eorum
1447 3539 1703 3621 quidem
1772 3540 2110 3604 consilium
2188 3537 2372 3621 quale
2444 3534 2655 3607 fuerit,

356 3644 510 3727 quid
557 3644 801 3710 adtinet
839 3649 1180 3727 quaerere?
1233 3646 1520 3711 diuinum
1559 3650 1729 3711 certe
1776 3646 1885 3711 uel
1922 3646 2139 3710 diuina
2184 3645 2397 3729 aliqua
2441 3644 2655 3707 aucto-

428 3848 455 3902 1
498 3849 768 3904 discerent
803 3849 926 3903 MA
1064 3852 1096 3904 3
1135 3851 1425 3905 stultorum
1465 3850 1855 3906 abundantiam
1893 3867 1995 3905 om.
2036 3851 2091 3904 A
2233 3853 2269 3904 4
2308 3850 2550 3905 debitam
2585 3850 2663 3903 M

353 3938 387 3991 9
425 3939 798 4007 quaestionem
836 3938 1035 3993 habere
1075 3940 1192 3993 edd.
1343 3941 1405 3994 11
1449 3939 1743 4009 aliquando
1780 3940 1899 3994 falli
1938 3940 1993 3993 R
2131 3940 2199 3994 13
2236 3940 2475 4002 auderet,
2516 3954 2652 3993 corr.

351 4042 419 4080 m.
441 4032 472 4079 1
508 4025 725 4079 audiret
758 4027 816 4080 P
988 4028 1044 4081 in
1085 4028 1435 4099 sapientium]
1477 4028 1852 4099 insipientium
1888 4030 2096 4083 MP²V
2276 4030 2341 4083 16
2380 4028 2583 4082 olfatu·
2614 4028 2655 4092 (i

353 4113 518 4185 eras.)
567 4115 620 4169 V
792 4116 882 4169 uel
919 4122 1084 4185 gustu
1121 4118 1236 4171 PV
1265 4134 1441 4187 neque
1481 4124 1646 4188 gustu
1682 4119 1738 4173 R
1923 4120 1987 4172 18
2023 4118 2081 4172 id
2116 4118 2182 4171 in
2207 4118 2328 4188 fine
2363 4134 2419 4170 u.
2458 4132 2559 4170 om.
2597 4116 2655 4170 R

425 4218 610 4257 uerum
639 4203 748 4259 PR
858 4207 923 4259 19
963 4207 1103 4275 quia,
1141 4222 1210 4260 m.
1233 4210 1274 4261 2
1309 4222 1446 4261 corr.
1483 4207 1602 4261 uid.
1645 4206 1790 4277 quod
1816 4208 1889 4261 Pl
1928 4207 2072 4277 quod
2111 4206 2163 4259 V
2266 4206 2336 4260 20
2375 4204 2503 4275 quia
2528 4204 2653 4259 MA

356 4293 398 4357 (i
431 4294 722 4360 semirasa)
751 4293 809 4348 R
897 4294 968 4349 22
1006 4295 1248 4361 sentiret,
1287 4312 1424 4350 corr.
1466 4312 1533 4351 m.
1554 4302 1584 4349 1
1612 4298 1879 4351 sentirent
1908 4296 1981 4351 M
2064 4298 2136 4352 24
2170 4295 2531 4367 possiderent,
2557 4292 2655 4348 sed

353 4381 428 4435 ssi
465 4398 603 4437 eras.
645 4385 695 4434 A
841 4384 910 4438 25
951 4383 1230 4453 elegerent
1264 4384 1425 4456 (εἰσί)
1467 4384 1522 4437 A
1657 4388 1727 4441 26
1766 4385 2013 4451 sentiam,
2052 4403 2120 4441 m.
2145 4390 2185 4439 2
2220 4384 2546 4439 sententiam
2584 4381 2657 4435 M
