3184 4959
1192 459 1725 530 epistularum
1781 461 1977 516 XCIII.
2600 469 2727 533 459

429 651 713 734 scripsit:
771 651 976 731 ‘Quod
1050 654 1374 732 uolumus,
1424 657 1714 720 sanctum
1793 659 1954 721 est’?
2039 661 2106 722 et
2177 677 2343 723 nunc
2407 679 2530 724 non
2599 665 2732 724 erat

426 777 728 842 magnum
777 777 982 842 neque
1031 761 1289 826 difficile
1338 761 1734 827 considerare
1783 766 1974 846 atque
2015 765 2291 848 cogitare
2331 765 2729 831 Constantini

426 865 737 944 iudicium
804 871 992 948 atque
1059 869 1435 932 sententiam
1502 873 1720 933 contra
1781 888 1900 934 uos
1967 871 2204 954 uigere,
2272 891 2431 955 quae
2497 873 2729 937 uestris

426 973 775 1037 maioribus
824 973 1251 1039 Caecilianum
1300 974 1465 1057 apud
1514 975 1960 1058 imperatorem
2007 978 2242 1042 totiens
2283 979 2732 1044 accusantibus

342 1097 393 1139 τ»
432 1083 495 1142 et
548 1099 687 1152 non
728 1079 1249 1146 conuincentibus
1306 1080 1612 1146 aduersus
1669 1101 1786 1148 uos
1842 1085 2244 1167 promulgata
2299 1088 2418 1162 est,
2467 1104 2732 1167 eamque

428 1187 785 1252 necessario
878 1187 1060 1270 sequi
1154 1191 1396 1252 ceteros
1489 1189 1925 1270 imperatore&
2018 1190 2288 1254 maxime
2381 1190 2730 1256 catholicos

432 1291 847 1374 Christianos,
916 1295 1212 1376 quotiens
1280 1295 1359 1358 de
1426 1296 1610 1359 uobis
1677 1295 1918 1378 aliquid
1983 1315 2169 1380 agere
2225 1301 2478 1362 uestrae
2535 1298 2730 1362 obsti-

432 1399 702 1464 nationis
750 1401 1101 1466 necessitas
1151 1401 1345 1485 cogit.
2221 1389 2226 1394 ¹

260 1507 338 1567 15
486 1506 731 1572 'Facile
780 1511 913 1572 erat
956 1507 1085 1572 ista
1132 1507 1432 1590 cogitare,
1472 1511 1547 1571 ut
1594 1509 1778 1573 uobis
1827 1509 1984 1592 ipsis
2025 1508 2366 1592 aliquando
2407 1511 2728 1577 diceretis:

344 1643 395 1680 ιο
431 1611 521 1677 ‘Si
570 1612 966 1678 Caecilianus
1030 1615 1137 1678 uel
1203 1614 1503 1680 innocens
1567 1614 1695 1678 fuit
1766 1616 1872 1680 uel
1945 1633 2178 1680 nocens
2255 1616 2547 1681 conuinci
2611 1637 2730 1683 non

432 1721 661 1804 potuit,
728 1722 879 1803 quid
934 1721 997 1784 in
1056 1721 1177 1786 hoc
1242 1721 1497 1804 negotio
1562 1725 1694 1786 tam
1759 1723 1946 1807 longe
2007 1724 2264 1805 lateque
2331 1722 2562 1789 diffusa
2635 1743 2735 1789 so-

434 1829 629 1891 cietas
707 1827 1067 1892 Christiana
1138 1828 1471 1910 peccauit?
1538 1847 1651 1893 cur
1715 1829 1849 1893 orbi
1915 1829 2276 1895 Christiano
2351 1849 2473 1896 non
2546 1830 2736 1895 licuit

434 1933 738 2017 ignorare,
789 1933 959 2016 quod
1005 1951 1127 1998 non
1172 1937 1535 2016 potuerunt,
1586 1936 1694 2018 qui
1743 1939 2220 2012 accusauerant,
2259 1937 2733 2001 demonstrare?

434 2058 545 2104 cur
607 2040 723 2107 illi,
792 2059 951 2122 quos
1027 2041 1318 2106 Christus
1380 2042 1443 2104 in
1513 2059 1662 2125 agro
1721 2059 1858 2116 suo,
1915 2041 1980 2105 id
2037 2045 2140 2106 est
2191 2043 2256 2107 in
2313 2043 2434 2108 hoc
2497 2043 2732 2109 mundo

350 2177 399 2219 25
436 2146 775 2210 seminauit
832 2148 895 2210 et
946 2147 1113 2210 inter
1168 2147 1405 2210 zizania
1470 2166 1750 2212 crescere
1815 2153 2024 2230 usque
2083 2148 2162 2212 ad
2225 2167 2502 2214 messem
2557 2169 2734 2231 prae-

436 2251 625 2334 cepit,
691 2270 805 2317 cur
866 2255 965 2318 tot
1026 2251 1205 2316 milia
1266 2251 1549 2317 fidelium
1605 2254 1668 2318 in
1729 2255 2022 2318 omnibns
2090 2255 2406 2340 gentibus,
2465 2255 2734 2337 quorum

434 2359 907 2424 multitudinem
976 2359 1181 2423 stellis
1248 2360 1407 2424 caeli
1474 2363 1539 2424 et
1602 2359 1870 2425 harenae
1935 2361 2129 2426 maris
2197 2363 2492 2427 dominus
2567 2380 2734 2427 com-

431 2467 701 2547 parauit,
768 2483 927 2547 quos
990 2465 1053 2530 in
1130 2467 1370 2530 semine
1433 2467 2241 2545 Abrahaessbenedicendos
2306 2466 2604 2551 promisit
2671 2472 2738 2533 et

434 2570 726 2649 reddidit,
796 2575 1131 2654 propterea
1202 2576 1515 2656 negantur
1592 2593 1734 2638 esse
1811 2574 2172 2654 Christiani,
2251 2575 2400 2655 quia
2471 2574 2534 2638 in
2619 2575 2736 2640 hac

344 2715 396 2753 20
436 2697 645 2756 causa,
711 2681 774 2743 in
843 2697 969 2763 qua
1024 2679 1426 2744 discutienda
1480 2700 1602 2745 non
1658 2679 2101 2762 interfuerunt,
2149 2681 2472 2746 iudicibus
2517 2681 2734 2762 potius

434 2805 551 2850 suo
617 2785 903 2868 periculo
969 2785 1401 2850 iudicantibus
1467 2805 1657 2868 quam
1725 2787 1918 2852 uictis
1982 2787 2414 2871 litigatoribus
2486 2787 2736 2852 credere

432 2893 835 2956 maluerunt?
912 2895 1083 2958 certe
1156 2893 1399 2957 nullius
1474 2894 1710 2958 crimen
1777 2895 2058 2959 maculat
2121 2895 2529 2959 nescientem.
2609 2912 2736 2976 quo

434 2999 621 3064 modo
684 2999 906 3064 fideles
962 3002 1099 3064 toto
1139 3000 1305 3065 'orbe
1362 3000 1579 3065 diffusi
1638 3001 1872 3065 crimen
1929 3001 2307 3065 traditorum
2355 3019 2736 3084 cognoscere

432 3109 745 3188 poterant,
822 3106 991 3188 quod
1064 3111 1487 3185 accusatores,
1564 3106 1756 3172 etiam
1833 3107 1889 3172 si
1964 3111 2288 3185 nouerant,
2365 3111 2574 3171 tamen
2643 3107 2734 3171 eis

345 3247 397 3284 25
437 3212 765 3276 ostendere
830 3230 952 3276 non
1010 3211 1353 3277 ualebant?
1399 3212 1517 3277 hos
1566 3231 1714 3296 ergo
1765 3214 1841 3277 ab
1889 3213 2009 3277 hoc
2059 3212 2322 3277 crimine
2367 3212 2736 3277 innocentes

438 3339 577 3384 esse
624 3338 847 3401 nempe
894 3318 1034 3402 ipsa
1076 3318 1433 3403 ignorantia
1477 3318 1778 3384 facillime
1827 3319 2124 3384 ostendit.
2193 3339 2304 3384 cur
2359 3338 2506 3403 ergo
2563 3319 2737 3382 inno-

438 3430 651 3492 centes
708 3427 889 3518 falsis
946 3425 1317 3490 criminibus
1376 3428 1775 3500 accusantur,
1836 3427 1984 3509 quia
2041 3426 2304 3490 crimina
2358 3425 2562 3490 aliena
2621 3445 2732 3489 seu

621 3619 685 3670 14
723 3617 921 3672 Matth.
967 3619 1050 3678 13,
1091 3617 1305 3670 24—30
1419 3618 1483 3671 16
1522 3615 1656 3670 Gen.
1697 3618 1782 3679 22,
1829 3617 2035 3670 17-18

511 3743 541 3794 3
582 3743 785 3811 uigere,
824 3759 892 3795 m.
920 3746 943 3793 1
976 3757 1153 3810 supra
1188 3741 1217 3794 ἒ
1254 3742 1437 3796 uiuere
1474 3740 1531 3794 R
1570 3741 1754 3794 uiuere
1795 3740 1866 3792 M
1902 3745 2062 3804 (corr.
2102 3757 2169 3793 m.
2199 3746 2264 3793 ut
2299 3739 2413 3794 uid.
2461 3743 2486 3791 1
2529 3740 2734 3809 uigere)

438 3829 704 3884 ACPNL
884 3833 916 3883 5
974 3829 1451 3884 conuincaentibus
1490 3829 1628 3899 (fu-it
1663 3829 1705 3895 i)
1745 3829 1816 3882 M
2012 3845 2114 3898 que
2163 3844 2264 3882 om.
2312 3827 2745 3897 MACPLaef

438 3923 471 3972 9
510 3919 617 3973 erit
654 3923 701 3971 A
884 3917 1035 3972 istud
1072 3918 1128 3972 R
1283 3919 1351 3972 lo
1388 3917 1495 3972 fuit
1532 3918 1624 3971 uel
1659 3918 1918 3972 innocens
1955 3917 2046 3970 uel
2085 3933 2284 3970 nocens
2323 3917 2568 3970 conuinci
2607 3917 2736 3984 (fuit

440 4007 540 4064 del.
580 4025 648 4061 m.
672 4011 731 4072 2)
771 4008 827 4061 P
860 4007 947 4060 uel
987 4008 1243 4060 innocens
1281 4007 1370 4060 uel
1407 4022 1607 4060 nocens
1644 4005 1754 4059 fuit
1791 4009 1848 4060 et
1884 4006 2132 4061 conuinci
2171 4005 2220 4058 L
2379 4007 2444 4058 13
2485 4006 2575 4074 qui
2615 4023 2735 4072 om„

436 4115 503 4152 m.
526 4103 555 4151 1
590 4099 667 4166 (ἓ)
708 4097 839 4151 add.
878 4097 953 4150 M
1073 4097 1137 4149 15
1174 4097 1319 4150 intra
1356 4096 1409 4148 L
1534 4097 1600 4150 19
1639 4095 1920 4150 christiani
1959 4111 2076 4148 esse
2112 4095 2169 4150 R
2287 4095 2350 4146 21
2396 4093 2734 4162 ligatoribu8‚

438 4191 563 4240 m.2
600 4185 971 4255 litigatoribus
1008 4187 1063 4238 P
1169 4187 1239 4238 22
1276 4184 1538 4248 maculae,
1575 4199 1716 4238 corr.
1753 4202 1821 4238 m.
1843 4189 1874 4236 1
1913 4184 2152 4238 maculat
2187 4181 2250 4236 N
2387 4182 2735 4236 nescientem

440 4281 493 4343 (e
539 4292 605 4330 ex
650 4291 788 4330 corr.
838 4279 887 4328 et
930 4289 1075 4338 ras.,·
1109 4273 1293 4341 fuisse
1334 4272 1453 4326 uid.
1504 4277 1582 4340 es)
1633 4271 1700 4325 N
1871 4273 1940 4326 23
1985 4270 2179 4332 fidelis,
2237 4285 2376 4324 corr.
2435 4269 2621 4324 fideles
2667 4271 2741 4324 Μ

438 4367 507 4418 '25
546 4364 821 4418 innocens.
858 4379 926 4416 m.
950 4367 991 4415 2
1028 4364 1343 4417 innocentes
1380 4361 1456 4415 M
