3184 4959
350 1791 387 1857 3

1220 439 1247 474 e
1268 423 1387 491 pis
1408 425 1435 476 t
1454 421 1579 474 ula
1599 439 1626 476 r
1647 439 1678 474 u
1701 439 1752 476 m
1810 422 2126 476 LXXXVII.
2661 429 2790 492 399

486 617 595 699 qui
660 617 827 698 apud
892 616 1263 700 prophetam
1322 617 1718 681 Ezechielem
1787 621 1850 682 et
1905 623 2048 684 ante
2107 619 2530 686 uastationem
2587 621 2788 704 perdi-

482 729 696 790 torum
774 724 1008 808 signari
1072 728 1439 789 meruerunt
1506 727 1589 802 et,
1660 743 1806 790 cum
1872 726 1968 790 illi
2033 729 2454 804 uastarentur,
2521 727 2788 792 euadere

481 831 730 908 inlaesi,
777 831 921 908 nisi,
969 833 1045 896 ut
1090 831 1179 896 ibi
1226 832 1748 898 manifestissime
1797 833 2172 911 ostenditur,
2222 833 2330 916 qui
2386 837 2668 899 maerent
2725 839 2788 898 et

485 939 747 1022 gemunt
793 941 1055 1021 peccata
1103 943 1170 1004 et
1213 939 1584 1022 iniquitates
1632 940 1852 1024 populi
1900 940 2024 1018 dei,
2072 959 2234 1022 quae
2281 939 2442 1004 fiunt
2476 940 2538 1004 in
2577 941 2786 1006 medio

424 1069 449 1108 5
486 1050 745 1110 eorum?
796 1047 937 1130 quis
987 1050 1219 1124 autem,
1272 1045 1441 1129 quod
1488 1047 1757 1132 ignorat,
1798 1047 2000 1132 gemit
2037 1051 2104 1111 et
2137 1049 2416 1112 maeret?
2455 1066 2528 1111 ex
2566 1047 2784 1112 eadem

482 1153 725 1218 ratione
802 1155 993 1218 etiam
1058 1155 1303 1220 Paulus
1382 1155 1712 1237 apostolus
1779 1154 1976 1220 falsos
2041 1154 2264 1219 fratres
2331 1153 2586 1228 tolerat;
2663 1172 2782 1218 non

484 1259 647 1324 enim
698 1260 775 1324 de
824 1261 1167 1344 incognitis
1206 1261 1327 1325 ait:
1380 1260 1667 1326 Omnes
1717 1262 1920 1326 enim
1971 1279 2116 1325 sua
2162 1265 2585 1344 quaerunt,
2633 1279 2782 1324 nou

484 1385 682 1448 quae
748 1369 935 1432 Iesu
1004 1367 1339 1446 Christi,
1407 1387 1566 1451 quos
1625 1372 1834 1433 tamen
1883 1387 2104 1434 secum
2149 1367 2350 1434 fuisse
2397 1368 2780 1434 manifestat.

482 1492 551 1536 ex
608 1493 731 1556 quo
792 1479 1004 1540 autem
1063 1495 1287 1560 genere
1335 1479 1506 1554 sunt,
1556 1477 1666 1558 qui
1713 1477 1816 1541 uel
1863 1475 2180 1541 turificare
2227 1475 2416 1541 idolis
2463 1475 2572 1540 uel
2617 1475 2782 1540 codi-

394 1603 446 1643 10
483 1599 588 1644 ces
638 1580 889 1647 diuinos
936 1583 1181 1648 tradere
1228 1604 1419 1666 quam
1465 1583 1627 1648 mori
1673 1584 2054 1664 maluerunt,
2103 1583 2226 1648 nisi
2275 1603 2346 1648 ex
2395 1601 2632 1661 eorum,
2673 1583 2780 1664 qui

482 1707 629 1752 sua
678 1694 1098 1771 quaerunt,
1146 1709 1293 1755 non
1344 1710 1541 1774 quae
1588 1693 1774 1756 Iesu
1825 1690 2188 1756 Christi?

568 1795 777 1860 Multa
848 1797 1215 1862 testimonia
1288 1799 1740 1882 scripturarum
1817 1801 2163 1881 praetereo,
2246 1817 2324 1864 ne
2405 1795 2778 1882 longiorem.

481 1921 671 1984 quam
716 1922 977 1968 necesse
1026 1907 1142 1982 est,
1193 1905 1533 1988 epistulam
1580 1905 1829 1984 faciam,
1879 1909 1944 1970 et
1998 1904 2338 1970 eruditioni
2394 1906 2542 1969 tuae
2596 1904 2778 1988 plura

477 2027 589 2091 per
650 2012 715 2074 te
780 2011 992 2093 ipsum
1061 2012 1513 2078 consideranda
1566 2013 1888 2097 permitto.
1958 2012 2126 2096 quod
2181 2015 2390 2076 tamen
2449 2011 2606 2076 satis
2657 2015 2774 2086 est,

394 2137 441 2174 1⁵
478 2115 645 2196 uide,
715 2117 997 2185 obsecr0.
1076 2119 1133 2184 si
1194 2123 1327 2184 tam
1391 2120 1580 2185 multi
1647 2120 1847 2203 iniqui
1902 2120 1966 2184 in
2023 2137 2147 2186 uno
2203 2118 2439 2202 populo
2497 2117 2599 2182 dei
2646 2135 2774 2192 eoS,

480 2224 613 2305 qui
680 2243 813 2290 eos
882 2228 1587 2306 contestabantur,
1645 2247 1767 2293 non
1814 2227 2102 2292 fecerunt
2145 2226 2329 2303 taleS,
2380 2225 2600 2307 quales
2648 2223 2773 2306 ipsi

478 2334 669 2408 erant,
720 2334 774 2397 si
820 2334 1167 2398 multitudo
1232 2335 1345 2398 illa
1407 2335 1713 2400 falsorum
1777 2333 2044 2398 fratrum
2101 2333 2461 2414 apostolum
2501 2331 2772 2396 Paulum

477 2437 538 2501 in
584 2457 711 2503 una
759 2459 903 2504 cum
944 2441 1035 2506 eis
1075 2441 1345 2507 ecclesia
1382 2443 1802 2507 constitutum
1841 2461 1962 2506 non
2001 2441 2157 2505 fecit
2192 2459 2310 2505 sua
2347 2440 2770 2520 quaerentem,

474 2563 596 2610 non
664 2567 823 2628 quae
876 2551 1021 2613 Iesu
1082 2549 1338 2628 Christi,
1398 2549 1806 2615 manifestum
1865 2553 1964 2614 est
2019 2565 2140 2613 non
2188 2548 2312 2612 hoc
2358 2544 2524 2612 effici
2571 2545 2772 2609 homi-

386 2671 439 2710 κο
474 2671 637 2734 nem,
705 2655 874 2738 quod
940 2659 1039 2720 est
1101 2657 1311 2722 malus
1368 2657 1724 2739 quisquam,
1783 2675 1927 2722 oum
1987 2675 2112 2738 quo
2161 2654 2238 2718 ad
2287 2654 2484 2720 altare
2533 2651 2768 2718 Christi

474 2761 817 2841 acceditur,
866 2764 1055 2829 etiam
1108 2767 1163 2829 si
1208 2785 1332 2829 non
1384 2765 1469 2828 sit
1514 2763 1902 2848 incognitus,
1953 2761 2009 2826 si
2063 2764 2312 2828 tantum
2369 2779 2490 2824 non
2549 2758 2766 2842 adpro-

470 2867 657 2933 betur
704 2873 767 2934 et
813 2891 849 2935 a
895 2872 1057 2937 bona
1104 2871 1489 2937 conscientia
1530 2871 1922 2953 displicendo
1964 2873 2308 2952 separetur.
2356 2867 2764 2934 manifestum

468 2981 567 3042 est
610 2978 809 3062 igitur
854 2998 976 3045 non
1026 2997 1165 3042 esse
1214 2979 1387 3044 aliud
1436 2997 1579 3043 cum
1631 2977 1766 3043 fure
1816 2995 2184 3043 concurrere
2231 2975 2353 3040 nisi
2410 2975 2514 3040 uel
2569 2973 2765 3038 furari

467 3101 611 3148 cum
687 3105 759 3150 eo
825 3086 931 3151 uel
996 3085 1234 3152 furtum
1301 3085 1437 3150 eius
1505 3084 1712 3150 cordis
1777 3084 2014 3166 placito
2082 3082 2382 3166 accipere.
2461 3082 2584 3148 hoc
2647 3099 2762 3146 nos

642 3365 667 3418 1
710 3363 904 3420 Ezech.
943 3367 993 3425 9,
1031 3366 1173 3420 4—6
1308 3367 1337 3418 ’ἲ
1378 3365 1517 3419 Phil.
1555 3366 1607 3428 2,
1645 3365 1710 3419 21
1849 3365 1912 3418 15
1951 3363 2005 3416 Π
2043 3361 2196 3417 Esdr.
2237 3365 2288 3430 9,
2328 3363 2396 3418 26
2531 3361 2592 3414 17
2637 3358 2755 3414 Gal.

460 3455 511 3518 2,
550 3455 610 3518 4;
648 3453 704 3507 11
743 3453 863 3511 Cor.
906 3454 988 3518 11,
1030 3456 1097 3508 26
1208 3456 1275 3509 23
1316 3455 1402 3511 Pe.
1441 3456 1526 3519 49,
1572 3455 1637 3508 18

530 3615 561 3668 :3
600 3617 663 3667 ut
697 3614 797 3686 ibi]
842 3615 935 3670 ubi
970 3615 1260 3670 MFAPa
1300 3615 1444 3685 quod
1478 3615 1557 3668 ibi
1594 3615 1650 3672 R
1796 3618 1828 3670 5
1865 3615 2096 3685 gemitct
2135 3617 2191 3668 et
2226 3613 2356 3684 ΜΕ
2387 3615 2572 3682 gemet
2609 3615 2666 3664 et
2707 3615 2752 3662 Α

456 3705 489 3758 6
528 3720 633 3757 non
674 3703 1209 3759 enim—manifestat
1243 3721 1345 3759 om.
1385 3705 1439 3758 A
1624 3706 1684 3759 ll
1729 3721 1866 3773 quae
1905 3720 2080 3762 mmm
2242 3703 2308 3756 14
2344 3717 2441 3771 per
2478 3716 2601 3766 σπι,
2636 3717 2704 3752 m.
2732 3703 2756 3750 1

457 3793 589 3847 add.
628 3792 687 3846 F
827 3812 901 3858 ee,
940 3801 1065 3852 m.2
1104 3811 1219 3850 esse
1257 3795 1312 3848 P
1420 3796 1485 3850 15
1526 3793 1686 3849 uideo
1715 3793 1951 3848 MFAP
2091 3809 2184 3847 eos
2220 3791 2314 3862 qui
2352 3807 2443 3844 eos
2483 3793 2754 3843 contesta-

453 3881 651 3936 bantur
696 3883 894 3952 scm‘psi
940 3885 1003 3938 cl,
1052 3885 1131 3938 II
1168 3883 1336 3940 Esdr.
1390 3887 1439 3948 9,
1490 3887 1599 3951 26,·
1645 3901 1736 3938 eos
1786 3882 2234 3937 contestabantur
2279 3880 2438 3936 codd.
2490 3895 2580 3932 eos
2619 3895 2753 3948 quos

452 3971 901 4028 contestabantur
940 3991 1027 4027 ac
1063 3991 1153 4028 eos
1202 3975 1293 4042 qui
1340 3991 1399 4028 se
1446 3973 1896 4028 contestabantur
1925 3973 2044 4040 flr
2091 3989 2180 4026 eos
2219 3971 2309 4040 qui
2350 3985 2532 4023 secum
2567 3983 2752 4020 uersa-

449 4060 647 4117 bantur
684 4079 735 4116 m
822 4063 885 4116 17
925 4063 1101 4132 erant]
1142 4062 1359 4117 suerunt
1394 4063 1470 4118 M
1550 4063 1616 4116 18
1654 4079 1752 4116 sua.
1789 4065 2104 4131 querentem
2141 4060 2275 4114 fecit
2308 4057 2482 4127 siquis
2518 4071 2654 4112 corr.
2683 4053 2760 4108 M

452 4153 517 4206 19
563 4169 671 4206 non
720 4152 879 4222 quae]
928 4151 1025 4208 sed
1072 4167 1210 4222 quae
1258 4151 1383 4207 MR
1518 4171 1521 4174 ·
1601 4151 1892 4214 hominem,
1938 4153 2070 4204 m.2
2116 4148 2388 4204 hominem
2433 4145 2636 4200 malum
2683 4144 2758 4198 M

446 4241 517 4295 22
556 4241 957 4296 conscien1.;·.1tia
994 4244 1129 4306 (ras.
1168 4245 1311 4295 1—2
1348 4242 1405 4309 l.)
1442 4241 1497 4296 P
1603 4242 1672 4298 23
1711 4257 1820 4294 non
1859 4257 1976 4294 esse
2014 4239 2186 4308 igitur
2220 4237 2274 4290 A
2391 4235 2530 4305 fure]
2571 4234 2750 4290 furore

446 4335 524 4401 (ro
564 4330 705 4400 αιῬ.)
743 4330 817 4383 Μ
920 4332 987 4384 24
1028 4331 1395 4384 furtum¹tum
1436 4331 1489 4384 A
