3184 4959
504 457 634 520 484
1234 453 1287 508 S.
1344 453 1617 506 Aureli
1670 453 2106 523 Augustini

510 650 786 715 sensisse
857 649 1163 728 recitatis,
1240 650 1354 714 aut
1422 647 1545 714 hoc
1609 651 1836 730 postea
1902 648 2168 714 correxit
2232 649 2296 712 in
2363 649 2588 734 regula
2650 649 2816 714 ueri·

506 757 661 822 tatis
746 759 861 821 aut
949 756 1115 820 hunc
1210 757 1394 838 quasi
1477 774 1753 820 naeuum
1838 756 1941 820 sui
2024 754 2459 820 candidissimi
2537 755 2818 838 pectoris

510 865 839 948 cooperuit
902 863 1093 928 ubere
1149 863 1454 941 caritatis,
1524 863 1676 929 dum
1731 863 2046 928 unitatem
2106 863 2415 929 ecclesiae
2470 865 2606 928 toto
2666 862 2818 927 orbe

509 971 851 1038 crescentis
901 974 968 1035 et
1012 970 1455 1055 copiosissime
1494 970 1777 1035 defendit
1824 973 1888 1034 et
1931 969 2564 1052 perseuerantissime
2611 969 2824 1034 tenuit

508 1079 842 1144 uinculum
910 1077 1115 1161 pacis;
1198 1078 1506 1160 scriptum
1587 1081 1685 1142 est
1760 1077 1958 1142 enim:
2037 1076 2362 1142 Caritas
2439 1077 2822 1160 cooperit
2887 1098 2921 1137 5

510 1185 1134 1251 multitudinem
1207 1188 1752 1268 peccatorum.
1839 1183 2110 1248 accessit
2173 1183 2302 1248 huc
2368 1183 2581 1262 etiam,
2649 1182 2824 1264 quod

510 1295 836 1376 tamquam
896 1301 1283 1356 sarmentum
1348 1291 1960 1368 fructuosissimum,
2029 1291 2084 1355 si
2142 1291 2294 1374 quid
2350 1291 2415 1355 in
2472 1309 2544 1356 eo
2614 1290 2825 1354 fuerat

514 1398 995 1474 emendandum,
1062 1399 1364 1484 purgauit
1426 1402 1608 1480 pater
1669 1399 1832 1463 falce
1897 1398 2246 1482 passionis:
2315 1395 2826 1463 Sarmentum

515 1506 742 1581 enim,
800 1507 891 1570 ait
946 1504 1259 1583 dominuS,
1318 1505 1525 1587 quod
1581 1505 1660 1570 in
1714 1524 1831 1570 me
1892 1505 2027 1582 dat
2079 1505 2466 1582 fructum,
2521 1505 2824 1587 purgat

514 1613 727 1679 illud
802 1616 1037 1696 pater
1108 1630 1350 1690 meuS,
1435 1615 1524 1677 ut
1597 1611 1980 1677 maiorem
2045 1611 2411 1676 fructum
2478 1610 2820 1675 adferat.
2865 1633 2926 1672 ιο

514 1718 703 1798 unde,
740 1719 863 1784 nisi
904 1719 1053 1800 quia
1088 1719 1351 1783 haerens
1388 1718 1455 1781 in
1496 1718 1832 1782 diffusione
1868 1718 2024 1783 uitis
2063 1717 2341 1783 radicem
2380 1737 2504 1782 non
2542 1715 2826 1780 deseruit

515 1825 825 1890 unitatis?
871 1845 1016 1890 nam
1058 1825 1181 1889 etsi
1226 1825 1502 1889 traderet
1540 1843 1770 1908 corpus
1810 1843 2023 1903 suum,
2070 1828 2146 1889 ut
2185 1823 2450 1903 arderet,
2492 1823 2824 1889 caritatem

518 1935 733 1997 autem
780 1952 901 1996 non
947 1932 1227 2006 haberet,
1276 1932 1436 1996 nihil
1484 1932 1542 1995 ei
1589 1931 1945 2016 prodesset.

413 2033 492 2095 41
606 2038 898 2103 Adtende
948 2038 1153 2102 adhuc
1210 2037 1544 2121 paululum
1591 2039 1655 2101 in
1711 2037 1960 2103 litteras
2009 2037 2328 2121 Cypriani,
2387 2038 2461 2101 ut
2507 2035 2821 2112 aduertas,

521 2165 709 2227 quam
774 2144 1270 2210 inexcusabilem
1336 2144 1708 2223 ostenderit,
1778 2144 1889 2227 qui
1955 2163 2023 2208 se
2087 2143 2368 2209 uoluerit
2433 2142 2510 2207 ab
2575 2141 2822 2206 unitate
2865 2165 2930 2207 ιε

522 2251 849 2330 ecclesiae,
899 2270 1091 2333 quam
1128 2250 1285 2315 deus
1324 2249 1385 2314 in
1418 2250 1713 2316 omnibus
1753 2250 2054 2334 gentibus
2095 2249 2393 2333 promisit
2428 2253 2492 2313 et
2527 2247 2826 2324 reddidit,

525 2359 707 2442 quasi
786 2358 1074 2423 iustitiae
1149 2375 1303 2422 suae
1378 2375 1571 2421 causa
1655 2376 1962 2440 separare,
2045 2355 2380 2440 magisque
2463 2355 2826 2438 intellegas,

525 2484 711 2547 quam
788 2465 875 2528 sit
936 2481 1089 2528 uera
1162 2462 1477 2528 sententia
1548 2463 1739 2546 paulo
1817 2466 1963 2528 ante
2030 2482 2066 2527 a
2137 2482 2239 2526 me
2305 2464 2827 2526 commemorata:

524 2571 771 2636 Filius
847 2571 1089 2635 malus
1162 2571 1328 2653 ipse
1403 2589 1480 2634 se
1561 2571 1846 2634 iustum
1925 2569 2134 2646 dicit,
2221 2567 2502 2633 exitum
2579 2569 2825 2632 autem

527 2698 739 2744 suum
804 2696 943 2742 non
1019 2675 1284 2742 abluit.
1360 2677 1545 2759 ponit
1606 2677 1670 2741 in
1737 2676 2011 2758 quadam
2078 2674 2353 2757 epistula
2423 2693 2560 2751 sua,
2637 2691 2938 2756 quameo

528 2785 750 2848 scribit
796 2783 873 2847 ad
918 2781 1368 2858 Antonianum,
1430 2801 1563 2846 rem
1613 2782 1928 2864 quandam
1977 2780 2134 2846 satis
2188 2781 2299 2860 rei,
2350 2781 2426 2846 de
2483 2801 2610 2864 qua
2661 2798 2832 2844 nunc

528 2891 798 2974 agimus,
848 2889 1297 2962 necessariamz
1357 2889 1468 2953 sed
1516 2889 1749 2953 melius
1797 2888 1995 2952 uerba
2041 2887 2179 2951 eius
2226 2887 2590 2953 inserimus.
2639 2890 2831 2952 ‘ante-

530 2997 854 3072 cessores’,
902 2995 1131 3077 inquit,
1190 2995 1406 3059 ‘nostri
1473 2995 1730 3077 quidam
1799 2995 2081 3078 episcopi
2153 2995 2305 3061 istic
2367 2995 2432 3060 in
2502 2993 2834 3078 prouincia

529 3107 745 3167 nostra
809 3103 1076 3166 dandam
1150 3120 1369 3183 pacem
1445 3102 1728 3167 moechis
1804 3085 1926 3168 non
2001 3105 2408 3185 putauerunt,
2481 3103 2547 3166 in
2621 3105 2830 3167 totum

712 3349 743 3400 5
783 3346 810 3399 I
846 3347 992 3400 Petr.
1030 3347 1081 3408 4,
1122 3346 1155 3399 8
1283 3345 1317 3398 8
1355 3345 1474 3403 1011.
1514 3346 1602 3410 15,
1643 3347 1676 3399 2
1801 3347 1866 3400 12
1904 3347 1933 3400 Ι
1971 3347 2091 3402 Cor.
2133 3348 2219 3410 13,
2259 3349 2292 3402 3
2405 3347 2469 3401 18
2509 3365 2560 3416 p.
2598 3346 2723 3414 482,
2763 3347 2832 3402 13

534 3437 729 3505 22—p.
766 3435 889 3497 485,
930 3435 963 3489 8
1004 3434 1159 3504 Cypr.
1200 3451 1283 3505 ep.
1323 3437 1393 3490 55
1432 3451 1475 3489 c.
1515 3436 1581 3489 21
1625 3453 1675 3505 p.
1718 3435 1839 3501 638,
1877 3436 2148 3504 23—639,
2185 3437 2217 3490 7
2256 3435 2338 3491 ed.
2377 3435 2588 3490 Hartel.

609 3562 633 3614 1
678 3561 733 3614 in
762 3559 1004 3629 regulam
1041 3558 1095 3612 L
1202 3561 1235 3613 2
1273 3559 1374 3614 hoc
1403 3560 1458 3614 L
1567 3559 1722 3628 quasi
1758 3559 1815 3612 in
1853 3560 1892 3626 (i
1923 3565 2064 3630 exp.)
2104 3576 2296 3614 aeuum
2325 3562 2378 3626 (a
2404 3559 2544 3629 exp.)
2569 3559 2646 3614 M
2677 3559 2834 3629 quani

534 3651 587 3704 in
630 3665 823 3703 aeuum
864 3649 918 3701 A
956 3665 1089 3718 quas
1129 3651 1279 3716 (m.2
1316 3651 1493 3719 quasi)
1534 3647 1754 3702 ineuum
1799 3648 1846 3701 0
2021 3648 2054 3702 3
2093 3647 2218 3702 dum
2259 3649 2312 3701 in
2355 3649 2568 3703 unitate
2606 3647 2658 3702 L
2705 3647 2836 3702 dum

537 3739 788 3804 imitate,
816 3754 885 3792 m.
909 3743 939 3790 1
980 3753 1115 3792 corr.
1148 3736 1274 3790 dum
1303 3738 1359 3791 in
1390 3738 1601 3791 unitate
1631 3737 1696 3790 N
1718 3736 1845 3790 dum
1873 3737 2078 3790 inuitat
2103 3737 2231 3790 MA
2341 3740 2372 3792 5
2405 3737 2685 3807 cooperuit
2709 3736 2840 3792 MR

546 3829 609 3883 10
645 3828 879 3881 fructum
916 3827 1175 3880 maiorem
1204 3827 1261 3882 R
1364 3827 1423 3880 11
1466 3826 1689 3892 heretis,
1727 3843 1795 3879 m.
1819 3828 1858 3878 2
1894 3825 2159 3880 adherens
2189 3825 2242 3879 L
2345 3826 2410 3880 13
2439 3828 2619 3880 autem
2651 3843 2752 3880 om.
2785 3826 2848 3879 P

544 3919 610 3971 14
644 3916 848 3971 litteris
886 3915 951 3968 N
1090 3919 1154 3968 ut
1192 3915 1596 3969 animaduertas
1635 3914 1690 3968 R
1803 3917 1867 3970 15
1908 3917 2272 3985 quaquuam
2311 3915 2365 3968 A
2511 3915 2838 3985 ostenderit]

541 4021 597 4058 se
636 4005 878 4059 ostendit
914 4003 968 4057 L
1116 4005 1181 4057 16
1217 4003 1399 4057 reddit
1436 4001 1630 4056 MAN
1770 4003 1836 4059 18
1875 4008 2306 4068 commemorato,
2343 4021 2412 4058 m.
2435 4007 2476 4057 2
2512 4017 2840 4057 commemo-

540 4102 659 4148 rata
688 4085 751 4148 ‘P
858 4095 923 4148 19
962 4093 1165 4147 iustum
1202 4109 1259 4148 se
1296 4092 1353 4148 R
1461 4095 1525 4147 21
1568 4093 1788 4162 scripsit
1825 4093 1944 4147 edd.
2091 4095 2169 4147 rei
2207 4092 2343 4146 satis
2381 4094 2436 4148 R
2545 4093 2614 4146 22
2651 4107 2842 4147 neces-

544 4185 739 4236 sarium
783 4183 855 4236 M
997 4183 1113 4236 eius
1151 4181 1320 4238 uerba
1356 4181 1477 4236 edd.
1579 4183 1648 4237 23
1690 4182 1951 4253 episcopi]
1991 4181 2056 4236 de
2095 4183 2363 4252 episcopis
2400 4181 2522 4236 edd.
2551 4187 2844 4250 praetera

542 4289 642 4327 sec.
688 4273 850 4342 Cypr.
1009 4273 1104 4326 isti
1142 4271 1196 4325 in
1234 4272 1288 4324 A
1327 4272 1381 4325 in
1421 4271 1530 4326 ista
1564 4271 1621 4326 R
1765 4273 1835 4326 24
1871 4272 2134 4342 moechis]
2173 4271 2367 4325 mediis
2403 4273 2460 4325 A
2621 4273 2700 4341 in]
2741 4271 2844 4326 sed

544 4362 601 4415 in
638 4361 741 4414 PL
764 4379 799 4412 a
840 4366 893 4414 et
931 4363 985 4416 in
1025 4367 1143 4416 cett.
1185 4361 1305 4415 edd.
1344 4377 1442 4415 sec.
1490 4359 1652 4430 prr.
1779 4377 1944 4429 super
1978 4363 2158 4415 totum
2195 4377 2263 4415 m.
2289 4365 2327 4414 2
2361 4360 2389 4413 λ’
2425 4361 2642 4415 omnino
2679 4359 2736 4414 P
