<?xml version="1.0" encoding="UTF-8"?>
<!DOCTYPE html PUBLIC "-//W3C//DTD XHTML 1.0 Transitional//EN"
    "http://www.w3.org/TR/xhtml1/DTD/xhtml1-transitional.dtd">
<html xmlns="http://www.w3.org/1999/xhtml" xml:lang="en" lang="en">
 <head>
  <title>
</title>
<meta http-equiv="Content-Type" content="text/html;charset=utf-8" />
  <meta name='ocr-system' content='tesseract 3.04.00' />
  <meta name='ocr-capabilities' content='ocr_page ocr_carea ocr_par ocr_line ocrx_word'/>
</head>
<body>
  <div class='ocr_page' id='page_1' title='image "./corpusscriptoru26wiengoog_0730.png"; bbox 0 0 3184 4959; ppageno 0'>
   <div class='ocr_carea' id='block_1_1' title="bbox 615 389 2189 459">
    <p class='ocr_par' dir='ltr' id='par_1_1' title="bbox 615 389 2189 459">
     <span class='ocr_line' id='line_1_1' title="bbox 615 389 2189 459; baseline -0.008 -4"><span class='ocrx_word' id='word_1_1' title='bbox 615 393 744 455; x_wconf 84' lang='lat'>704</span> <span class='ocrx_word' id='word_1_2' title='bbox 1315 391 1367 445; x_wconf 86' lang='lat' dir='ltr'>S.</span> <span class='ocrx_word' id='word_1_3' title='bbox 1423 389 1701 445; x_wconf 84' lang='lat' dir='ltr'>Aureli</span> <span class='ocrx_word' id='word_1_4' title='bbox 1756 390 2189 459; x_wconf 75' lang='lat' dir='ltr'><strong>Augustini</strong></span> 
     </span>
    </p>
   </div>
   <div class='ocr_carea' id='block_1_2' title="bbox 609 585 3080 2059">
    <p class='ocr_par' dir='ltr' id='par_1_2' title="bbox 609 585 3080 2059">
     <span class='ocr_line' id='line_1_2' title="bbox 611 585 2887 669; baseline -0 -17"><span class='ocrx_word' id='word_1_5' title='bbox 611 590 788 653; x_wconf 83' lang='lat' dir='ltr'>sunt:</span> <span class='ocrx_word' id='word_1_6' title='bbox 856 587 1169 668; x_wconf 83' lang='lat' dir='ltr'>‘Placuit&#39;‚</span> <span class='ocrx_word' id='word_1_7' title='bbox 1234 586 1512 668; x_wconf 81' lang='lat' dir='ltr'>inquam,</span> <span class='ocrx_word' id='word_1_8' title='bbox 1578 586 2009 651; x_wconf 78' lang='lat' dir='ltr'>‘fluctuantem</span> <span class='ocrx_word' id='word_1_9' title='bbox 2082 585 2231 650; x_wconf 86' lang='lat' dir='ltr'>fidei</span> <span class='ocrx_word' id='word_1_10' title='bbox 2304 588 2553 651; x_wconf 87' lang='lat' dir='ltr'>nostrae</span> <span class='ocrx_word' id='word_1_11' title='bbox 2618 586 2887 669; x_wconf 84' lang='lat' dir='ltr'>cymbam</span> 
     </span>
     <span class='ocr_line' id='line_1_3' title="bbox 611 692 2891 777; baseline -0 -20"><span class='ocrx_word' id='word_1_12' title='bbox 611 694 784 758; x_wconf 89' lang='lat' dir='ltr'>beati</span> <span class='ocrx_word' id='word_1_13' title='bbox 845 694 1194 777; x_wconf 78' lang='lat' dir='ltr'>Augustini</span> <span class='ocrx_word' id='word_1_14' title='bbox 1259 692 1540 777; x_wconf 82' lang='lat' dir='ltr'>episcopi</span> <span class='ocrx_word' id='word_1_15' title='bbox 1617 693 1897 757; x_wconf 87' lang='lat' dir='ltr'>stabilire</span> <span class='ocrx_word' id='word_1_16' title='bbox 1962 694 2312 759; x_wconf 84' lang='lat' dir='ltr'>sententia&#39;.</span> <span class='ocrx_word' id='word_1_17' title='bbox 2386 711 2499 757; x_wconf 90' lang='lat' dir='ltr'>cur</span> <span class='ocrx_word' id='word_1_18' title='bbox 2562 712 2733 777; x_wconf 87' lang='lat' dir='ltr'>ergo,</span> <span class='ocrx_word' id='word_1_19' title='bbox 2804 694 2891 757; x_wconf 88' lang='lat' dir='ltr'>uir</span> 
     </span>
     <span class='ocr_line' id='line_1_4' title="bbox 613 798 2890 883; baseline -0 -19"><span class='ocrx_word' id='word_1_20' title='bbox 613 800 931 866; x_wconf 85' lang='lat' dir='ltr'>doctrinae</span> <span class='ocrx_word' id='word_1_21' title='bbox 986 800 1202 879; x_wconf 88' lang='lat' dir='ltr'>huius,</span> <span class='ocrx_word' id='word_1_22' title='bbox 1252 819 1412 883; x_wconf 90' lang='lat' dir='ltr'>quae</span> <span class='ocrx_word' id='word_1_23' title='bbox 1467 799 1529 863; x_wconf 91' lang='lat' dir='ltr'>in</span> <span class='ocrx_word' id='word_1_24' title='bbox 1581 798 1835 864; x_wconf 85' lang='lat' dir='ltr'>Christo</span> <span class='ocrx_word' id='word_1_25' title='bbox 1884 802 2004 877; x_wconf 86' lang='lat' dir='ltr'>est,</span> <span class='ocrx_word' id='word_1_26' title='bbox 2054 799 2323 875; x_wconf 88' lang='lat' dir='ltr'>culmen,</span> <span class='ocrx_word' id='word_1_27' title='bbox 2382 816 2643 883; x_wconf 85' lang='lat' dir='ltr'>arguere</span> <span class='ocrx_word' id='word_1_28' title='bbox 2695 800 2890 883; x_wconf 87' lang='lat' dir='ltr'>palam</span> 
     </span>
     <span class='ocr_line' id='line_1_5' title="bbox 611 906 2891 991; baseline 0 -20"><span class='ocrx_word' id='word_1_29' title='bbox 611 906 1052 991; x_wconf 87' lang='lat' dir='ltr'>corrigendum</span> <span class='ocrx_word' id='word_1_30' title='bbox 1111 907 1187 972; x_wconf 91' lang='lat' dir='ltr'>de</span> <span class='ocrx_word' id='word_1_31' title='bbox 1253 910 1460 971; x_wconf 88' lang='lat' dir='ltr'>cetero</span> <span class='ocrx_word' id='word_1_32' title='bbox 1526 906 1731 971; x_wconf 89' lang='lat' dir='ltr'>filium</span> <span class='ocrx_word' id='word_1_33' title='bbox 1788 906 2063 983; x_wconf 87' lang='lat' dir='ltr'>dubitas,</span> <span class='ocrx_word' id='word_1_34' title='bbox 2131 924 2275 971; x_wconf 87' lang='lat' dir='ltr'>cum</span> <span class='ocrx_word' id='word_1_35' title='bbox 2343 906 2695 971; x_wconf 86' lang='lat' dir='ltr'>sententiae</span> <span class='ocrx_word' id='word_1_36' title='bbox 2758 910 2891 971; x_wconf 87' lang='lat' dir='ltr'>tuae</span> 
     </span>
     <span class='ocr_line' id='line_1_6' title="bbox 611 1013 2959 1097; baseline -0.002 -18"><span class='ocrx_word' id='word_1_37' title='bbox 611 1033 856 1093; x_wconf 88' lang='lat' dir='ltr'>ancora,</span> <span class='ocrx_word' id='word_1_38' title='bbox 902 1014 1025 1079; x_wconf 89' lang='lat' dir='ltr'>nisi</span> <span class='ocrx_word' id='word_1_39' title='bbox 1070 1032 1352 1079; x_wconf 89' lang='lat' dir='ltr'>morsum</span> <span class='ocrx_word' id='word_1_40' title='bbox 1400 1013 1591 1078; x_wconf 88' lang='lat' dir='ltr'>altius</span> <span class='ocrx_word' id='word_1_41' title='bbox 1640 1013 1959 1097; x_wconf 86' lang='lat' dir='ltr'>presserit,</span> <span class='ocrx_word' id='word_1_42' title='bbox 2008 1033 2121 1079; x_wconf 91' lang='lat' dir='ltr'>nos</span> <span class='ocrx_word' id='word_1_43' title='bbox 2170 1013 2405 1077; x_wconf 86' lang='lat' dir='ltr'>certius</span> <span class='ocrx_word' id='word_1_44' title='bbox 2454 1013 2737 1079; x_wconf 82' lang='lat' dir='ltr'>stabilire</span> <span class='ocrx_word' id='word_1_45' title='bbox 2782 1032 2891 1077; x_wconf 90' lang='lat' dir='ltr'>non</span> <span class='ocrx_word' id='word_1_46' title='bbox 2939 1034 2959 1073; x_wconf 66' lang='grc' dir='ltr'>ε</span> 
     </span>
     <span class='ocr_line' id='line_1_7' title="bbox 610 1119 2891 1203; baseline -0.001 -18"><span class='ocrx_word' id='word_1_47' title='bbox 610 1121 858 1203; x_wconf 80' lang='lat' dir='ltr'>possit?</span> <span class='ocrx_word' id='word_1_48' title='bbox 905 1138 1029 1185; x_wconf 89' lang='lat' dir='ltr'>non</span> <span class='ocrx_word' id='word_1_49' title='bbox 1070 1122 1236 1185; x_wconf 88' lang='lat' dir='ltr'>enim</span> <span class='ocrx_word' id='word_1_50' title='bbox 1281 1120 1447 1185; x_wconf 85' lang='lat' dir='ltr'>leuis</span> <span class='ocrx_word' id='word_1_51' title='bbox 1489 1122 1601 1185; x_wconf 87' lang='lat' dir='ltr'>aut</span> <span class='ocrx_word' id='word_1_52' title='bbox 1638 1120 1825 1203; x_wconf 88' lang='lat' dir='ltr'>culpa</span> <span class='ocrx_word' id='word_1_53' title='bbox 1872 1123 1983 1185; x_wconf 85' lang='lat' dir='ltr'>aut</span> <span class='ocrx_word' id='word_1_54' title='bbox 2020 1119 2307 1203; x_wconf 81' lang='lat' dir='ltr'>quaestio</span> <span class='ocrx_word' id='word_1_55' title='bbox 2346 1122 2467 1198; x_wconf 87' lang='lat' dir='ltr'>est,</span> <span class='ocrx_word' id='word_1_56' title='bbox 2514 1120 2577 1184; x_wconf 90' lang='lat' dir='ltr'>in</span> <span class='ocrx_word' id='word_1_57' title='bbox 2616 1139 2741 1203; x_wconf 85' lang='lat' dir='ltr'>qua</span> <span class='ocrx_word' id='word_1_58' title='bbox 2785 1139 2891 1183; x_wconf 86' lang='lat' dir='ltr'>non</span> 
     </span>
     <span class='ocr_line' id='line_1_8' title="bbox 613 1226 2893 1311; baseline -0.001 -19"><span class='ocrx_word' id='word_1_59' title='bbox 613 1229 824 1293; x_wconf 87' lang='lat' dir='ltr'>solum</span> <span class='ocrx_word' id='word_1_60' title='bbox 861 1228 1022 1293; x_wconf 90' lang='lat' dir='ltr'>nihil</span> <span class='ocrx_word' id='word_1_61' title='bbox 1055 1228 1343 1311; x_wconf 77' lang='lat' dir='ltr'>profecit,</span> <span class='ocrx_word' id='word_1_62' title='bbox 1383 1247 1606 1293; x_wconf 89' lang='lat' dir='ltr'>uerum</span> <span class='ocrx_word' id='word_1_63' title='bbox 1646 1228 1859 1305; x_wconf 87' lang='lat' dir='ltr'>etiam,</span> <span class='ocrx_word' id='word_1_64' title='bbox 1900 1227 2068 1291; x_wconf 88' lang='lat' dir='ltr'>sicut</span> <span class='ocrx_word' id='word_1_65' title='bbox 2105 1247 2143 1291; x_wconf 90' lang='lat' dir='ltr'>a</span> <span class='ocrx_word' id='word_1_66' title='bbox 2185 1228 2249 1291; x_wconf 90' lang='lat' dir='ltr'>te</span> <span class='ocrx_word' id='word_1_67' title='bbox 2286 1227 2634 1292; x_wconf 78' lang='lat' dir='ltr'>fortissime</span> <span class='ocrx_word' id='word_1_68' title='bbox 2664 1226 2893 1291; x_wconf 88' lang='lat' dir='ltr'>dictum</span> 
     </span>
     <span class='ocr_line' id='line_1_9' title="bbox 612 1334 2896 1418; baseline 0 -19"><span class='ocrx_word' id='word_1_69' title='bbox 612 1339 732 1413; x_wconf 83' lang='lat' dir='ltr'>est,</span> <span class='ocrx_word' id='word_1_70' title='bbox 791 1336 972 1418; x_wconf 84' lang='lat' dir='ltr'>quasi</span> <span class='ocrx_word' id='word_1_71' title='bbox 1031 1335 1364 1400; x_wconf 90' lang='lat' dir='ltr'>cuiusdam</span> <span class='ocrx_word' id='word_1_72' title='bbox 1421 1334 1751 1400; x_wconf 82' lang='lat' dir='ltr'>idolatriae</span> <span class='ocrx_word' id='word_1_73' title='bbox 1810 1335 2045 1399; x_wconf 88' lang='lat' dir='ltr'>crimen</span> <span class='ocrx_word' id='word_1_74' title='bbox 2102 1334 2375 1399; x_wconf 85' lang='lat' dir='ltr'>caecitas</span> <span class='ocrx_word' id='word_1_75' title='bbox 2430 1338 2687 1401; x_wconf 88' lang='lat' dir='ltr'>nostrae</span> <span class='ocrx_word' id='word_1_76' title='bbox 2742 1334 2896 1417; x_wconf 87' lang='lat' dir='ltr'>cogi·</span> 
     </span>
     <span class='ocr_line' id='line_1_10' title="bbox 610 1440 2895 1524; baseline -0.002 -17"><span class='ocrx_word' id='word_1_77' title='bbox 610 1442 872 1507; x_wconf 80' lang='lat' dir='ltr'>tationis</span> <span class='ocrx_word' id='word_1_78' title='bbox 917 1440 1201 1506; x_wconf 84' lang='lat' dir='ltr'>incurrit.</span> <span class='ocrx_word' id='word_1_79' title='bbox 1249 1441 1408 1505; x_wconf 88' lang='lat' dir='ltr'>hanc</span> <span class='ocrx_word' id='word_1_80' title='bbox 1455 1461 1492 1505; x_wconf 90' lang='lat' dir='ltr'>a</span> <span class='ocrx_word' id='word_1_81' title='bbox 1527 1444 1590 1505; x_wconf 90' lang='lat' dir='ltr'>te</span> <span class='ocrx_word' id='word_1_82' title='bbox 1630 1444 1816 1505; x_wconf 89' lang='lat' dir='ltr'>caute</span> <span class='ocrx_word' id='word_1_83' title='bbox 1861 1441 2323 1524; x_wconf 90' lang='lat' dir='ltr'>prudenterque</span> <span class='ocrx_word' id='word_1_84' title='bbox 2371 1441 2606 1506; x_wconf 81' lang='lat' dir='ltr'>discuti</span> <span class='ocrx_word' id='word_1_85' title='bbox 2650 1440 2895 1517; x_wconf 81' lang='lat' dir='ltr'>uellem,</span> 
     </span>
     <span class='ocr_line' id='line_1_11' title="bbox 614 1546 3080 1631; baseline -0.002 -18"><span class='ocrx_word' id='word_1_86' title='bbox 614 1552 687 1613; x_wconf 88' lang='lat' dir='ltr'>ut</span> <span class='ocrx_word' id='word_1_87' title='bbox 751 1548 1070 1613; x_wconf 88' lang='lat' dir='ltr'>doctrinae</span> <span class='ocrx_word' id='word_1_88' title='bbox 1134 1550 1284 1611; x_wconf 88' lang='lat' dir='ltr'>tuae</span> <span class='ocrx_word' id='word_1_89' title='bbox 1347 1548 1711 1631; x_wconf 86' lang='lat' dir='ltr'>ingeniique</span> <span class='ocrx_word' id='word_1_90' title='bbox 1776 1548 2080 1613; x_wconf 86' lang='lat' dir='ltr'>serenitas</span> <span class='ocrx_word' id='word_1_91' title='bbox 2144 1546 2237 1611; x_wconf 87' lang='lat' dir='ltr'>ita</span> <span class='ocrx_word' id='word_1_92' title='bbox 2298 1547 2595 1612; x_wconf 86' lang='lat' dir='ltr'>nebulam</span> <span class='ocrx_word' id='word_1_93' title='bbox 2658 1550 2897 1612; x_wconf 82' lang='lat' dir='ltr'>nostrae</span> <span class='ocrx_word' id='word_1_94' title='bbox 2928 1571 2965 1607; x_wconf 80' lang='grc' dir='ltr'>ιο</span> <span class='ocrx_word' id='word_1_95' title='bbox 3079 1574 3080 1591; x_wconf 53' lang='lat'>1</span> 
     </span>
     <span class='ocr_line' id='line_1_12' title="bbox 613 1654 2899 1739; baseline -0.001 -20"><span class='ocrx_word' id='word_1_96' title='bbox 613 1654 843 1719; x_wconf 86' lang='lat' dir='ltr'>mentis</span> <span class='ocrx_word' id='word_1_97' title='bbox 901 1655 1247 1738; x_wconf 86' lang='lat' dir='ltr'>abstergat,</span> <span class='ocrx_word' id='word_1_98' title='bbox 1301 1656 1396 1729; x_wconf 77' lang='lat' dir='ltr'>ut,</span> <span class='ocrx_word' id='word_1_99' title='bbox 1445 1654 1615 1737; x_wconf 87' lang='lat' dir='ltr'>quod</span> <span class='ocrx_word' id='word_1_100' title='bbox 1670 1674 1835 1719; x_wconf 88' lang='lat' dir='ltr'>nunc</span> <span class='ocrx_word' id='word_1_101' title='bbox 1882 1655 2161 1739; x_wconf 87' lang='lat' dir='ltr'>cogitare</span> <span class='ocrx_word' id='word_1_102' title='bbox 2217 1671 2338 1718; x_wconf 91' lang='lat' dir='ltr'>non</span> <span class='ocrx_word' id='word_1_103' title='bbox 2392 1672 2763 1736; x_wconf 55' lang='lat' dir='ltr'>possumus»,</span> <span class='ocrx_word' id='word_1_104' title='bbox 2816 1654 2899 1717; x_wconf 93' lang='lat' dir='ltr'>in·</span> 
     </span>
     <span class='ocr_line' id='line_1_13' title="bbox 609 1759 2900 1846; baseline -0.001 -21"><span class='ocrx_word' id='word_1_105' title='bbox 609 1761 1016 1846; x_wconf 86' lang='lat' dir='ltr'>tellegentiae</span> <span class='ocrx_word' id='word_1_106' title='bbox 1074 1781 1112 1825; x_wconf 82' lang='lat' dir='ltr'>a</span> <span class='ocrx_word' id='word_1_107' title='bbox 1163 1768 1226 1827; x_wconf 86' lang='lat' dir='ltr'>te</span> <span class='ocrx_word' id='word_1_108' title='bbox 1280 1761 1520 1827; x_wconf 88' lang='lat' dir='ltr'>lumine</span> <span class='ocrx_word' id='word_1_109' title='bbox 1569 1761 1961 1826; x_wconf 86' lang='lat' dir='ltr'>declaratum</span> <span class='ocrx_word' id='word_1_110' title='bbox 2012 1761 2216 1826; x_wconf 86' lang='lat' dir='ltr'>oculis</span> <span class='ocrx_word' id='word_1_111' title='bbox 2266 1760 2471 1825; x_wconf 90' lang='lat' dir='ltr'>cordis</span> <span class='ocrx_word' id='word_1_112' title='bbox 2526 1759 2747 1825; x_wconf 89' lang='lat' dir='ltr'>uidere</span> <span class='ocrx_word' id='word_1_113' title='bbox 2804 1778 2900 1823; x_wconf 88' lang='lat' dir='ltr'>ua-</span> 
     </span>
     <span class='ocr_line' id='line_1_14' title="bbox 612 1868 2901 1952; baseline -0 -21"><span class='ocrx_word' id='word_1_114' title='bbox 612 1868 878 1932; x_wconf 89' lang='lat' dir='ltr'>leamus.</span> <span class='ocrx_word' id='word_1_115' title='bbox 945 1868 1285 1933; x_wconf 90' lang='lat' dir='ltr'>incolumis</span> <span class='ocrx_word' id='word_1_116' title='bbox 1340 1888 1412 1934; x_wconf 91' lang='lat' dir='ltr'>ac</span> <span class='ocrx_word' id='word_1_117' title='bbox 1475 1868 1704 1933; x_wconf 88' lang='lat' dir='ltr'>beatus</span> <span class='ocrx_word' id='word_1_118' title='bbox 1760 1868 2085 1952; x_wconf 87' lang='lat' dir='ltr'>nostrique</span> <span class='ocrx_word' id='word_1_119' title='bbox 2145 1868 2213 1932; x_wconf 90' lang='lat' dir='ltr'>in</span> <span class='ocrx_word' id='word_1_120' title='bbox 2277 1870 2603 1933; x_wconf 85' lang='lat' dir='ltr'>aeternum</span> <span class='ocrx_word' id='word_1_121' title='bbox 2670 1886 2901 1931; x_wconf 86' lang='lat' dir='ltr'>memor</span> 
     </span>
     <span class='ocr_line' id='line_1_15' title="bbox 612 1974 2897 2059; baseline -0.003 -20"><span class='ocrx_word' id='word_1_122' title='bbox 612 1974 914 2040; x_wconf 87' lang='lat' dir='ltr'>caelestia</span> <span class='ocrx_word' id='word_1_123' title='bbox 963 1994 1156 2059; x_wconf 84' lang='lat' dir='ltr'>regna</span> <span class='ocrx_word' id='word_1_124' title='bbox 1209 1975 1559 2057; x_wconf 78' lang='lat' dir='ltr'>possideaS,</span> <span class='ocrx_word' id='word_1_125' title='bbox 1609 1975 1860 2039; x_wconf 90' lang='lat' dir='ltr'>domine</span> <span class='ocrx_word' id='word_1_126' title='bbox 1916 1978 2133 2041; x_wconf 87' lang='lat' dir='ltr'>sancte</span> <span class='ocrx_word' id='word_1_127' title='bbox 2182 1994 2255 2040; x_wconf 90' lang='lat' dir='ltr'>ac</span> <span class='ocrx_word' id='word_1_128' title='bbox 2308 1974 2681 2041; x_wconf 88' lang='lat' dir='ltr'>beatissime</span> <span class='ocrx_word' id='word_1_129' title='bbox 2727 1991 2897 2056; x_wconf 83' lang='lat' dir='ltr'>papa.</span> 
     </span>
    </p>
   </div>
   <div class='ocr_carea' id='block_1_3' title="bbox 1666 2132 2966 2247">
    <p class='ocr_par' dir='ltr' id='par_1_3' title="bbox 1666 2132 2966 2247">
     <span class='ocr_line' id='line_1_16' title="bbox 1666 2132 2966 2247; baseline 0.009 -14"><span class='ocrx_word' id='word_1_130' title='bbox 1666 2132 1861 2233; x_wconf 56' lang='lat' dir='ltr'>cxxss</span> <span class='ocrx_word' id='word_1_131' title='bbox 2930 2206 2966 2247; x_wconf 57' lang='lat'>122</span> 
     </span>
    </p>
   </div>
   <div class='ocr_carea' id='block_1_4' title="bbox 611 2304 2897 2452">
    <p class='ocr_par' dir='ltr' id='par_1_4' title="bbox 611 2304 2897 2452">
     <span class='ocr_line' id='line_1_17' title="bbox 611 2304 2897 2363; baseline -0.001 -2"><span class='ocrx_word' id='word_1_132' title='bbox 611 2308 875 2362; x_wconf 82' lang='lat' dir='ltr'><strong>FRATRI</strong></span> <span class='ocrx_word' id='word_1_133' title='bbox 911 2307 1418 2363; x_wconf 83' lang='lat' dir='ltr'>DILECTISSIMO</span> <span class='ocrx_word' id='word_1_134' title='bbox 1447 2308 1538 2362; x_wconf 85' lang='lat' dir='ltr'>ET</span> <span class='ocrx_word' id='word_1_135' title='bbox 1564 2307 1645 2361; x_wconf 88' lang='lat' dir='ltr'>IN</span> <span class='ocrx_word' id='word_1_136' title='bbox 1674 2308 1963 2362; x_wconf 84' lang='lat' dir='ltr'>CHRISTI</span> <span class='ocrx_word' id='word_1_137' title='bbox 1989 2306 2411 2363; x_wconf 82' lang='lat' dir='ltr'>VISCERIBUS</span> <span class='ocrx_word' id='word_1_138' title='bbox 2439 2304 2897 2361; x_wconf 73' lang='lat' dir='ltr'>HONORANDO</span> 
     </span>
     <span class='ocr_line' id='line_1_18' title="bbox 891 2394 2639 2452; baseline -0.001 -1"><span class='ocrx_word' id='word_1_139' title='bbox 891 2396 1303 2451; x_wconf 85' lang='lat' dir='ltr'>CONSENTIO</span> <span class='ocrx_word' id='word_1_140' title='bbox 1344 2396 1803 2452; x_wconf 82' lang='lat' dir='ltr'>AUGUSTINUS</span> <span class='ocrx_word' id='word_1_141' title='bbox 1840 2396 1921 2450; x_wconf 88' lang='lat' dir='ltr'>IN</span> <span class='ocrx_word' id='word_1_142' title='bbox 1957 2395 2246 2451; x_wconf 82' lang='lat' dir='ltr'>DOMINO</span> <span class='ocrx_word' id='word_1_143' title='bbox 2288 2394 2639 2451; x_wconf 82' lang='lat' dir='ltr'><strong>SALUTEM.</strong></span> 
     </span>
    </p>
   </div>
   <div class='ocr_carea' id='block_1_5' title="bbox 504 2521 2901 2713">
    <p class='ocr_par' dir='ltr' id='par_1_5' title="bbox 504 2521 2901 2713">
     <span class='ocr_line' id='line_1_19' title="bbox 504 2521 2899 2607; baseline -0.003 -16"><span class='ocrx_word' id='word_1_144' title='bbox 504 2528 588 2591; x_wconf 94' lang='lat' dir='ltr'>Il</span> <span class='ocrx_word' id='word_1_145' title='bbox 703 2524 837 2607; x_wconf 85' lang='lat' dir='ltr'>Ego</span> <span class='ocrx_word' id='word_1_146' title='bbox 885 2527 1237 2607; x_wconf 84' lang='lat' dir='ltr'>propterea,</span> <span class='ocrx_word' id='word_1_147' title='bbox 1286 2526 1360 2587; x_wconf 91' lang='lat' dir='ltr'>ut</span> <span class='ocrx_word' id='word_1_148' title='bbox 1406 2523 1484 2587; x_wconf 92' lang='lat' dir='ltr'>ad</span> <span class='ocrx_word' id='word_1_149' title='bbox 1531 2542 1645 2588; x_wconf 88' lang='lat' dir='ltr'>nos</span> <span class='ocrx_word' id='word_1_150' title='bbox 1684 2524 1955 2601; x_wconf 76' lang='lat' dir='ltr'>uenireS‚</span> <span class='ocrx_word' id='word_1_151' title='bbox 2002 2522 2247 2607; x_wconf 84' lang='lat' dir='ltr'>rogaui,</span> <span class='ocrx_word' id='word_1_152' title='bbox 2288 2522 2584 2606; x_wconf 89' lang='lat' dir='ltr'>quoniam</span> <span class='ocrx_word' id='word_1_153' title='bbox 2620 2522 2689 2587; x_wconf 89' lang='lat' dir='ltr'>in</span> <span class='ocrx_word' id='word_1_154' title='bbox 2729 2521 2899 2587; x_wconf 85' lang='lat' dir='ltr'>libris</span> 
     </span>
     <span class='ocr_line' id='line_1_20' title="bbox 615 2629 2901 2713; baseline -0.002 -18"><span class='ocrx_word' id='word_1_155' title='bbox 615 2631 744 2695; x_wconf 87' lang='lat' dir='ltr'>tuis</span> <span class='ocrx_word' id='word_1_156' title='bbox 781 2630 969 2696; x_wconf 90' lang='lat' dir='ltr'>ualde</span> <span class='ocrx_word' id='word_1_157' title='bbox 1017 2650 1160 2695; x_wconf 90' lang='lat' dir='ltr'>sum</span> <span class='ocrx_word' id='word_1_158' title='bbox 1195 2634 1310 2695; x_wconf 90' lang='lat' dir='ltr'>tuo</span> <span class='ocrx_word' id='word_1_159' title='bbox 1351 2629 1705 2695; x_wconf 88' lang='lat' dir='ltr'>delectatus</span> <span class='ocrx_word' id='word_1_160' title='bbox 1742 2629 2014 2713; x_wconf 78' lang='lat' dir='ltr'>ingenio,</span> <span class='ocrx_word' id='word_1_161' title='bbox 2064 2629 2323 2711; x_wconf 89' lang='lat' dir='ltr'>proinde</span> <span class='ocrx_word' id='word_1_162' title='bbox 2360 2629 2559 2707; x_wconf 88' lang='lat' dir='ltr'>uolui,</span> <span class='ocrx_word' id='word_1_163' title='bbox 2609 2632 2689 2695; x_wconf 87' lang='lat' dir='ltr'>ut</span> <span class='ocrx_word' id='word_1_164' title='bbox 2728 2647 2901 2711; x_wconf 81' lang='lat' dir='ltr'>quae-</span> 
     </span>
    </p>
   </div>
   <div class='ocr_carea' id='block_1_6' title="bbox 791 2858 1577 2927">
    <p class='ocr_par' dir='ltr' id='par_1_6' title="bbox 791 2858 1577 2927">
     <span class='ocr_line' id='line_1_21' title="bbox 791 2858 1577 2927; baseline 0.001 -16"><span class='ocrx_word' id='word_1_165' title='bbox 791 2858 966 2912; x_wconf 86' lang='lat'>9-13</span> <span class='ocrx_word' id='word_1_166' title='bbox 1005 2882 1074 2903; x_wconf 87' lang='lat'>=</span> <span class='ocrx_word' id='word_1_167' title='bbox 1111 2875 1163 2927; x_wconf 82' lang='lat' dir='ltr'>p.</span> <span class='ocrx_word' id='word_1_168' title='bbox 1205 2858 1324 2920; x_wconf 86' lang='lat'>705,</span> <span class='ocrx_word' id='word_1_169' title='bbox 1369 2858 1577 2912; x_wconf 82' lang='lat'><strong>19-23</strong></span> 
     </span>
    </p>
   </div>
   <div class='ocr_carea' id='block_1_7' title="bbox 612 2978 2907 3405">
    <p class='ocr_par' dir='ltr' id='par_1_7' title="bbox 612 2978 2907 3405">
     <span class='ocr_line' id='line_1_22' title="bbox 685 2978 2902 3052; baseline -0.001 -19"><span class='ocrx_word' id='word_1_170' title='bbox 685 2982 716 3033; x_wconf 87' lang='lat'>6</span> <span class='ocrx_word' id='word_1_171' title='bbox 755 2981 912 3050; x_wconf 85' lang='lat' dir='ltr'>culpa</span> <span class='ocrx_word' id='word_1_172' title='bbox 949 2983 1064 3051; x_wconf 83' lang='lat' dir='ltr'>aut]</span> <span class='ocrx_word' id='word_1_173' title='bbox 1103 2982 1322 3052; x_wconf 81' lang='lat' dir='ltr'>culpata</span> <span class='ocrx_word' id='word_1_174' title='bbox 1365 2982 1520 3037; x_wconf 86' lang='lat' dir='ltr'>OPT</span> <span class='ocrx_word' id='word_1_175' title='bbox 1555 2982 1675 3035; x_wconf 79' lang='lat' dir='ltr'>edd.</span> <span class='ocrx_word' id='word_1_176' title='bbox 1705 2987 1975 3050; x_wconf 72' lang='lat' dir='ltr'>praetere</span> <span class='ocrx_word' id='word_1_177' title='bbox 2012 2982 2216 3050; x_wconf 82' lang='lat' dir='ltr'>culpas</span> <span class='ocrx_word' id='word_1_178' title='bbox 2326 2984 2409 3034; x_wconf 83' lang='lat' dir='ltr'>est</span> <span class='ocrx_word' id='word_1_179' title='bbox 2446 2996 2549 3035; x_wconf 86' lang='lat' dir='ltr'>om.</span> <span class='ocrx_word' id='word_1_180' title='bbox 2592 2980 2759 3035; x_wconf 86' lang='lat' dir='ltr'>OPT</span> <span class='ocrx_word' id='word_1_181' title='bbox 2790 2978 2902 3034; x_wconf 76' lang='lat' dir='ltr'>edd.</span> 
     </span>
     <span class='ocr_line' id='line_1_23' title="bbox 614 3068 2905 3139; baseline -0 -17"><span class='ocrx_word' id='word_1_182' title='bbox 614 3072 643 3123; x_wconf 88' lang='lat'><strong>7</strong></span> <span class='ocrx_word' id='word_1_183' title='bbox 684 3070 846 3138; x_wconf 83' lang='lat' dir='ltr'>sicut]</span> <span class='ocrx_word' id='word_1_184' title='bbox 887 3075 1015 3138; x_wconf 82' lang='lat' dir='ltr'>post</span> <span class='ocrx_word' id='word_1_185' title='bbox 1057 3070 1214 3125; x_wconf 87' lang='lat' dir='ltr'>OPT</span> <span class='ocrx_word' id='word_1_186' title='bbox 1245 3074 1374 3137; x_wconf 85' lang='lat' dir='ltr'>post</span> <span class='ocrx_word' id='word_1_187' title='bbox 1411 3074 1472 3123; x_wconf 89' lang='lat' dir='ltr'>ut</span> <span class='ocrx_word' id='word_1_188' title='bbox 1507 3070 1629 3123; x_wconf 83' lang='lat' dir='ltr'>edd.</span> <span class='ocrx_word' id='word_1_189' title='bbox 1812 3068 1989 3123; x_wconf 84' lang='lat' dir='ltr'>dictus</span> <span class='ocrx_word' id='word_1_190' title='bbox 2030 3069 2188 3125; x_wconf 88' lang='lat' dir='ltr'>OPT</span> <span class='ocrx_word' id='word_1_191' title='bbox 2362 3069 2395 3123; x_wconf 92' lang='grc'>8</span> <span class='ocrx_word' id='word_1_192' title='bbox 2434 3069 2591 3139; x_wconf 86' lang='lat' dir='ltr'>quasi</span> <span class='ocrx_word' id='word_1_193' title='bbox 2630 3068 2905 3124; x_wconf 81' lang='lat' dir='ltr'>cuiusdam</span> 
     </span>
     <span class='ocr_line' id='line_1_24' title="bbox 613 3156 2904 3228; baseline -0.001 -16"><span class='ocrx_word' id='word_1_194' title='bbox 613 3175 715 3212; x_wconf 89' lang='lat' dir='ltr'>om.</span> <span class='ocrx_word' id='word_1_195' title='bbox 761 3158 917 3213; x_wconf 87' lang='lat' dir='ltr'>OPT</span> <span class='ocrx_word' id='word_1_196' title='bbox 950 3158 1070 3213; x_wconf 83' lang='lat' dir='ltr'>edd.</span> <span class='ocrx_word' id='word_1_197' title='bbox 1215 3158 1560 3213; x_wconf 81' lang='lat' dir='ltr'>idololatriae</span> <span class='ocrx_word' id='word_1_198' title='bbox 1598 3158 1719 3212; x_wconf 80' lang='lat' dir='ltr'>edd.</span> <span class='ocrx_word' id='word_1_199' title='bbox 1834 3159 1899 3212; x_wconf 90' lang='grc'>10</span> <span class='ocrx_word' id='word_1_200' title='bbox 1936 3158 2283 3228; x_wconf 83' lang='lat' dir='ltr'>perhennitas</span> <span class='ocrx_word' id='word_1_201' title='bbox 2325 3158 2478 3213; x_wconf 87' lang='lat' dir='ltr'>OPT</span> <span class='ocrx_word' id='word_1_202' title='bbox 2600 3160 2669 3213; x_wconf 88' lang='lat'>12</span> <span class='ocrx_word' id='word_1_203' title='bbox 2709 3156 2904 3212; x_wconf 81' lang='lat' dir='ltr'>lumine</span> 
     </span>
     <span class='ocr_line' id='line_1_25' title="bbox 612 3245 2907 3317; baseline -0 -18"><span class='ocrx_word' id='word_1_204' title='bbox 612 3264 715 3300; x_wconf 88' lang='lat' dir='ltr'>om.</span> <span class='ocrx_word' id='word_1_205' title='bbox 755 3247 911 3301; x_wconf 80' lang='lat' dir='ltr'>codd.</span> <span class='ocrx_word' id='word_1_206' title='bbox 950 3246 1070 3301; x_wconf 76' lang='lat' dir='ltr'>edd.</span> <span class='ocrx_word' id='word_1_207' title='bbox 1110 3254 1475 3316; x_wconf 76' lang='lat' dir='ltr'>praeterrm5</span> <span class='ocrx_word' id='word_1_208' title='bbox 1513 3248 1583 3313; x_wconf 80' lang='lat' dir='ltr'>cf.</span> <span class='ocrx_word' id='word_1_209' title='bbox 1623 3264 1683 3315; x_wconf 80' lang='lat' dir='ltr'>p.</span> <span class='ocrx_word' id='word_1_210' title='bbox 1730 3250 1865 3311; x_wconf 90' lang='grc'><strong><em>705,</em></strong></span> <span class='ocrx_word' id='word_1_211' title='bbox 1905 3250 1983 3301; x_wconf 89' lang='grc'>22</span> <span class='ocrx_word' id='word_1_212' title='bbox 2166 3248 2231 3303; x_wconf 86' lang='grc'>13</span> <span class='ocrx_word' id='word_1_213' title='bbox 2276 3248 2557 3317; x_wconf 86' lang='lat' dir='ltr'>nostrique</span> <span class='ocrx_word' id='word_1_214' title='bbox 2604 3264 2713 3301; x_wconf 82' lang='lat' dir='ltr'>om.</span> <span class='ocrx_word' id='word_1_215' title='bbox 2760 3245 2907 3301; x_wconf 88' lang='lat' dir='ltr'>OPT</span> 
     </span>
     <span class='ocr_line' id='line_1_26' title="bbox 612 3336 1566 3405; baseline 0.001 -17"><span class='ocrx_word' id='word_1_216' title='bbox 612 3336 732 3389; x_wconf 81' lang='lat' dir='ltr'>edd.</span> <span class='ocrx_word' id='word_1_217' title='bbox 879 3337 1106 3405; x_wconf 87' lang='lat' dir='ltr'>memor]</span> <span class='ocrx_word' id='word_1_218' title='bbox 1149 3338 1254 3389; x_wconf 85' lang='lat' dir='ltr'>mei</span> <span class='ocrx_word' id='word_1_219' title='bbox 1291 3353 1566 3390; x_wconf 84' lang='lat' dir='ltr'>memorm</span> 
     </span>
    </p>
   </div>
   <div class='ocr_carea' id='block_1_8' title="bbox 3076 2398 3083 3353">
    <p class='ocr_par' dir='ltr' id='par_1_8' title="bbox 3076 2398 3083 3353">
     <span class='ocr_line' id='line_1_27' title="bbox 3076 2398 3083 3353; baseline 0 0"><span class='ocrx_word' id='word_1_220' title='bbox 3076 2398 3083 3353; x_wconf 95' lang='lat' dir='ltr'> </span> 
     </span>
    </p>
   </div>
   <div class='ocr_carea' id='block_1_9' title="bbox 1039 3478 2469 3801">
    <p class='ocr_par' dir='ltr' id='par_1_9' title="bbox 1039 3478 2333 3541">
     <span class='ocr_line' id='line_1_28' title="bbox 1039 3478 2333 3541; baseline 0.002 -10"><span class='ocrx_word' id='word_1_221' title='bbox 1039 3479 1094 3531; x_wconf 88' lang='lat' dir='ltr'><em>B</em></span> <span class='ocrx_word' id='word_1_222' title='bbox 1149 3503 1217 3525; x_wconf 94' lang='lat'>=</span> <span class='ocrx_word' id='word_1_223' title='bbox 1255 3479 1372 3533; x_wconf 84' lang='lat' dir='ltr'>cod.</span> <span class='ocrx_word' id='word_1_224' title='bbox 1411 3479 1784 3533; x_wconf 77' lang='lat' dir='ltr'>Bononiensis</span> <span class='ocrx_word' id='word_1_225' title='bbox 1826 3482 1918 3541; x_wconf 80' lang='lat'>58,</span> <span class='ocrx_word' id='word_1_226' title='bbox 1958 3481 2028 3533; x_wconf 83' lang='lat'>12</span> <span class='ocrx_word' id='word_1_227' title='bbox 2064 3478 2110 3533; x_wconf 79' lang='lat' dir='ltr'><em>S</em></span> <span class='ocrx_word' id='word_1_228' title='bbox 2140 3496 2184 3533; x_wconf 76' lang='grc' dir='ltr'>ε.</span> <span class='ocrx_word' id='word_1_229' title='bbox 2222 3478 2333 3533; x_wconf 82' lang='grc' dir='ltr'>ΙΧ.</span> 
     </span>
    </p>

    <p class='ocr_par' dir='ltr' id='par_1_10' title="bbox 1040 3566 2469 3711">
     <span class='ocr_line' id='line_1_29' title="bbox 1047 3566 2469 3635; baseline 0.001 -16"><span class='ocrx_word' id='word_1_230' title='bbox 1047 3566 1093 3619; x_wconf 91' lang='lat'><em>0</em></span> <span class='ocrx_word' id='word_1_231' title='bbox 1147 3591 1215 3612; x_wconf 93' lang='lat'><strong><em>=</em></strong></span> <span class='ocrx_word' id='word_1_232' title='bbox 1253 3567 1370 3621; x_wconf 81' lang='lat' dir='ltr'>cod.</span> <span class='ocrx_word' id='word_1_233' title='bbox 1408 3566 2023 3635; x_wconf 73' lang='lat' dir='ltr'>Audomaropolitanus</span> <span class='ocrx_word' id='word_1_234' title='bbox 2056 3570 2170 3619; x_wconf 79' lang='lat'>142</span> <span class='ocrx_word' id='word_1_235' title='bbox 2202 3584 2246 3621; x_wconf 86' lang='lat' dir='ltr'>s.</span> <span class='ocrx_word' id='word_1_236' title='bbox 2284 3567 2469 3621; x_wconf 88' lang='lat' dir='ltr'>XIII.</span> 
     </span>
     <span class='ocr_line' id='line_1_30' title="bbox 1040 3656 2209 3711; baseline 0 -1"><span class='ocrx_word' id='word_1_237' title='bbox 1040 3657 1096 3710; x_wconf 93' lang='lat' dir='ltr'><strong><em>P</em></strong></span> <span class='ocrx_word' id='word_1_238' title='bbox 1149 3681 1216 3700; x_wconf 94' lang='lat'><strong><em>=</em></strong></span> <span class='ocrx_word' id='word_1_239' title='bbox 1254 3656 1370 3710; x_wconf 82' lang='lat' dir='ltr'>cod.</span> <span class='ocrx_word' id='word_1_240' title='bbox 1410 3656 1718 3711; x_wconf 78' lang='lat' dir='ltr'>Parisinus</span> <span class='ocrx_word' id='word_1_241' title='bbox 1752 3659 1907 3710; x_wconf 89' lang='grc'><strong><em>1929</em></strong></span> <span class='ocrx_word' id='word_1_242' title='bbox 1940 3673 1984 3711; x_wconf 82' lang='lat' dir='ltr'>s.</span> <span class='ocrx_word' id='word_1_243' title='bbox 2022 3657 2209 3710; x_wconf 87' lang='lat' dir='ltr'>XIII.</span> 
     </span>
    </p>

    <p class='ocr_par' dir='ltr' id='par_1_11' title="bbox 1053 3745 2118 3801">
     <span class='ocr_line' id='line_1_31' title="bbox 1053 3745 2118 3801; baseline 0 -3"><span class='ocrx_word' id='word_1_244' title='bbox 1053 3745 1100 3798; x_wconf 94' lang='lat' dir='ltr'><strong><em>T</em></strong></span> <span class='ocrx_word' id='word_1_245' title='bbox 1148 3770 1215 3790; x_wconf 88' lang='lat'><strong><em>=</em></strong></span> <span class='ocrx_word' id='word_1_246' title='bbox 1254 3746 1370 3800; x_wconf 85' lang='lat' dir='ltr'>cod.</span> <span class='ocrx_word' id='word_1_247' title='bbox 1418 3746 1698 3799; x_wconf 75' lang='lat' dir='ltr'>Trecensis</span> <span class='ocrx_word' id='word_1_248' title='bbox 1739 3749 1818 3799; x_wconf 78' lang='lat'>40</span> <span class='ocrx_word' id='word_1_249' title='bbox 1852 3762 1896 3800; x_wconf 79' lang='lat' dir='ltr'>s.</span> <span class='ocrx_word' id='word_1_250' title='bbox 1934 3746 2118 3801; x_wconf 89' lang='lat' dir='ltr'>XIII.</span> 
     </span>
    </p>
   </div>
   <div class='ocr_carea' id='block_1_10' title="bbox 1047 3834 1625 3889">
    <p class='ocr_par' dir='ltr' id='par_1_12' title="bbox 1047 3834 1625 3889">
     <span class='ocr_line' id='line_1_32' title="bbox 1047 3834 1625 3889; baseline -0.002 -1"><span class='ocrx_word' id='word_1_251' title='bbox 1047 3834 1116 3888; x_wconf 75' lang='grc' dir='ltr'>Τι</span> <span class='ocrx_word' id='word_1_252' title='bbox 1147 3860 1214 3879; x_wconf 88' lang='lat'>=</span> <span class='ocrx_word' id='word_1_253' title='bbox 1250 3835 1393 3889; x_wconf 83' lang='lat' dir='ltr'>idem</span> <span class='ocrx_word' id='word_1_254' title='bbox 1425 3836 1625 3889; x_wconf 76' lang='lat' dir='ltr'>itemm</span> 
     </span>
    </p>
   </div>
   <div class='ocr_carea' id='block_1_11' title="bbox 779 3976 2901 4223">
    <p class='ocr_par' dir='ltr' id='par_1_13' title="bbox 779 3976 2901 4223">
     <span class='ocr_line' id='line_1_33' title="bbox 1040 3976 2132 4045; baseline 0.001 -15"><span class='ocrx_word' id='word_1_255' title='bbox 1040 3976 1290 4045; x_wconf 70' lang='lat' dir='ltr'>Euyippi</span> <span class='ocrx_word' id='word_1_256' title='bbox 1325 3982 1578 4043; x_wconf 69' lang='lat' dir='ltr'>exem-pta</span> <span class='ocrx_word' id='word_1_257' title='bbox 1616 3976 1724 4043; x_wconf 84' lang='lat' dir='ltr'>(ed.</span> <span class='ocrx_word' id='word_1_258' title='bbox 1763 3976 1829 4030; x_wconf 91' lang='lat' dir='ltr'>P.</span> <span class='ocrx_word' id='word_1_259' title='bbox 1869 3977 2132 4044; x_wconf 79' lang='lat' dir='ltr'>Knoell):</span> 
     </span>
     <span class='ocr_line' id='line_1_34' title="bbox 779 4066 2721 4135; baseline 0.001 -17"><span class='ocrx_word' id='word_1_260' title='bbox 779 4082 843 4133; x_wconf 79' lang='lat' dir='ltr'>p.</span> <span class='ocrx_word' id='word_1_261' title='bbox 887 4068 1003 4128; x_wconf 67' lang='lat'>711,</span> <span class='ocrx_word' id='word_1_262' title='bbox 1047 4066 1284 4122; x_wconf 83' lang='grc'><strong><em>3-718,</em></strong></span> <span class='ocrx_word' id='word_1_263' title='bbox 1325 4066 1406 4119; x_wconf 85' lang='grc'>25</span> <span class='ocrx_word' id='word_1_264' title='bbox 1443 4089 1510 4110; x_wconf 90' lang='lat'><strong><em>=</em></strong></span> <span class='ocrx_word' id='word_1_265' title='bbox 1538 4080 1600 4132; x_wconf 74' lang='lat'>1³·</span> <span class='ocrx_word' id='word_1_266' title='bbox 1647 4068 1771 4127; x_wconf 84' lang='lat'><em>710,</em></span> <span class='ocrx_word' id='word_1_267' title='bbox 1810 4068 1892 4118; x_wconf 83' lang='lat'>27</span> <span class='ocrx_word' id='word_1_268' title='bbox 1930 4066 2323 4135; x_wconf 84' lang='lat' dir='ltr'>(cogitationis)</span> <span class='ocrx_word' id='word_1_269' title='bbox 2367 4096 2433 4105; x_wconf 89' lang='lat'>-—</span> <span class='ocrx_word' id='word_1_270' title='bbox 2480 4068 2603 4129; x_wconf 80' lang='lat'><strong><em>715,</em></strong></span> <span class='ocrx_word' id='word_1_271' title='bbox 2642 4069 2721 4120; x_wconf 87' lang='grc'>17</span> 
     </span>
     <span class='ocr_line' id='line_1_35' title="bbox 784 4156 2901 4223; baseline -0 -15"><span class='ocrx_word' id='word_1_272' title='bbox 784 4172 845 4223; x_wconf 83' lang='lat' dir='ltr'>p.</span> <span class='ocrx_word' id='word_1_273' title='bbox 890 4158 1011 4217; x_wconf 80' lang='grc'><strong><em>718,</em></strong></span> <span class='ocrx_word' id='word_1_274' title='bbox 1050 4156 1334 4217; x_wconf 84' lang='grc'><strong><em>26-721,</em></strong></span> <span class='ocrx_word' id='word_1_275' title='bbox 1372 4157 1442 4207; x_wconf 89' lang='grc'>21</span> <span class='ocrx_word' id='word_1_276' title='bbox 1475 4176 1546 4199; x_wconf 83' lang='grc'>--·-</span> <span class='ocrx_word' id='word_1_277' title='bbox 1586 4170 1645 4221; x_wconf 83' lang='lat' dir='ltr'>p.</span> <span class='ocrx_word' id='word_1_278' title='bbox 1701 4156 1824 4221; x_wconf 87' lang='grc'><strong><em>719,</em></strong></span> <span class='ocrx_word' id='word_1_279' title='bbox 1872 4157 1943 4206; x_wconf 80' lang='lat'>14</span> <span class='ocrx_word' id='word_1_280' title='bbox 1993 4157 2206 4220; x_wconf 87' lang='lat' dir='ltr'>(restat)</span> <span class='ocrx_word' id='word_1_281' title='bbox 2248 4184 2315 4193; x_wconf 91' lang='lat'><strong>—</strong></span> <span class='ocrx_word' id='word_1_282' title='bbox 2362 4156 2495 4219; x_wconf 88' lang='grc'><strong><em>722,</em></strong></span> <span class='ocrx_word' id='word_1_283' title='bbox 2546 4158 2617 4207; x_wconf 87' lang='grc'>13</span> <span class='ocrx_word' id='word_1_284' title='bbox 2668 4156 2901 4221; x_wconf 78' lang='lat' dir='ltr'>(iustior)</span> 
     </span>
    </p>
   </div>
   <div class='ocr_carea' id='block_1_12' title="bbox 3074 2398 3085 4187">
    <p class='ocr_par' dir='ltr' id='par_1_14' title="bbox 3074 2398 3085 4187">
     <span class='ocr_line' id='line_1_36' title="bbox 3074 2398 3085 4187; baseline 0 0"><span class='ocrx_word' id='word_1_285' title='bbox 3074 2398 3085 4187; x_wconf 95' lang='lat' dir='ltr'> </span> 
     </span>
    </p>
   </div>
   <div class='ocr_carea' id='block_1_13' title="bbox 689 4296 1136 4350">
    <p class='ocr_par' dir='ltr' id='par_1_15' title="bbox 689 4296 1136 4350">
     <span class='ocr_line' id='line_1_37' title="bbox 689 4296 1136 4350; baseline 0.004 -2"><span class='ocrx_word' id='word_1_286' title='bbox 689 4296 755 4348; x_wconf 89' lang='lat'>19</span> <span class='ocrx_word' id='word_1_287' title='bbox 796 4298 887 4349; x_wconf 87' lang='lat' dir='ltr'>tuo</span> <span class='ocrx_word' id='word_1_288' title='bbox 927 4314 1044 4350; x_wconf 86' lang='lat' dir='ltr'>sum</span> <span class='ocrx_word' id='word_1_289' title='bbox 1082 4296 1136 4350; x_wconf 90' lang='lat' dir='ltr'><em>P</em></span> 
     </span>
    </p>
   </div>
   <div class='ocr_carea' id='block_1_14' title="bbox 3048 4800 3081 4907">
    <p class='ocr_par' dir='ltr' id='par_1_16' title="bbox 3048 4758 3081 4907">
     <span class='ocr_line' id='line_1_38' title="bbox 3048 4800 3081 4907; baseline 0 0"><span class='ocrx_word' id='word_1_290' title='bbox 3048 4800 3081 4907; x_wconf 66' lang='grc' dir='ltr'>ιι</span> 
     </span>
    </p>
   </div>
  </div>
 </body>
</html>
