3184 4959
1197 433 1725 503 epistularum
1784 431 1889 487 CV.
2527 435 2736 500 ·601.

401 631 627 694 bemus
684 627 870 692 uobis
918 629 1001 702 et,
1059 625 1114 690 si
1160 643 1284 689 non
1337 625 1841 706 probauerimus‚
1896 625 2089 690 facite
2138 626 2213 690 de
2270 626 2473 702 nobis,
2522 626 2699 708 quic-

403 735 556 819 quid
618 732 978 817 potueritis.
1053 731 1164 796 sed
1231 732 1380 813 quia
1445 732 1901 798 Constantinus
1982 753 2101 797 non
2176 734 2277 798 est
2347 751 2545 797 ausus
2620 732 2699 796 de

405 861 598 908 causa
654 840 936 924 episcopi
998 838 1302 914 iudicare,
1369 857 1506 902 eam
1574 839 2037 904 discutiendam
2104 843 2294 922 atque
2359 839 2697 904 finiendam

404 948 720 1032 episcopis
761 947 1104 1030 delegauit.
1153 946 1322 1027 quod
1373 950 1438 1010 et
1481 947 1721 1012 factum
1772 951 1871 1010 est
1915 949 1977 1010 iu
2026 947 2183 1011 urbe
2219 947 2420 1012 Roma
2463 946 2697 1030 praesi-

342 1079 368 1118 5
405 1057 590 1121 dente
635 1053 992 1120 Melchiade
1040 1053 1340 1136 episcopo
1385 1053 1563 1118 illius
1614 1055 1921 1118 ecclesiae
1970 1073 2113 1118 cum
2160 1054 2383 1118 multis
2432 1051 2701 1138 collegis

407 1164 561 1228 suis.
620 1164 729 1245 qui
775 1181 922 1226 cum
972 1160 1402 1226 Caecilianum
1456 1159 1855 1226 innocentem
1904 1161 2421 1244 pronuntiassent
2466 1163 2531 1225 et
2576 1161 2701 1225 Do·

405 1273 644 1346 natum,
693 1269 802 1351 qui
841 1267 1120 1332 schisma
1159 1265 1523 1350 Carthagini
1559 1268 1817 1344 fecerat,
1866 1267 2179 1332 sententia
2214 1267 2700 1349 percussissent,

404 1379 636 1442 iterum
718 1374 920 1439 uestri
993 1374 1072 1438 ad
1151 1373 1592 1456 imperatorem
1680 1379 2009 1452 uenerunt,
2096 1374 2173 1438 de
2254 1374 2489 1439 iudicio
2574 1374 2701 1457 epi-

405 1499 763 1565 scoporum,
807 1480 872 1544 in
921 1499 1044 1562 quo
1092 1479 1250 1544 uicti
1295 1479 1565 1557 fuerant,
1612 1482 2187 1545 murmurauerunt.
2237 1481 2483 1563 quando
2532 1478 2701 1545 enim

324 1612 370 1647 10
405 1593 623 1673 potest
685 1588 894 1652 malus
956 1587 1244 1671 litigator
1303 1586 1562 1651 laudare
1628 1586 1893 1666 iudices,
1972 1587 2205 1670 quibus
2268 1586 2703 1651 iudicantibus

407 1695 622 1761 uictus
672 1698 810 1759 est?
866 1693 1097 1758 iterum
1155 1697 1366 1757 tamen
1413 1693 1957 1760 clementissimus
2011 1695 2355 1777 imperator
2400 1695 2559 1758 alios
2608 1693 2701 1757 iu-

409 1803 580 1868 dices
646 1801 976 1884 episcopos
1043 1799 1218 1864 dedit
1281 1800 1448 1883 apud
1502 1800 1853 1878 Arelatum‚
1924 1801 2169 1866 Galliae
2225 1801 2573 1878 ciuitatem,
2642 1804 2705 1864 et

409 1909 486 1975 ab
533 1909 694 1992 ipsis
757 1907 959 1972 uestri
1023 1907 1099 1970 ad
1162 1906 1378 1988 ipsum
1439 1906 1883 1988 imperatorem
1950 1907 2448 1990 appellauerunt,
2505 1906 2703 1972 donec

413 2016 604 2081 etiam
668 2016 806 2096 ipse
872 2031 1130 2078 causam
1197 2015 1611 2096 cognosceret
1673 2017 1739 2077 et
1792 2013 2221 2078 Caecilianum
2284 2014 2703 2091 innocentem,

321 2137 372 2174 1⁵
407 2122 556 2188 illos
596 2121 1020 2187 calumniosos
1057 2121 1512 2203 pronuntiaret.
1551 2139 1664 2184 nec
1705 2121 1797 2184 sic
1831 2120 2067 2185 totiens
2106 2120 2265 2186 uicti
2303 2121 2704 2203 quieuerunt‚

411 2229 524 2294 sed
597 2229 674 2292 de
745 2229 958 2292 Felice
1031 2227 1486 2310 AptungitanO.
1569 2245 1683 2309 per
1758 2247 1947 2309 quem
2023 2227 2417 2292 Caecilianus
2500 2228 2709 2291 fuerat

411 2336 758 2410 ordinatus,
807 2335 1140 2399 cotidianis
1184 2333 1803 2416 interpellationibus
1848 2333 1973 2416 ipsi
2018 2334 2385 2415 imperatori
2420 2333 2705 2398 taedium

409 2443 698 2507 fecerunt
752 2442 1032 2506 dicentes
1091 2459 1236 2504 eum
1301 2459 1441 2504 esse
1507 2440 1877 2504 traditorem
1944 2443 2007 2503 et
2070 2440 2209 2504 ideo
2278 2439 2703 2504 Caecilianum

411 2549 780 2632 episcopum
829 2565 969 2612 esse
1017 2567 1136 2612 non
1194 2565 1406 2628 posse,
1466 2545 1635 2627 quod
1684 2566 1719 2610 a
1764 2547 2065 2611 traditore
2120 2545 2315 2611 fuerit
2359 2545 2706 2620 ordinatus,

322 2681 372 2720 20
413 2655 608 2720 donec
647 2658 712 2718 et
754 2655 894 2736 ipse
930 2653 1106 2718 Felix
1141 2654 1324 2718 iussu
1373 2653 1772 2736 imperatoris
1811 2673 2003 2718 causa
2040 2653 2295 2737 cognita
2332 2653 2409 2717 ab
2446 2653 2705 2717 Aeliano

409 2762 786 2845 proconsule
831 2761 1131 2826 innocens
1181 2760 1568 2843 probaretur.

281 2871 318 2929 9
499 2869 676 2933 Tunc
762 2867 1216 2933 Constantinus
1297 2866 1469 2948 prior
1533 2871 1751 2932 contra
1825 2870 2067 2950 partem
2134 2865 2370 2930 Donati
2440 2865 2709 2931 seueris-

413 2975 636 3040 simam
687 2977 897 3060 legem
945 2975 1134 3040 dedit.
1191 2975 1359 3038 hunc
1403 2973 1638 3038 imitati
1684 2973 1800 3037 filii
1848 2973 1985 3038 eius
2032 2975 2187 3038 talia
2229 2977 2705 3056 praeceperunt.

414 3083 646 3166 quibus
695 3081 1038 3147 succedens
1075 3081 1384 3156 Iulianus,
1417 3081 1702 3146 desertor
1738 3079 1976 3146 Christi
2015 3084 2081 3145 et
2116 3080 2431 3156 inimicuS‚
2470 3080 2709 3163 suppli-

325 3209 376 3250 25
417 3189 708 3253 cantibus
747 3188 980 3253 uestris
1018 3189 1372 3272 Rogatiano
1413 3192 1477 3254 et
1505 3188 1735 3254 Pontio
1773 3188 2132 3252 libertatem
2170 3187 2507 3270 perditioni
2544 3186 2709 3269 parti

415 3296 647 3360 Donati
711 3295 1028 3377 permisit3
1097 3295 1366 3377 denique
1431 3299 1584 3360 tunc
1647 3295 1922 3358 reddidit
1984 3295 2283 3359 basilicas
2350 3293 2708 3369 haeretici8‚

419 3401 667 3484 quando
705 3402 946 3483 templa
989 3401 1362 3469 daemoniis,
1403 3421 1474 3466 eo
1513 3403 1703 3468 modo
1742 3404 1974 3484 putans
2016 3401 2443 3467 Christianum
2482 3419 2707 3466 nomen

415 3527 603 3591 posse
632 3508 834 3588 perire
866 3509 940 3572 de
971 3509 1175 3586 terrie,
1216 3509 1272 3574 si
1311 3509 1541 3574 unitati
1581 3510 1906 3586 ecclesiae,
1948 3510 2023 3574 de
2064 3529 2187 3592 qua
2222 3510 2441 3593 lapsus
2479 3510 2706 3585 fuerat,

417 3613 730 3680 inuideret
783 3618 847 3678 et
911 3615 1250 3701 sacrilegas
1307 3617 1735 3682 dissensiones
1799 3617 2031 3682 liberas
2088 3637 2229 3682 esse
2294 3617 2705 3700 permitteret.

489 3809 521 3860 5
567 3804 871 3859 melchiade
921 3805 1030 3870 (chi
1077 3823 1144 3860 ex
1189 3811 1347 3874 corr.)
1394 3808 1448 3860 P
1491 3807 1773 3862 melitiade
1810 3807 1886 3861 M
1925 3807 2175 3862 miltiade
2210 3807 2273 3860 F
2316 3806 2515 3860 militia
2551 3808 2617 3862 de
2655 3807 2707 3860 A

488 3895 744 3965 collegib3
783 3895 853 3948 M
996 3896 1030 3948 9
1067 3901 1468 3950 murmurarunt
1505 3896 1627 3953 edd.
1800 3896 2071 3966 quomodo
2108 3896 2227 3950 edd.
2379 3897 2447 3950 10
2485 3896 2709 3966 quibus]

419 3985 512 4054 qui
548 3987 603 4037 A
786 3985 854 4039 12
890 3985 1034 4055 apud
1072 4001 1175 4040 om.
1212 3984 1448 4042 MFAR
1602 3987 1827 4041 ciuitate
1864 3989 1919 4040 A
2103 3987 2167 4040 13
2206 3986 2551 4056 appellarunt
2588 3986 2711 4039 edd.

421 4077 486 4128 15
523 4089 592 4126 ne
629 4073 686 4127 R
835 4075 898 4128 17
939 4075 1146 4128 orditus
1184 4076 1238 4127 A
1389 4077 1450 4129 19
1493 4092 1651 4144 posse
1690 4091 1791 4130 om.
1830 4077 1885 4128 A
2031 4075 2099 4128 20
2136 4073 2352 4128 heliano
2392 4074 2547 4130 codd.
2586 4074 2707 4128 edd.

408 4169 635 4232 praeter
669 4180 724 4216 m
831 4163 901 4218 23
937 4168 1296 4232 perceperunt
1320 4163 1382 4216 F
1475 4166 1544 4219 25
1581 4163 1878 4233 perditioni
1917 4169 2007 4230 (m.
2031 4167 2070 4218 2
2104 4163 2447 4233 perditionis)
2486 4165 2629 4233 parti
2658 4164 2712 4216 P

419 4253 741 4323 perditionis
787 4253 931 4321 parti
979 4269 1134 4307 aem
1183 4254 1274 4322 (cf.
1323 4257 1520 4307 contra
1571 4253 1849 4308 Gaudent.
1901 4253 1935 4308 Ζ.
1974 4255 2015 4307 Ι
2046 4269 2091 4309 c.
2130 4255 2226 4316 24,
2266 4255 2367 4319 27)
2414 4250 2711 4321 perditioni

421 4343 589 4410 partis
617 4341 742 4408 slr
885 4341 1028 4410 parti
1065 4341 1268 4394 Donati
1309 4359 1412 4398 om.
1450 4342 1504 4395 A
1650 4342 1720 4395 26
1760 4341 2008 4404 credidit,
2048 4357 2183 4395 corr.
2223 4345 2344 4394 m.1
2380 4340 2621 4394 reddidit
2656 4343 2711 4394 A
