3184 4959
530 407 656 470 592
1237 407 1290 460 S.
1347 407 1623 462 Aureli
1678 409 2113 477 Augustini

531 619 720 682 quam
769 600 1024 682 quidem
1079 605 1153 665 tu
1211 622 1281 665 ex
1330 602 1725 683 quorundam
1779 603 2305 686 philosophorum
2355 602 2645 687 opinione
2702 621 2823 666 non

531 707 852 772 diuersam
897 708 1089 786 uiam,
1138 727 1297 790 quae
1344 712 1554 773 tamen
1606 709 1799 775 ducat
1844 709 1921 773 ad
1960 712 2300 775 caelestem
2346 709 2825 786 habitationem,

531 813 644 878 sed
687 816 872 896 plane
909 835 1295 897 peruersam,
1345 835 1503 899 quae
1543 818 1722 882 ducit
1758 818 1836 882 ad
1880 817 2495 900 perniciosissimum
2534 837 2826 893 errorem,

528 909 652 986 non
697 941 810 1004 pro
857 925 968 986 tuo
1017 941 1212 986 sensu
1259 923 1368 988 sed
1415 943 1526 1007 pro
1577 943 1769 988 causa
1818 923 2059 989 ciuium
2103 927 2359 990 tuorum
2408 923 2829 989 adhibendam

530 1028 794 1109 putasti,
841 1030 917 1092 ut
963 1029 1056 1094 sic
1110 1028 1520 1112 ignoscamus
1589 1029 1702 1107 eis,
1751 1049 2021 1112 quorum
2088 1029 2511 1096 saeuientium
2569 1030 2827 1114 ignibus
2894 1055 2921 1094 ε

532 1135 690 1199 arsit
725 1133 1011 1211 ecclesia,
1061 1154 1248 1216 quem
1289 1136 1368 1200 ad
1413 1135 1675 1200 modum
1721 1137 2215 1221 ignosceremuS,
2266 1136 2321 1202 si
2358 1138 2433 1202 ab
2474 1137 2567 1202 eis
2613 1136 2827 1218 aliquo

531 1241 846 1323 petulanti
893 1240 1184 1306 conuicio
1233 1245 1691 1325 appeteremur.

432 1349 512 1408 14
624 1345 750 1412 Sed
798 1367 988 1430 quem
1043 1347 1122 1412 ad
1179 1348 1438 1414 modum
1495 1349 1557 1413 id
1619 1350 2025 1432 adstruxeris,
2072 1351 2250 1416 uide:
2298 1351 2400 1414 ‘Et
2448 1350 2524 1428 si,
2572 1359 2646 1413 ut
2690 1349 2829 1430 qui·

531 1453 844 1532 busdam’,
891 1454 1125 1535 inqui8‚
1175 1455 1589 1538 ‘philosophis
1630 1458 1861 1540 placet,
1906 1457 2114 1522 omnia
2148 1461 2409 1540 peccata
2444 1457 2621 1538 paria
2656 1457 2829 1531 sunt,

531 1560 932 1644 indulgentia
979 1561 1274 1626 omnibus
1325 1561 1512 1626 debet
1559 1583 1701 1628 esse
1748 1564 2147 1628 communis’.
2199 1563 2421 1628 deinde
2462 1583 2609 1627 cum
2648 1566 2835 1645 quasi
2875 1591 2927 1626 ιο

533 1666 778 1732 moliris
853 1667 1183 1732 ostendere
1259 1669 1468 1732 omnia
1538 1670 1714 1753 paria
1790 1689 1929 1734 esse
2000 1673 2280 1753 peccata,
2356 1669 2693 1753 subiungis
2767 1673 2839 1732 et

535 1773 724 1838 dicis:
781 1774 1206 1838 ‘Petulantius
1250 1774 1508 1840 locutus
1557 1779 1657 1839 est
1703 1777 1953 1859 aliquia,
2012 1776 2328 1858 peccauit3
2388 1775 2675 1840 conuicia
2720 1777 2841 1838 aut

536 1881 798 1946 crimina
838 1881 1132 1964 ingessit,
1190 1900 1390 1962 aeque
1435 1882 1769 1964 peccauit'.
1834 1883 1952 1948 hoc
2000 1901 2119 1946 non
2172 1886 2273 1946 est
2318 1882 2537 1946 docere
2584 1881 2698 1946 sed
2741 1882 2836 1960 id,

537 1987 707 2068 quod
757 2005 1054 2069 peruerse
1111 1987 1400 2064 sentitur,
1460 1987 1593 2052 sine
1650 1988 1783 2052 ulla
1829 1989 2353 2054 documentorum
2399 1987 2837 2053 adstructione

535 2111 902 2178 proponere.
976 2093 1053 2157 ad
1128 2093 1252 2158 hoc·
1316 2094 1504 2171 enim,
1580 2094 1751 2175 quod
1816 2094 1977 2159 dicis
2042 2101 2259 2177 ‘aeque
2322 2095 2658 2178 peccauit'‚
2706 2096 2839 2161 cito
2878 2126 2929 2162 ιε,

536 2200 978 2283 respondetur:
1027 2219 1150 2264 non
1199 2218 1396 2282 aeque
1443 2201 1757 2282 peccauit.
1816 2201 2012 2284 exigis
2058 2201 2373 2278 fortassiS,
2422 2204 2497 2265 ut
2540 2201 2839 2284 probem;

536 2307 690 2389 quid
727 2307 894 2371 enim
941 2309 1036 2385 tu,
1085 2306 1255 2388 quod
1303 2325 1502 2388 aeque
1547 2308 1927 2390 peccauerit,
1976 2307 2102 2371 iam
2150 2308 2477 2390 probasti?
2525 2328 2603 2372 an
2647 2307 2839 2386 illud,

536 2413 708 2497 quod
767 2413 1004 2497 iungis,
1069 2412 1453 2478 audiendum
1509 2417 1637 2478 est:
1696 2413 1942 2478 ‘Aliena
1998 2414 2267 2497 quisque
2324 2413 2607 2498 diripuit,
2670 2413 2843 2478 inter

537 2520 768 2586 delicta
804 2523 1230 2585 numeratur‘?
1277 2519 1382 2584 hic
1421 2520 1609 2584 etiam
1652 2523 1725 2584 tu
1769 2521 1909 2604 ipse
1948 2520 2416 2584 uerecundatus
2458 2539 2553 2596 es;
2602 2519 2843 2602 puduit

538 2628 702 2692 enim
759 2632 823 2692 te
882 2626 1110 2706 dicere,
1169 2626 1339 2709 quod
1393 2627 1689 2710 peccauit
1742 2626 2111 2708 aequaliter,
2170 2627 2283 2692 sed
2330 2627 2512 2692 ‘inter
2558 2627 2839 2706 delicta',
2881 2657 2934 2694 ιο

535 2735 770 2816 inquiS‚
833 2737 1266 2798 ‘numeratur'.
1331 2753 1453 2797 non
1515 2737 1729 2798 autem
1793 2735 1883 2798 ibi
1950 2734 2239 2816 quaestio
2309 2735 2429 2812 est,
2493 2737 2705 2798 utrum
2772 2736 2847 2797 et

538 2841 657 2905 hoc
733 2841 898 2904 inter
971 2841 1204 2905 delicta
1284 2843 1667 2920 numeretur,
1754 2840 1865 2906 sed
1942 2843 2161 2904 utrum
2236 2841 2357 2905 hoc
2431 2839 2527 2904 illi
2602 2839 2841 2904 delicto

540 2948 924 3028 aequalitate
1004 2947 1326 3030 iungatur,
1411 2949 1543 3022 aut,
1628 2947 1684 3010 si
1764 2950 2099 3030 propterea
2180 2949 2329 3013 sunt
2408 2946 2603 3028 paria,
2688 2945 2846 3027 quia

540 3059 810 3138 utraque
866 3054 1098 3119 delicta
1161 3057 1331 3129 sunt,
1399 3073 1613 3117 mures
1673 3056 1738 3118 et
1794 3053 2114 3136 elephanti
2175 3070 2360 3134 pares
2420 3057 2623 3132 erunt,
2690 3053 2843 3134 quia

539 3167 810 3245 utraque
867 3164 1017 3226 sunt
1073 3160 1388 3238 animalia,
1436 3179 1695 3226 muscae
1754 3164 1817 3224 et
1874 3160 2141 3243 aquilae,
2201 3160 2349 3242 quia
2406 3162 2673 3241 utraque
2726 3179 2845 3224 uo-
2884 3191 2937 3230 25

539 3268 760 3333 latilia.

440 3383 520 3444 15
631 3373 857 3440 Adhuc
921 3374 1113 3439 etiam
1177 3373 1576 3458 progrederis
1645 3376 1709 3438 et
1764 3374 2113 3438 coniectas:
2170 3355 2359 3438 ‘Loca
2418 3373 2679 3455 profana
2740 3391 2844 3436 sa-

545 3501 732 3546 craue
777 3481 1069 3560 uiolauit,
1127 3501 1250 3546 non
1301 3484 1400 3546 est
1445 3482 1523 3545 ab
1569 3480 1969 3564 indulgentia
2014 3479 2484 3544 secernendus.’
2537 3479 2643 3543 hic
2688 3499 2845 3543 sane

545 3588 622 3654 de
671 3587 930 3653 uiolatis
990 3588 1184 3654 sacris
1231 3588 1392 3653 locis
1442 3587 1520 3652 ad
1575 3587 1821 3652 facinus
1868 3591 2125 3652 tuorum
2176 3586 2413 3651 ciuium
2467 3585 2844 3667 peruenisti,

545 3715 768 3762 uerum
839 3695 1145 3761 locutioni
1219 3695 1532 3777 petulanti
1599 3713 1715 3760 nec
1778 3697 1853 3758 tu
1916 3693 2055 3775 ipse
2122 3693 2515 3775 coaequasti;
2591 3695 2845 3755 tantum
2884 3725 2939 3763 30

545 3801 732 3867 modo
774 3802 862 3866 eis
909 3802 1128 3885 petisti
1164 3801 1654 3886 indulgentiam,
1703 3820 1863 3883 quae
1900 3804 2071 3866 recte
2115 3799 2356 3884 petitur
2392 3818 2429 3862 a
2466 3797 2844 3864 Christianis

545 3913 802 3993 propter
873 3908 1296 3974 abundantem
1369 3908 1843 3972 miserationem
1915 3927 2036 3972 non
2110 3907 2367 3988 propter
2436 3908 2841 3987 peccatorum

725 4101 925 4166 8-10;
969 4100 1205 4164 12-13;
1247 4099 1484 4164 18—19;
1525 4097 1740 4151 27—28
1778 4122 1847 4144 =
1886 4115 1937 4167 p.
1980 4097 2103 4164 580,
2131 4096 2396 4160 23-581,
2435 4096 2499 4161 35
2539 4096 2661 4160 591,
2700 4095 2770 4149 26

624 4224 690 4278 18
730 4223 976 4294 quisque]
1013 4239 1070 4292 p.
1115 4226 1240 4286 581,
1280 4227 1311 4276 1
1348 4222 1636 4291 quisquam
1776 4223 1842 4274 19
1880 4221 2048 4274 etiam
2086 4221 2193 4274 iam
2231 4224 2295 4274 tu
2328 4219 2383 4274 U
2400 4219 2513 4272 lsr
2646 4219 2715 4272 27
2754 4235 2840 4270 sa·

551 4330 745 4382 eraque
793 4312 842 4365 V
877 4313 994 4365 edd.
1005 4330 1026 4379 ;
1063 4312 1132 4380 cf.
1161 4329 1221 4380 p.
1269 4314 1391 4379 581,
1431 4315 1470 4364 2
1628 4309 1699 4364 30
1738 4311 1943 4379 uerum]
1984 4325 2168 4363 uerum
2206 4309 2310 4362 hoc
2350 4308 2474 4374 (hoc
2510 4309 2574 4361 in
2608 4312 2747 4372 ras.)
2794 4305 2851 4359 U
