3184 4959
1162 435 1694 512 epistularum
1747 435 1908 492 XCV.
2565 441 2694 508 507

396 633 678 700 nostra
750 633 957 702 facit
1028 631 1265 702 nobis
1338 651 1594 716 neque
1681 632 2116 702 secundum
2179 632 2696 718 iniquitates

395 743 726 808 nostras
808 739 1209 806 retribuit
1288 739 1556 817 nobis,
1623 739 1734 823 qui
1803 741 1984 806 tanta
2055 741 2286 810 solat-ia
2366 740 2694 808 doloribus

394 845 627 914 miscet
670 846 932 932 agitque
976 845 1259 914 mirabili
1290 845 1630 925 medicina,
1667 866 1746 914 ne
1785 866 2070 914 amemus
2107 847 2438 930 mundum,
2475 867 2555 916 ne
2595 849 2698 916 de·

393 951 687 1019 ficiamus
732 953 797 1017 in
833 953 1090 1022 mundo.

229 1055 265 1119 2
332 1079 358 1119 ιε
487 1057 795 1143 Quaesiui
840 1061 955 1127 abs
1008 1063 1073 1126 te
1128 1059 1449 1146 prioribus
1502 1061 1762 1141 litteris,
1817 1061 2174 1146 qualisnam
2230 1061 2352 1130 tibi
2402 1062 2700 1130 uideatur

392 1166 613 1232 futura
674 1168 929 1234 aeterna
988 1167 1129 1232 uita
1201 1168 1593 1246 sanctorum3
1672 1167 1786 1234 sed
1865 1167 2019 1236 bene
2081 1167 2243 1235 mihi
2311 1167 2698 1252 respondisti

394 1273 585 1339 etiam
617 1272 693 1338 de
722 1273 1075 1358 praesentis
1112 1273 1285 1339 uitae
1324 1275 1501 1342 statu
1537 1273 1744 1342 adhuc
1785 1294 1926 1342 esse
1961 1276 2188 1360 utique
2219 1275 2700 1356 consulendum,

391 1378 519 1446 nisi
566 1379 737 1462 quod
781 1399 883 1446 me
930 1380 1263 1446 consulere
1308 1380 1600 1460 uoluisti,
1657 1381 1829 1466 quod
1875 1384 1989 1448 aut
2031 1401 2284 1448 mecum
2329 1383 2540 1448 nescis
2587 1385 2702 1448 aut

392 1505 645 1552 mecum
702 1487 831 1580 scis
888 1489 1002 1553 aut
1052 1487 1261 1572 magis
1324 1506 1517 1570 quam
1574 1506 1692 1573 ego
1758 1489 2027 1554 forsitan
2083 1489 2234 1569 scis,
2299 1489 2534 1574 quippe
2589 1489 2700 1574 qui

307 1614 356 1654 ιο
394 1591 588 1661 etiam
622 1591 958 1660 uerissime
989 1592 1219 1660 dixeris
1258 1593 1694 1679 euangelicam
1730 1597 2000 1662 mortem
2036 1594 2214 1680 prius
2244 1595 2700 1675 emoriendum,

394 1702 541 1783 ‘qua
603 1701 917 1769 carnalem
978 1699 1435 1768 resolutionem
1500 1701 1860 1769 uoluntario
1925 1701 2368 1786 praeuenimus
2433 1721 2698 1768 excessu

392 1825 517 1872 non
586 1806 765 1874 obitu
828 1806 942 1872 sed
1005 1807 1321 1872 sententia
1382 1808 1752 1874 recedentes
1815 1807 1894 1873 ab
1959 1808 2153 1874 huius
2219 1808 2458 1876 saeculi
2522 1808 2700 1874 uita’.

394 1911 662 1998 simplex
717 1913 873 1982 haec
927 1913 1091 1980 actio
1140 1917 1205 1980 et
1248 1914 1426 1980 nullo
1474 1914 1894 1982 dubitationis
1943 1918 2126 1982 aestu
2181 1914 2470 1994 fluctuat,
2528 1915 2699 1998 quod

390 2021 482 2085 ita
519 2037 635 2085 nos
670 2020 888 2086 uiuere
926 2025 1216 2105 oportere
1254 2039 1585 2088 censemus
1632 2022 1697 2087 in
1743 2022 1863 2087 hac
1899 2022 2038 2088 uita
2081 2021 2357 2102 mortali,
2404 2026 2482 2088 ut
2523 2021 2698 2088 uitae

304 2149 354 2190 ιε
391 2125 710 2194 inmortali
778 2128 1052 2211 quodam
1116 2127 1304 2195 modo
1372 2132 1763 2213 coaptemur.
1827 2147 2054 2195 uerum
2120 2129 2324 2196 omnis
2384 2130 2695 2212 quaestio,

393 2252 553 2316 quae
618 2237 879 2320 agentes
944 2237 1444 2320 quaerentesque
1511 2235 1848 2302 conturbat
1919 2235 2229 2314 homines,
2303 2235 2511 2318 qualis
2579 2255 2696 2321 ego

392 2359 558 2420 sum,
612 2341 727 2408 illa
773 2344 893 2420 est,
949 2359 1223 2424 quonam
1267 2341 1457 2408 modo
1504 2341 1858 2408 uiuendum
1915 2342 2002 2408 sit
2054 2343 2162 2408 uel
2215 2342 2381 2407 inter
2427 2360 2534 2408 eos
2591 2343 2698 2408 uel

387 2449 644 2532 propter
689 2465 819 2525 eos,
876 2447 987 2530 qui
1031 2447 1309 2514 nondum
1356 2449 1575 2513 uiuere
1621 2446 1947 2514 moriendo
1992 2450 2309 2513 nonerunt
2353 2466 2477 2512 non
2520 2466 2692 2513 reso-

388 2552 633 2620 lutione
707 2554 985 2638 corporis
1060 2554 1173 2620 sed
1247 2554 1520 2637 quodam
1598 2573 1666 2620 se
1741 2573 1776 2618 a
1850 2553 2280 2638 corporalibus
2353 2553 2691 2620 inlecebris

300 2683 351 2722 20
391 2661 739 2726 auertentis
811 2661 1045 2726 mentis
1128 2661 1379 2726 affectu.
1470 2661 1844 2744 plerumque
1918 2660 2084 2726 enim
2161 2660 2418 2726 uidetur
2485 2660 2692 2740 nobis,

393 2766 581 2849 quod,
648 2767 771 2832 nisi
838 2766 929 2832 eis
996 2767 1462 2850 aliquantulum
1529 2773 1959 2854 congruamus
2015 2768 2098 2833 ad
2159 2787 2232 2832 ea
2294 2767 2454 2851 ipsa,
2527 2766 2693 2833 unde

389 2872 537 2938 illos
576 2873 816 2938 extrahi
854 2874 1172 2956 cupimus,
1210 2873 1371 2940 nihil
1410 2893 1552 2940 cum
1594 2875 1686 2940 eis
1725 2872 2062 2940 salubriter
2099 2895 2282 2960 agere
2319 2875 2693 2958 poterimus.

394 2981 559 3064 quod
626 2999 773 3044 cum
834 2980 1129 3060 facimuS,
1195 2981 1423 3046 talium
1478 2981 1818 3046 delectatio
1884 2981 2168 3065 subrepit
2223 2985 2288 3046 et
2349 2981 2556 3058 nobis,
2619 2984 2696 3046 ut

394 3105 583 3170 saepe
612 3087 807 3152 etiam
851 3088 1030 3170 loqui
1068 3108 1233 3153 uana
1264 3088 1539 3154 delectet
1574 3107 1918 3171 auremque
1953 3088 2248 3174 praebere
2284 3088 2694 3172 loquentibus

300 3217 356 3257 25
391 3212 507 3261 nec
554 3194 837 3260 adridere
874 3198 1123 3260 tantum
1171 3195 1285 3262 sed
1334 3196 1523 3260 etiam
1570 3195 1706 3260 risu
1752 3195 1926 3260 uinci
1973 3215 2046 3260 ac
2091 3195 2280 3261 solui.
2333 3195 2427 3260 ita
2469 3195 2692 3277 pulue-

393 3301 517 3365 reis
585 3301 968 3384 quibusdam
1031 3303 1137 3366 uel
1202 3301 1395 3368 etiam
1465 3301 1666 3366 luteis
1731 3301 2062 3366 affectibus
2136 3304 2386 3368 nostras
2451 3301 2692 3368 animas

392 3411 882 3492 praegrauantes
944 3407 1353 3474 laboriosius.
1396 3411 1461 3472 et
1522 3407 1769 3492 pigrius
1831 3409 2124 3474 leuamus
2189 3408 2270 3474 ad
2336 3408 2546 3484 deum,
2620 3411 2697 3474 ut

394 3515 693 3580 uiuamus
750 3515 1185 3598 euangelicam
1248 3515 1452 3580 uitam
1514 3514 1838 3580 moriendo
1905 3515 2338 3600 euangelicam
2402 3517 2693 3580 mortem.

397 3621 565 3704 quod
603 3621 659 3687 si
697 3621 1032 3704 aliquando
1074 3620 1473 3700 successerit,
1522 3622 1742 3687 statim
1791 3621 2168 3686 subicietur:
2207 3623 2430 3706 ‘Euge,
2479 3623 2695 3705 eugel’

581 3865 787 3920 10-12
824 3887 893 3911 =
930 3882 984 3935 p.
1022 3865 1145 3929 501,
1186 3864 1363 3919 7—10

472 3991 535 4043 11
577 4006 739 4060 quam
776 3987 933 4044 codd.
974 3989 1123 4056 edd.;
1162 3989 1232 4056 cf.
1262 4005 1324 4058 p.
1369 3991 1496 4054 501,
1536 3992 1575 4041 8
1829 3989 2240 4058 praeueniamus
2286 3987 2398 4044 VU
2430 3987 2582 4054 edd.;
2620 3989 2691 4056 cf.

390 4095 451 4148 p.
498 4081 622 4142 501,
668 4080 703 4131 9
863 4079 927 4132 15
964 4077 1201 4142 mortali,
1238 4093 1375 4132 corr.
1414 4094 1481 4132 m.
1504 4083 1533 4130 1
1570 4077 1850 4132 inmortali
1884 4077 1938 4130 P
2064 4079 2128 4133 17
2169 4077 2428 4148 quonam]
2471 4085 2560 4146 qm
2600 4081 2693 4142 (=

400 4167 677 4236 quoniam)
715 4166 771 4219 P
940 4163 1235 4220 uidendum
1276 4163 1327 4216 P
1472 4166 1539 4218 18
1576 4165 1961 4222 resolutionem
1997 4167 2053 4221 P
2198 4167 2262 4221 19
2302 4164 2692 4236 corporalibus]

290 4321 295 4325 ,
400 4255 711 4325 corporibus
747 4255 803 4309 P
908 4254 978 4308 20
1018 4257 1329 4309 auertentes
1367 4253 1487 4310 edd.
1617 4256 1685 4310 23
1725 4255 1986 4325 subrepit,
2025 4271 2163 4310 corr.
2203 4253 2438 4326 subripit
2483 4253 2536 4308 V
2568 4254 2696 4308 sub·

400 4345 531 4414 ripit-
577 4343 633 4398 U
732 4344 802 4398 25
839 4343 972 4397 risui
1008 4343 1063 4396 P
1170 4344 1236 4398 27
1278 4347 1646 4414 aggi-anantes
1695 4343 1806 4398 VU
1839 4344 1958 4399 edd.
