3184 4959
501 441 630 504 590
1223 438 1278 493 S.
1332 437 1608 492 Aureli
1662 437 2095 508 Augustini

501 633 696 714 sione,
747 635 1048 720 quicquid
1095 638 1352 702 terroris
1399 635 1908 720 praeparabatur,
1956 637 2206 700 auertat
2252 641 2316 702 et
2364 638 2692 704 conuertat
2733 637 2799 702 in

501 740 828 824 gaudium,
895 742 1021 807 iam
1077 743 1260 808 nouit
1309 743 1471 825 ipse,
1537 761 1653 807 nos
1712 745 1927 807 autem
1980 742 2370 826 ignoramus,
2442 745 2596 828 quid
2650 763 2797 828 ergo

498 848 603 911 hic
677 852 820 913 ante
893 853 1148 931 tempus
1220 849 1386 914 inter
1449 868 1563 915 nos
1632 867 1746 932 ego
1816 851 1879 913 et
1939 851 2327 930 praestantia
2391 855 2505 916 tua
2566 851 2801 915 frustra

497 955 904 1020 laboremus?
967 973 1348 1037 seponamus
1397 955 1734 1038 paululum
1784 974 2019 1034 curam,
2079 957 2263 1021 cuius
2312 958 2465 1022 hora
2510 975 2631 1022 non
2681 961 2798 1022 est.

500 1065 564 1126 et
601 1061 771 1144 quod
808 1081 1059 1144 semper
1094 1062 1312 1140 instat,
1354 1063 1408 1127 si
1444 1063 1677 1145 placet,
1718 1081 2005 1145 agamus,
2054 1065 2303 1129 nullum
2342 1064 2509 1128 enim
2546 1067 2799 1145 tempus
2858 1084 2885 1124 ε

503 1170 621 1246 est,
695 1187 818 1251 quo
885 1187 1008 1233 non
1075 1167 1296 1233 deceat
1359 1172 1424 1233 et
1490 1171 1781 1252 oporteat
1849 1188 2056 1252 agere,
2132 1170 2299 1234 unde
2365 1171 2481 1236 deo
2555 1171 2798 1253 placere

499 1275 852 1359 possimus;
929 1275 1098 1357 quod
1172 1275 1232 1340 in
1314 1276 1432 1340 hac
1501 1276 1639 1339 uita
1713 1293 1915 1358 usque
1992 1275 2067 1339 ad
2138 1295 2275 1341 eam
2348 1277 2797 1358 perfectionem

497 1379 770 1462 impleri,
836 1383 910 1446 ut
972 1383 1220 1446 nullum
1279 1383 1530 1447 omnino
1598 1385 1935 1464 peccatum
1998 1381 2154 1448 insit
2217 1383 2281 1448 in
2348 1382 2623 1460 homine,
2691 1386 2800 1446 aut

498 1506 622 1552 non
666 1490 882 1571 potest
928 1491 1040 1552 aut
1084 1490 1247 1554 forte
1295 1489 1747 1553 difficillimum
1798 1493 1915 1554 est.
1966 1489 2108 1554 inde
2157 1489 2459 1573 praecisis
2508 1488 2797 1554 omnibus

503 1594 916 1659 dilationibus
957 1595 1034 1659 ad
1072 1595 1249 1660 illius
1298 1596 1565 1680 gratiam
1616 1595 2109 1680 confugiendum
2158 1599 2276 1674 est,
2319 1596 2421 1660 cui
2468 1595 2799 1662 uerissime
2838 1619 2889 1660 ιο

503 1700 628 1765 dici
685 1705 920 1784 potest,
980 1701 1146 1784 quod
1207 1701 1478 1766 carmine
1536 1701 1888 1766 adulatorio
1946 1703 2161 1768 nescio
2221 1701 2325 1766 cui
2381 1702 2581 1768 nobili
2627 1701 2796 1774 dixit,

505 1809 614 1890 qui
678 1809 892 1873 tamen
961 1827 1032 1872 ex
1093 1807 1368 1873 Cumaeo
1435 1811 1761 1890 tamquam
1830 1827 1903 1872 ex
1965 1809 2335 1892 prophetico
2394 1809 2668 1873 carmine
2731 1827 2799 1873 se

505 1913 826 1996 accepisse
876 1913 1202 1978 confessus
1253 1918 1378 1977 est:

718 2019 804 2083 Te
853 2019 1033 2096 duce,
1082 2019 1136 2083 si
1185 2039 1310 2102 qua
1356 2024 1613 2084 manent
1661 2019 1919 2084 sceleris
1968 2020 2245 2104 uestigia
2291 2020 2511 2094 nostri,

718 2125 909 2189 inrita
952 2129 1259 2210 perpetua
1305 2128 1558 2192 soluent
1604 2126 1939 2192 formidine
1984 2129 2205 2194 terras,
2838 2157 2889 2194 15

510 2233 630 2297 hoc
678 2232 844 2297 enim
892 2231 1052 2297 duce
1108 2233 1340 2298 solutis
1388 2233 1682 2298 omnibus
1732 2233 2141 2314 dimissisque
2195 2232 2476 2315 peccatis
2532 2231 2652 2298 hac
2694 2231 2799 2296 uia

516 2339 593 2404 ad
640 2339 978 2404 caelestem
1034 2339 1304 2421 patriam
1359 2340 1748 2423 peruenitur,
1806 2341 1991 2404 cuius
2036 2339 2425 2404 habitatione
2473 2358 2617 2404 cum
2663 2357 2796 2402 eam

513 2445 628 2511 tibi
669 2445 1020 2524 amandam,
1061 2448 1368 2528 quantum
1405 2446 1609 2528 potui,
1649 2445 2175 2524 commendarem,
2225 2445 2566 2511 admodum
2604 2444 2800 2510 delec-

513 2557 687 2617 tatus
737 2571 825 2618 es,

245 2658 336 2722 IV
385 2660 467 2723 12
605 2659 730 2725 Sed
785 2659 933 2741 quia
989 2659 1226 2736 dixisti,
1291 2658 1466 2740 quod
1521 2678 1739 2724 omnes
1797 2677 1932 2723 eam
1999 2658 2176 2743 leges
2234 2657 2506 2723 diuersis
2559 2658 2685 2723 uiis
2738 2660 2799 2722 et
2836 2683 2891 2723 ιο

511 2765 875 2832 tramitibus
924 2769 1246 2849 appetant,
1293 2785 1537 2843 uereor,
1586 2785 1665 2830 ne
1710 2765 1893 2844 forte,
1943 2784 2087 2830 cum
2133 2767 2323 2847 putas
2381 2765 2574 2830 etiam
2626 2764 2799 2829 illam

511 2873 704 2952 uiam,
738 2873 804 2936 in
845 2893 969 2955 qua
1006 2891 1169 2938 nunc
1199 2873 1586 2938 constitutus
1628 2891 1715 2950 03,
1750 2891 1821 2936 00
1854 2872 2127 2950 tendere,
2156 2871 2398 2956 pigrior
2436 2871 2527 2936 sis
2556 2871 2633 2936 ad
2664 2889 2791 2934 eam

509 2979 866 3055 tenendam,
915 2999 1074 3061 quae
1119 2979 1276 3043 illuc
1324 2979 1460 3044 sola
1503 2979 1818 3061 perducit.
1868 2979 1980 3043 sed
2028 2998 2250 3044 rursus
2298 2979 2589 3056 uerbum,
2636 2976 2797 3058 quod

507 3086 804 3170 posuisti,
862 3086 1202 3170 diligenter
1257 3085 1604 3151 adtendens
1668 3085 1890 3152 uideor
1950 3085 2109 3150 mihi
2162 3088 2341 3150 tuam
2406 3104 2530 3149 non
2592 3084 2797 3167 inpru-

510 3193 728 3257 denter
783 3193 1022 3276 aperire
1089 3193 1490 3257 sententiam.
1547 3211 1753 3275 neque
1810 3191 1978 3257 enim
2036 3191 2271 3270 dixisti,
2338 3211 2529 3274 quam
2586 3207 2797 3256 omnes
2832 3213 2885 3256 2⁵

508 3301 684 3383 leges
743 3300 1012 3364 diuersis
1069 3299 1194 3364 uiis
1251 3303 1316 3364 et
1369 3299 1736 3364 tramitibus
1795 3299 2232 3381 adsequuntur
2297 3301 2409 3362 aut
2464 3295 2801 3362 ostendunt

509 3411 620 3472 aut
673 3406 1006 3471 inueniunt
1059 3409 1170 3471 aut
1220 3405 1667 3490 ingrediuntur
1721 3407 1833 3471 aut
1878 3406 2165 3470 obtinent
2220 3408 2332 3469 aut
2378 3403 2621 3486 aliquid
2666 3401 2799 3467 eius

507 3511 699 3588 modi,
759 3512 870 3576 sed
937 3512 1198 3577 dicendo
1263 3513 1617 3596 ‘appetunt'
1676 3512 1905 3577 librato
1973 3511 2166 3575 uerbo
2233 3514 2419 3594 atque
2496 3525 2798 3592 perpenso

507 3639 627 3683 non
685 3618 1084 3699 adeptionem
1153 3619 1529 3704 significasti
1596 3619 1707 3683 sed
1767 3617 2158 3702 adipiscendi
2214 3617 2651 3700 cupiditatem.
2714 3615 2801 3678 ita

506 3745 620 3791 nec
685 3725 883 3800 illam,
953 3745 1113 3806 quae
1177 3745 1328 3790 uera
1383 3731 1502 3803 est,
1571 3725 1899 3790 exclusisti
1962 3743 2077 3788 nec
2144 3724 2322 3799 alias,
2390 3741 2549 3806 quae
2604 3721 2801 3785 falsae
2834 3752 2887 3792 ει.»

507 3837 677 3911 sunt,
745 3831 1092 3910 admisisti3
1162 3836 1226 3896 et
1288 3832 1398 3897 illa
1466 3832 1701 3914 quippe
1767 3832 2029 3915 appetit,
2088 3849 2249 3913 quae
2312 3829 2624 3912 perducit,
2690 3845 2801 3892 nec

503 3938 794 4022 perducit
849 3939 1077 4012 omniS,
1143 3957 1302 4020 quae
1367 3939 1486 4002 hoc
1553 3936 1815 4021 appetit.
1885 3956 2009 4019 quo
2068 3936 2358 4018 quisquis
2416 3933 2798 4018 perducitur,

505 4047 642 4110 sine
706 4046 840 4110 ulla
905 4044 1303 4109 dubitatione
1366 4044 1593 4108 beatus
1658 4045 1785 4118 est3
1860 4042 2029 4107 beati
2095 4043 2308 4106 autem
2374 4061 2593 4106 omnes
2661 4058 2799 4106 0330

686 4237 753 4289 14
789 4235 951 4304 Verg.
989 4235 1124 4288 Buc.
1162 4234 1242 4288 IV
1283 4234 1492 4288 13—14
1602 4232 1812 4286 20—21
1856 4231 1924 4286 cf.
1962 4249 2015 4301 p.
2056 4233 2177 4296 579,
2216 4232 2427 4286 20—21

575 4341 606 4392 9
645 4339 788 4393 1111ᾶο
825 4357 878 4393 m
977 4340 1046 4392 24
1083 4337 1428 4407 impudenter
1473 4337 1525 4390 V
1558 4337 1649 4408 (m.
1672 4340 1711 4390 2
1746 4335 2141 4406 imprudenter)
2190 4335 2285 4390 Ue
2376 4337 2445 4390 32
2484 4335 2608 4406 hoc]
2648 4333 2707 4389 id
2752 4333 2809 4388 U
