3184 4959
243 1050 266 1089 ⁵

129 1130 212 1194 16

219 1584 265 1622 10

219 2114 266 2154 15

133 2630 288 2691 1720

1054 407 1578 477 epistularum
1637 408 1823 465 CXXI.
2462 414 2587 478 737

305 601 525 667 eadem
561 604 696 669 erat
731 601 1016 667 eiusdem
1057 601 1336 683 corporis
1373 603 1596 680 forma,
1637 621 1798 685 quae
1835 603 2061 681 fuerat,
2100 607 2230 683 aut,
2280 604 2335 669 si
2374 604 2589 670 eadem

305 712 456 788 erat,
505 728 630 792 quo
674 707 863 774 modo
911 727 1034 774 non
1091 709 1552 792 agnoscebatur
1599 710 1677 773 ab
1732 708 1855 787 his,
1904 710 2011 791 qui
2059 729 2197 775 eam
2241 714 2592 776 nouerant?

301 814 464 879 illud
509 833 658 879 uero
709 813 1084 880 sacramenti
1131 832 1272 879 esse
1329 814 1536 889 credo,
1584 813 1774 899 quod,
1824 814 1934 897 qui
1986 814 2051 880 in
2106 816 2215 880 uia
2270 816 2593 882 ambulan-

303 921 474 985 tibus
522 939 645 986 non
691 921 898 986 fuerat
942 920 1217 1006 agnitus,
1264 921 1328 985 in
1375 921 1681 987 fractione
1735 921 1917 1004 panis
1971 924 2295 987 reuelatus
2351 926 2469 990 est.
2523 922 2590 987 id

303 1027 514 1109 ipsum
559 1030 770 1093 tamen
816 1030 928 1093 tuo
977 1046 1170 1093 sensu
1213 1028 1363 1093 uolo
1409 1030 1643 1107 tenere,
1690 1047 1815 1093 non
1860 1047 2022 1094 meo.

389 1134 476 1199 Et
529 1133 698 1217 quod
763 1134 842 1199 ad
896 1134 1162 1199 Mariam
1229 1134 1346 1199 ait:
1401 1134 1590 1200 Noli
1657 1154 1773 1200 me
1828 1138 2185 1220 tangere,
2249 1135 2593 1201 nondum

304 1242 510 1307 enim
583 1242 916 1307 ascendi
987 1241 1079 1307 ad
1152 1245 1480 1324 patrem,
1563 1242 1620 1305 si
1692 1240 2049 1307 comminus
2126 1246 2398 1308 stantem
2471 1261 2593 1308 non

303 1348 624 1414 sinebatur
669 1347 1014 1431 adtingere,
1063 1368 1188 1432 quo
1235 1348 1422 1414 modo
1471 1367 1619 1413 eum
1664 1350 1970 1433 tangeret,
2010 1367 2157 1415 cum
2206 1348 2599 1415 ascendisset

303 1453 382 1519 ad
435 1458 700 1538 patrem,
763 1455 889 1520 nisi
943 1456 1102 1521 forte
1167 1454 1313 1520 fidei
1375 1454 1664 1537 profectu
1720 1458 1786 1521 et
1837 1456 2069 1521 mentis
2124 1474 2413 1536 ascensu,
2474 1474 2598 1539 qua

305 1562 459 1627 deus
504 1562 750 1626 homini
792 1561 868 1627 fit
917 1561 1304 1646 longinquus
1350 1565 1463 1626 aut
1517 1561 1883 1645 proximus?
1934 1564 1999 1629 et
2040 1562 2152 1627 illa
2198 1561 2601 1627 dubitauerat

304 1668 380 1732 de
429 1666 701 1745 Christe,
751 1686 938 1750 quem
985 1668 1392 1733 hortulanum
1437 1670 1803 1750 putauerat3
1851 1667 1995 1735 ideo
2042 1669 2331 1735 fortassis
2380 1668 2597 1733 audire

304 1774 565 1839 meruit:
633 1774 820 1839 Noli
882 1793 998 1839 me
1061 1778 1419 1859 tangere3
1486 1774 1746 1859 indigna
1808 1775 1975 1839 enim
2040 1774 2460 1852 indicabatur,
2523 1777 2601 1839 ut

305 1882 594 1964 tangeret
655 1900 846 1945 manu
912 1880 1258 1960 Christum,
1325 1900 1513 1964 quem
1579 1881 1851 1947 necdum
1915 1880 2053 1947 fide.
2104 1882 2602 1965 adprehenderat

304 2005 420 2051 nec
489 1986 885 2053 intellexerat
956 1987 1164 2066 deum,
1239 2007 1385 2053 cum
1461 1988 1873 2054 hortulanum
1943 1991 2255 2072 putasset,
2330 1987 2407 2054 de
2473 2007 2596 2071 quo

305 2094 492 2176 paulo
533 2096 677 2159 ante
717 2094 791 2159 ab
833 2096 1078 2179 angelis
1127 2093 1441 2161 audierat:
1483 2092 1691 2173 Quid
1731 2094 2136 2176 quaeritis
2184 2094 2597 2161 uiuentem

305 2219 472 2265 cum
531 2199 924 2268 mortuis?
978 2201 1146 2267 noli
1193 2220 1342 2285 ergo
1409 2219 1521 2265 me
1579 2205 1939 2287 tangere,
1998 2200 2186 2283 quia
2240 2201 2359 2266 tibi
2423 2220 2598 2266 non-

305 2307 478 2371 dum
529 2307 862 2373 ascendi
910 2308 1002 2373 ad
1047 2310 1379 2391 patrem,
1429 2307 1532 2372 cui
1580 2307 1789 2373 adhuc
1826 2309 2073 2373 tantum
2121 2308 2308 2373 homo
2348 2307 2598 2383 uideor;

303 2416 528 2497 postea
587 2433 689 2478 me
744 2417 990 2498 tanges,
1047 2434 1192 2479 cum
1257 2413 1335 2479 ad
1399 2414 1869 2499 agnoscendum
1936 2432 2035 2479 me
2093 2414 2397 2479 credendo
2456 2432 2599 2479 con-

308 2520 646 2585 scenderiS.

395 2626 492 2691 De
564 2627 695 2692 illis
761 2627 950 2691 etiam
1023 2627 1379 2692 beatissimi
1445 2626 1777 2711 Symeonis
1841 2626 2055 2692 uerbis
2122 2627 2277 2711 quid
2341 2626 2598 2706 sentias,

309 2732 585 2797 edissere
664 2732 846 2811 mihi,
921 2736 994 2799 ut
1075 2738 1303 2818 sequar
1375 2752 1634 2799 sensum
1708 2735 1913 2810 tuum,
1982 2733 2237 2816 quibua,
2302 2752 2446 2799 cum
2522 2733 2602 2827 ad

306 2838 650 2905 uidendum
697 2858 770 2905 ex
817 2842 1068 2906 oraculo
1117 2840 1218 2905 dei
1268 2840 1597 2906 Christum
1643 2842 1868 2923 agente
1924 2840 2151 2924 spiritu
2196 2839 2482 2905 uenisset
2517 2824 2599 2904 “m

307 2949 619 3031 templum
676 2952 738 3013 et
803 2950 1133 3031 acceptum
1199 2947 1341 3012 sinu
1402 2948 1833 3013 benedixisset
1891 2946 2195 3011 infantem
2253 2946 2597 3013 dominum.

311 3056 400 3119 ait
463 3055 540 3120 ad
603 3054 900 3119 Mariam:
965 3054 1166 3119 Ecce
1230 3053 1362 3118 hio
1424 3054 1754 3136 positus
1820 3054 1947 3117 est
2009 3052 2083 3118 in
2148 3052 2458 3117 ruinam
2526 3058 2601 3117 et

487 3318 522 3370 4
558 3315 688 3369 Luc.
727 3315 813 3378 24,
852 3314 1059 3369 30—31
1210 3315 1243 3367 6
1279 3314 1396 3369 Ioh.
1436 3314 1524 3378 20,
1565 3316 1631 3369 17
1788 3316 1853 3369 15
1890 3313 2019 3369 Luc.
2060 3315 2147 3378 24,
2186 3317 2219 3370 5
2365 3314 2435 3367 24
2471 3312 2601 3367 Luc.

310 3406 359 3467 2,
399 3406 610 3459 34—35

382 3556 415 3611 3
454 3555 546 3625 qui
585 3572 685 3611 om.
724 3554 798 3607 M
899 3556 934 3607 4
971 3554 1150 3625 panis]
1191 3554 1366 3625 qualis
1397 3556 1448 3607 A
1550 3557 1582 3609 5
1619 3557 1716 3609 tuo
1759 3558 1812 3619 (o
1849 3570 1916 3607 m.
1941 3557 1981 3609 2
2014 3554 2080 3607 im,
2113 3569 2227 3610 ras.
2266 3556 2407 3607 1—2
2446 3552 2503 3619 1.)
2532 3552 2607 3606 M

312 3648 341 3699 7
382 3649 532 3700 stans
574 3650 620 3713 (s
656 3647 784 3699 m.2
819 3644 884 3698 in
917 3659 1032 3697 ras.
1074 3646 1113 3698 2
1151 3644 1205 3707 l.,
1242 3659 1479 3713 quarum
1516 3660 1607 3713 pr.
1647 3643 1839 3747 tisuit)
1877 3643 1950 3695 Μ
2208 3642 2241 3696 8
2288 3640 2606 3696 sinebantur

313 3767 401 3826 (m.
423 3767 454 3814 1
479 3760 510 3815 3
546 3777 665 3830 exp.
693 3765 838 3830 post.
877 3762 934 3826 n)
968 3758 1021 3814 G
1120 3760 1152 3813 9
1189 3776 1317 3822 non,
1355 3775 1494 3813 corr.
1531 3776 1601 3813 m.
1622 3764 1654 3812 1
1680 3776 1715 3813 n
1750 3758 1798 3813 0
1898 3758 2039 3822 ndei,
2078 3774 2214 3812 corr.
2244 3774 2312 3811 m.
2334 3762 2365 3811 1
2400 3756 2529 3810 fidei
2562 3755 2608 3809 C'

383 3866 486 3921 quo
524 3850 577 3902 A
693 3848 759 3905 10
795 3836 938 3903 hffirll
981 3847 1116 3914 (suit
1152 3852 1192 3915 1)
1232 3848 1307 3901 M
1473 3849 1547 3903 sit
1582 3848 1640 3903 R
1783 3850 1841 3902 et
1878 3847 2007 3917 quia
2042 3838 2141 3901 illa
2186 3845 2289 3901 VR
2446 3844 2602 3898 dubi-

309 3940 511 3993 tauerit
545 3937 853 3992 MAVRK
887 3952 1042 3991 aem
1253 3938 1318 3991 12
1353 3941 1613 4007 tangere*
1648 3938 1861 4005 (fuitne
1896 3940 1923 3991 t
1959 3934 2011 4007 ἓ)
2046 3934 2114 3989 K
2312 3935 2375 3989 13
2416 3950 2518 4003 que
2562 3932 2610 3987 0

313 4030 378 4081 15
418 4028 596 4097 queris
633 4026 690 4081 R
819 4028 885 4081 16
921 4024 1182 4130 υοιιίᾶιιιῑι]
1222 4042 1329 4080 non
1367 4024 1476 4080 AO
1598 4026 1668 4079 20
1703 4024 2033 4079 beatissimis
2071 4022 2190 4076 MA
2206 4022 2315 4077 GK
2473 4020 2603 4091 quid

311 4142 515 4197 sentias
553 4158 656 4197 om.
696 4145 749 4196 A
893 4143 958 4197 21
1001 4159 1066 4211 q»
1103 4142 1188 4209 (b3
1227 4146 1394 4207 eras.)
1439 4141 1493 4195 V
1633 4141 1703 4195 23
1740 4143 1966 4209 acceptu
2009 4138 2057 4192 0
2250 4138 2371 4192 sinu
2408 4153 2511 4192 om.
2548 4136 2605 4190 A

380 4232 660 4287 benedixit
694 4231 873 4285 MAC'
995 4230 1243 4299 infatem,
1280 4248 1349 4286 m.
1372 4234 1411 4285 2
1446 4230 1712 4285 infantem
1752 4231 1805 4284 A
1929 4228 2087 4283 deum
2124 4228 2180 4284 R
2288 4228 2358 4283 24
2393 4225 2605 4298 positus

312 4325 397 4376 est
431 4320 522 4376 hic
558 4322 612 4375 A
648 4337 749 4375 sec.
797 4320 954 4391 Vuly.

363 4447 599 4497 xxxun,
629 4445 746 4496 Aug.
777 4450 886 4485 sect.
918 4444 962 4484 11
988 4456 1093 4495 pars
1123 4448 1163 4486 2.
2465 4422 2532 4474 47
