3184 4959
1246 477 1780 546 epistularum
1841 477 1956 533 CII.
2623 485 2752 548 555

454 670 666 732 autem
737 667 985 751 quando
1048 667 1180 748 fiat,
1248 669 1417 751 quod
1482 670 1562 734 ad
1627 689 1818 736 unam
1885 671 2276 755 eandemque
2339 673 2626 740 fidelium
2692 679 2756 740 et

452 775 701 856 piorum
746 775 1187 841 liberationem
1225 777 1559 859 pertineat,
1611 779 1948 844 consilium
1988 779 2105 844 deo
2142 781 2524 858 tribuamus,
2571 783 2756 850 nobis

455 881 918 947 oboedientiam
956 886 1307 950 teneamus.
1355 883 1616 967 proinde
1665 884 1806 950 aliis
1843 890 1998 951 tunc
2045 887 2403 954 nominibus
2445 893 2509 954 et
2555 889 2755 976 signis

454 988 597 1053 aliis
662 993 876 1054 autem
940 1008 1107 1054 nunc
1172 993 1237 1055 et
1307 990 1485 1073 prius
1553 991 1872 1056 occultius
1937 995 2162 1076 postea
2225 995 2625 1062 manifestius
2691 997 2758 1062 et

386 1121 411 1159 ⁵
451 1095 628 1177 prius
669 1115 705 1160 a
739 1096 1146 1179 paucioribus
1192 1101 1340 1181 post
1376 1117 1413 1161 a
1448 1097 1739 1182 pluribus
1787 1119 1912 1164 una
1956 1103 2168 1166 tamen
2210 1100 2556 1185 eademque
2603 1123 2757 1168 uera

452 1201 675 1286 religio
725 1203 1119 1288 significatur
1164 1208 1229 1270 01
1274 1205 1668 1271 obseruatur.

280 1315 363 1379 13
542 1310 677 1375 Nec
732 1330 848 1376 nos
907 1310 998 1376 eis
1056 1311 1389 1390 obicimuS,
1456 1312 1627 1394 quod
1683 1313 1867 1378 aliter
1919 1314 2133 1378 Numa
2185 1313 2544 1399 Pompilius
2599 1316 2753 1381 deos

456 1417 755 1504 colendos
818 1417 1121 1482 Romanis
1194 1418 1497 1496 instituit,
1573 1421 1764 1501 atque
1829 1420 1906 1484 ab
1982 1419 2075 1485 eis
2149 1421 2256 1485 uel
2317 1421 2499 1487 Italis
2573 1425 2759 1488 antea

454 1523 843 1604 colebantur,
899 1543 1015 1589 nec
1062 1523 1231 1608 quod
1274 1525 1694 1610 Pythagoreis
1739 1526 2136 1608 temporibus
2183 1526 2296 1591 illa
2349 1527 2758 1611 philosophia

366 1653 416 1691 ιο
456 1631 771 1696 celebrata
816 1633 936 1709 est,
995 1649 1153 1714 quae
1201 1635 1387 1696 antea
1440 1631 1544 1697 uel
1592 1633 1845 1698 omnino
1893 1651 2015 1698 non
2063 1635 2200 1699 erat
2244 1634 2350 1698 uel
2394 1633 2458 1699 in
2505 1634 2755 1717 paucis-

456 1737 635 1802 simis
690 1737 911 1802 eadem
976 1737 1399 1804 sentientibus
1454 1759 1577 1805 non
1635 1743 1846 1805 tamen
1905 1740 2126 1806 eodem
2192 1741 2321 1806 ritu
2383 1741 2755 1806 uiuentibus

454 1845 727 1910 fortasse
784 1844 1099 1920 latitabat,
1158 1845 1271 1910 sed
1325 1848 1543 1910 utrum
1599 1846 1696 1934 illi
1745 1845 1832 1911 dii
1879 1845 2015 1912 ueri
2062 1849 2176 1912 aut
2219 1847 2468 1912 colendi
2515 1847 2645 1913 sint
2691 1849 2758 1913 et

455 1953 673 2014 utrum
735 1949 848 2014 illa
909 1951 1313 2035 philosophia
1378 1953 1570 2018 saluti
1628 1953 1978 2018 animarum
2035 1953 2275 2037 aliquid
2337 1953 2567 2038 prosit3
2633 1955 2755 2019 hoc

457 2077 602 2123 cum
641 2057 733 2123 eis
771 2057 1043 2142 agimuS,
1090 2059 1211 2124 hoc
1256 2059 1321 2124 in
1363 2060 1799 2142 quaestionem
1838 2079 2166 2138 uocamus,
2213 2061 2335 2126 1100
2375 2060 2754 2145 disputando

366 2182 416 2222 ιε»
456 2164 902 2230 conuellimus.
952 2164 1245 2230 desinant
1288 2165 1489 2250 igitur
1537 2166 1784 2232 obicere
1831 2167 2041 2245 nobiS,
2090 2167 2260 2250 quod
2317 2167 2486 2232 omni
2543 2171 2753 2233 sectae

454 2274 519 2336 et
564 2271 736 2336 omni
782 2271 1021 2337 nomini
1058 2272 1383 2358 religionis
1423 2273 1589 2339 obici
1626 2277 1860 2356 potest.
1912 2292 2053 2338 oum
2105 2275 2272 2339 enim
2323 2293 2444 2339 non
2493 2273 2754 2339 fortuito

451 2377 583 2442 labi
639 2378 752 2443 sed
809 2378 1029 2443 diuina
1080 2377 1481 2461 prouidentia
1534 2382 1822 2464 tempora
1877 2379 2151 2444 ordinari
2207 2381 2543 2457 fateantur,
2601 2379 2753 2461 quid

456 2484 685 2567 cuique
731 2483 1003 2568 tempori
1050 2487 1267 2568 aptum
1318 2487 1383 2548 et
1419 2487 1844 2567 opportunum
1883 2485 1988 2562 sit,
2028 2486 2379 2550 humanum
2417 2470 2754 2552 consilium

453 2590 985 2674 praetergreditur
1057 2593 1124 2654 et
1194 2590 1371 2654 1111110
1448 2589 1839 2674 dispertitur,
1905 2591 2072 2657 unde
2142 2592 2286 2676 ipsa
2355 2590 2755 2675 prouidentia

364 2717 417 2756 ao
455 2698 643 2762 rebus
693 2697 991 2762 consulit.
2034 2755 2040 2761 .

281 2814 362 2877 14
548 2803 615 2870 Si
671 2804 838 2869 enim
893 2803 1161 2868 dixerint
1222 2804 1554 2886 propterea
1609 2822 1730 2868 non
1789 2822 2038 2887 semper
2088 2823 2204 2869 nec
2259 2805 2496 2887 ubique
2551 2803 2751 2869 fuisse

454 2911 944 2995 Pythagoricam
1001 2909 1421 2992 disciplinam,
1479 2910 1631 2992 quia.
1673 2911 2068 2995 Pythagoras
2125 2911 2315 2978 homo
2373 2912 2498 2977 fuit
2549 2929 2752 2994 neque

454 3017 575 3084 hoc
626 3019 689 3083 in
747 3022 1064 3102 potestate
1118 3018 1349 3083 habere
1404 3017 1636 3100 potuit,
1693 3019 2005 3100 numquid
2064 3019 2253 3083 etiam
2309 3018 2430 3083 1100
2484 3021 2756 3102 possunt

456 3125 663 3191 dicere
720 3144 792 3191 eo
846 3125 988 3210 ipso
1045 3128 1350 3208 tempore,
1411 3124 1658 3206 quando
1715 3125 1860 3203 11111,
1917 3129 1984 3190 01
2036 3130 2346 3190 terrarum
2399 3125 2584 3203 locis,
2639 3123 2753 3189 ubi

530 3315 555 3369 1
597 3314 703 3368 11111
740 3315 793 3367 A
938 3324 1047 3368 unu
1084 3313 1397 3384 eademque,
1436 3331 1507 3367 m.
1530 3316 1571 3368 2
1608 3323 1717 3367 una
1755 3301 2091 3384 eandemque
2135 3314 2186 3370 G-
2365 3316 2398 3369 2
2436 3315 2650 3384 piorum
2686 3331 2754 3370 ex

456 3419 594 3458 corr.
632 3420 700 3459 m.
722 3409 752 3458 1
786 3402 855 3457 H
1002 3403 1327 3456 tribuamus
1370 3403 1411 3468 (1
1447 3407 1613 3468 eras.)
1651 3401 1728 3456 M
1867 3404 1898 3457 3
1939 3403 2187 3457 omnibus
2223 3403 2294 3458 H
2430 3405 2466 3458 4
2504 3405 2659 3474 poste
2695 3403 2752 3457 A

456 3495 487 3546 5
524 3495 651 3562 post
688 3493 739 3560 a]
780 3495 972 3563 postea
1009 3493 1053 3546 C
1086 3497 1279 3562 postea
1306 3508 1339 3544 a
1364 3491 1425 3546 E
1456 3490 1577 3545 edd.
1723 3491 1916 3561 religio
1959 3508 2086 3546 uera
2119 3491 2218 3545 GP
2250 3491 2372 3546 edd.
2475 3493 2506 3546 ‘7
2545 3492 2661 3546 eius
2689 3491 2758 3546 H

530 3589 563 3651 p
602 3581 801 3652 opilius
837 3580 899 3635 H
935 3580 1261 3650 pompiliaeus
1302 3581 1357 3649 (b
1396 3585 1557 3648 eras.)
1601 3579 1678 3634 M
1707 3579 2000 3650 pampilius
2039 3585 2086 3633 A
2127 3581 2438 3652 pompinius
2480 3579 2528 3634 0
2605 3581 2638 3636 8
2668 3585 2750 3635 at-

457 3687 562 3740 que
600 3671 761 3724 aliter
798 3669 864 3723 ab
909 3668 1008 3722 GP
1040 3669 1159 3723 edd.
1356 3669 1518 3723 itanis
1555 3670 1620 3724 E
1806 3672 1932 3722 ante
1972 3685 2037 3723 ea
2072 3669 2134 3723 H
2242 3663 2246 3667 ’
2319 3671 2387 3725 10
2425 3672 2552 3724 ante
2591 3687 2656 3723 ea
2689 3668 2758 3723 H

458 3761 519 3813 11
564 3759 806 3830 eademq,
846 3759 1208 3812 sentientibus
1253 3758 1305 3812 G
1449 3760 1579 3828 non]
1617 3773 1717 3812 nec
1753 3757 1818 3812 H
1991 3759 2056 3812 12
2096 3757 2174 3812 dii
2210 3759 2292 3812 illi
2337 3759 2390 3814 G·
2533 3761 2662 3812 sunt
2697 3757 2754 3811 A

458 3850 523 3905 13
562 3850 859 3904 animarum
898 3849 1063 3902 saluti
1101 3849 1224 3903 edd.
1338 3849 1403 3904 15
1444 3847 1738 3918 desig-nant·
1775 3849 1834 3918 (g
1871 3848 1996 3915 del.)
2033 3847 2082 3902 0
2219 3847 2420 3918 sectae]
2459 3863 2566 3902 non
2605 3851 2752 3901 recte

453 3938 705 4009 religioni
740 3938 804 3992 E
908 3938 974 3992 16
1010 3938 1217 3992 nomini
1253 3955 1355 3992 om.
1398 3937 1451 3992 G
1488 3937 1705 3992 nomine
1751 3935 1796 3991 C'
1899 3937 2181 4007 religionis
2220 3953 2322 3992 om.
2359 3939 2422 3992 Ε
2452 3937 2751 4006 religionis,

452 4045 520 4082 m.
543 4029 583 4081 2
618 4027 873 4096 religioni
917 4025 969 4081 G-
1081 4025 1247 4096 obici]
1288 4025 1416 4079 obia
1451 4025 1517 4080 H
1623 4043 1732 4080 non
1769 4041 1871 4080 om.
1909 4024 1978 4079 H
2080 4025 2312 4080 fortuitu
2351 4027 2406 4080 A
2509 4025 2572 4079 18
2610 4027 2751 4079 tem-

452 4131 642 4186 porum
680 4115 757 4169 M
961 4115 1283 4184 humanum]
1330 4131 1494 4169 unum
1534 4114 1602 4168 H
1780 4115 1846 4168 19
1893 4115 2240 4184 progreditur
2273 4114 2336 4168 Ε
2546 4114 2660 4168 11110
2696 4115 2758 4168 Ε

453 4207 518 4259 21
562 4205 809 4260 dixerunt
847 4206 900 4259 A
1071 4205 1141 4258 22
1177 4204 1448 4274 phygoras
1488 4219 1610 4257 cum
1637 4219 1834 4272 par-ua
1869 4219 2034 4271 super
2067 4219 2141 4272 yg
2175 4219 2288 4258 ras.
2329 4203 2382 4256 A
2544 4204 2613 4257 23
2650 4203 2752 4257 hoc

452 4311 554 4349 om.
595 4295 647 4348 A
756 4294 813 4347 in
852 4310 955 4348 om.
992 4292 1061 4347 H
1166 4293 1329 4346 etiam
1369 4309 1470 4347 om.
1510 4291 1699 4345 HMA
1809 4292 1910 4346 hoc
1949 4293 2114 4345 etiam
2154 4291 2330 4346 dicere
2369 4295 2599 4363 possunt
2627 4291 2748 4346 edd.

454 4385 521 4436 24
563 4387 619 4436 01
655 4383 712 4436 in
749 4382 837 4436 his
874 4387 1138 4436 terrarum
1178 4381 1300 4436 edd.
