3184 4959
1095 409 1627 480 epistularum
1680 408 1867 464 LXIX.
1924 407 2086 464 LXX.
2594 413 2723 476 247

244 603 288 663 2
524 603 765 668 Deinde
820 601 989 667 idem
1035 601 1396 668 Felicianus
1454 603 1791 669 damnatus
1848 603 1924 667 ab
1982 602 2141 686 ipsis
2188 605 2393 669 multo
2441 607 2725 688 tempore

435 730 584 782 cum
619 709 998 774 Maximiano
1046 709 1562 778 communicauit.
1613 710 1669 776 si
1705 711 2003 776 innocens
2052 713 2207 789 erat,
2254 709 2505 794 quando
2554 711 2725 776 dam·

435 821 622 882 natus
669 819 789 894 est,
835 835 1028 898 quare
1071 815 1420 899 posteriore
1465 819 1751 898 tempore
1799 835 1946 882 cum
1992 817 2299 883 scelerato
2344 816 2725 881 Maximiano

437 923 908 990 communicans
955 921 1196 988 multos
1241 923 1594 1007 baptizauit
1640 927 1813 988 extra
1858 925 2365 990 communionem
2400 924 2727 1006 ipsorum?

376 1053 402 1094 5
435 1035 638 1096 testes
703 1035 854 1095 sunt
914 1029 1062 1112 ipsi,
1127 1030 1238 1113 qui
1302 1034 1568 1115 egerunt
1630 1030 1799 1114 apud
1872 1031 2339 1114 proconsulem,
2414 1034 2488 1096 ut
2558 1029 2727 1095 idem

435 1137 798 1204 Felicianus
839 1140 1171 1219 tamquam
1217 1155 1362 1202 cum
1408 1137 1788 1202 Maximiano
1838 1137 1915 1202 de
1960 1137 2227 1202 basilica
2270 1137 2728 1203 excluderetur.

435 1264 660 1328 parum
723 1247 858 1308 erat
919 1263 1068 1329 ergo
1133 1244 1466 1309 damnasse
1532 1243 1883 1323 absentem,
1948 1243 2283 1310 damnasse
2346 1243 2729 1322 inauditum,

437 1353 792 1429 damnasse,
857 1351 1028 1418 sicut
1092 1350 1332 1430 dicunt,
1394 1352 1823 1429 innocentem3
1897 1353 2156 1436 insuper
2220 1354 2286 1418 et
2348 1351 2561 1416 aditus
2628 1354 2733 1416 est

439 1461 657 1526 contra
696 1457 882 1523 illum
926 1459 1283 1540 proconsul,
1331 1462 1406 1524 ut
1452 1460 1528 1524 de
1575 1459 1849 1524 ecclesia
1902 1460 2333 1544 expelleretur.
2398 1457 2507 1522 uel
2551 1460 2727 1534 tunc,

349 1589 404 1628 ιο
441 1565 688 1646 quando
750 1565 934 1629 illum
1003 1565 1402 1648 expellebant
1463 1565 1541 1630 de
1609 1565 1899 1645 ecclesia,
1972 1567 2272 1639 fatentur,
2348 1563 2499 1648 quia
2569 1565 2733 1628 inter

441 1671 770 1736 damnatos
827 1674 892 1734 et
945 1669 1288 1736 sceleratos
1346 1674 1412 1735 et
1455 1670 1959 1737 Maximianistas
2021 1690 2165 1736 eum
2231 1670 2729 1754 deputauerunt;

441 1777 691 1862 quando
739 1795 886 1862 ergo
933 1777 1044 1841 ille
1089 1777 1452 1861 baptizabat
1487 1779 1798 1854 homines,
1836 1777 2220 1843 Maximiano
2258 1776 2732 1844 communicans

441 1903 666 1949 uerum
728 1882 1106 1965 baptismum
1171 1883 1362 1948 dabat
1424 1903 1504 1949 an
1567 1884 1847 1950 falsum?
1914 1884 1968 1950 si
2042 1903 2267 1948 uerum
2338 1883 2731 1967 baptismum

443 1991 653 2068 dabat,
719 1991 829 2074 qui
893 2009 1038 2056 cum
1092 1991 1476 2056 Maximiano
1541 1990 2069 2068 communicabat,
2135 2008 2325 2072 quare
2400 1993 2737 2056 accusatur

353 2121 406 2163 ιε
441 2096 801 2180 baptismus
852 2097 1020 2162 orbis
1056 2099 1408 2162 terrarum?
1463 2097 1518 2162 si
1566 2100 1779 2161 autem
1816 2097 2051 2162 falsum
2089 2097 2479 2180 baptismum
2519 2094 2731 2172 dabat,

444 2203 692 2285 quando
741 2221 887 2268 cum
922 2203 1302 2268 Maximiano
1351 2202 1883 2282 communicabat,
1932 2223 2124 2287 quare
2171 2203 2262 2268 sic
2312 2205 2464 2268 sunt
2496 2201 2734 2286 recepti

445 2329 592 2376 cum
655 2309 788 2388 illo,
853 2328 1012 2392 quos
1073 2309 1136 2374 in
1195 2309 1540 2376 schismate
1583 2310 1950 2376 Maximiani
2002 2309 2374 2394 baptizauit,
2430 2313 2495 2374 et
2548 2327 2733 2373 nemo

445 2435 556 2480 eos
600 2415 664 2480 in
709 2419 888 2500 parte
934 2420 1148 2482 uestra
1193 2416 1663 2500 rebaptizauit?

520 2713 554 2764 5
591 2711 864 2766 consulem
901 2711 952 2766 Τ
1046 2713 1078 2766 7
1118 2727 1246 2782 ergo
1286 2715 1404 2766 erat
1439 2711 1558 2766 edd.
1661 2712 1695 2764 8
1734 2709 1952 2764 additus
1987 2711 2037 2762 T
2130 2711 2197 2766 10
2234 2709 2557 2780 dampnatos
2594 2709 2739 2762 inter

445 2799 618 2870 siquis
661 2815 799 2855 corr.
837 2801 893 2856 R
1075 2801 1142 2855 13
1190 2801 1518 2871 baptismum
1565 2799 1697 2854 add.
1736 2799 2005 2854 Maur-ini
2050 2805 2197 2864 ante,
2244 2815 2335 2870 eqo
2372 2803 2503 2868 post
2549 2813 2735 2852 uerum

529 2887 799 2958 baptisma
843 2889 908 2944 H
1123 2892 1187 2945 16
1235 2889 1669 2944 communicabat
1716 2905 1836 2944 cum
1872 2887 2195 2942 Maximiano
2241 2887 2291 2940 Τ
2337 2886 2527 2956 (siquis
2573 2889 2734 2954 corr.)

447 2977 570 3033 edd.
685 2979 750 3033 18
785 2979 843 3033 in
879 2973 1112 3052 parln—ra'
1153 2978 1204 3032 T
1237 2980 1294 3032 in
1331 2983 1485 3048 parte
1521 2980 1710 3033 nostra
1746 2977 1865 3032 edd.
1895 2982 2191 3047 praeter-m
