3184 4959
1248 440 1779 509 epistularum
1834 439 1975 496 XCI.
2627 446 2758 508 429

456 632 821 701 consulendi
902 633 1129 697 modus
1205 637 1319 696 aut
1388 631 1531 698 finis
1599 633 1802 697 bonis.
1877 633 2145 710 intuere,
2215 635 2476 700 obsecro
2541 639 2627 712 te,
2696 643 2760 701 et

456 760 659 818 cerne,
727 739 981 823 quantis
1044 739 1131 804 ibi
1198 739 1499 805 laudibus
1562 739 1898 824 frugalitas
1954 744 2018 804 et
2075 743 2460 808 continentia
2516 745 2759 826 praedi-

456 853 635 913 cetur
697 851 763 912 et
827 865 976 930 erga
1040 845 1369 929 coniugale
1435 847 1766 911 uinculum
1823 847 1980 912 fides
2039 848 2325 932 castique
2389 849 2639 915 honesti
2687 869 2758 914 ae

453 955 635 1036 probi
662 972 892 1030 moreS,
926 952 1156 1036 quibus
1187 971 1335 1017 cum
1371 953 1724 1036 praepollet
1759 953 2011 1030 ciuitas,
2051 973 2199 1018 uere
2237 955 2456 1020 florere
2495 955 2760 1021 dicenda

394 1083 419 1122 5
459 1065 575 1126 est.
650 1060 718 1124 hi
792 1063 1007 1124 autem
1088 1078 1299 1123 mores
1380 1058 1445 1122 in
1531 1059 1822 1125 ecelesiis
1887 1062 2024 1124 toto
2099 1061 2247 1126 orbe
2323 1063 2756 1128 crescentibus

455 1170 785 1249 tamquam
856 1166 917 1230 in
995 1165 1233 1230 sanctis
1309 1165 1642 1230 auditoriis
1717 1167 2098 1256 populorum
2183 1167 2488 1232 docentur
2570 1171 2759 1251 atque

458 1272 793 1339 discuntur
840 1278 906 1338 et
948 1272 1217 1338 maxime
1264 1273 1490 1355 pietaS,
1539 1291 1666 1354 qua
1711 1292 1903 1338 uerus
1951 1277 2016 1338 et
2059 1293 2248 1338 uerax
2297 1275 2542 1340 colatur
2580 1275 2757 1350 deuS,

459 1380 571 1462 qui
616 1373 769 1445 haee
818 1380 1048 1458 omnia,
1098 1379 1332 1462 quibus
1380 1378 1629 1444 animus
1679 1381 1991 1445 humanus
2041 1381 2292 1446 diuinae
2341 1382 2634 1447 societati
2683 1383 2760 1447 ad

456 1485 930 1551 inhabitandam
995 1489 1315 1550 aeternam
1380 1487 1850 1566 caelestemque
1915 1484 2242 1550 ciuitatem
2303 1487 2642 1552 instruitur
2697 1492 2762 1552 et

368 1623 417 1659 ιο
459 1597 731 1676 aptatur,
806 1613 929 1658 non
994 1592 1200 1657 solum
1266 1593 1448 1657 iubet
1509 1591 1954 1676 adgredienda,
2021 1611 2246 1658 uerum
2311 1593 2502 1659 etiam
2568 1595 2762 1660 donat

456 1700 797 1785 implenda.
880 1699 1028 1764 inde
1102 1703 1223 1776 est,
1299 1700 1469 1781 quod
1550 1700 1812 1765 deorum
1894 1701 2244 1766 multorum
2328 1700 2760 1784 falsorumque

458 1808 803 1872 simulacra
847 1811 913 1871 et
966 1806 1276 1892 praedixit
1329 1826 1623 1872 euersum
1677 1807 1756 1870 iri
1813 1811 1879 1872 et
1923 1808 2247 1891 praecepit
2311 1809 2532 1874 euerti.
2600 1809 2760 1874 nihil

457 1915 625 1979 enim
670 1915 961 1980 homines
1006 1917 1139 1978 tam
1186 1913 1591 1978 insociabiles
1635 1913 1848 1979 reddit
1893 1915 2066 1980 uitae
2111 1915 2530 1998 peruersitate
2570 1935 2758 1998 quam

454 2021 712 2084 illorum
760 2021 1021 2086 deorum
1066 2020 1361 2099 imitatio,
1401 2022 1620 2104 quales
1661 2020 2106 2086 describuntur
2142 2025 2206 2086 et
2242 2023 2761 2088 commendantur

368 2157 419 2195 ιε,
456 2127 689 2191 litteris
739 2146 977 2192 eorum.

323 2248 363 2308 4
546 2233 833 2314 Denique
880 2234 975 2297 illi
1024 2232 1383 2299 doctissimi
1430 2233 1573 2310 uiri,
1623 2235 1732 2316 qui
1769 2253 1902 2298 rem
1940 2235 2260 2318 publicam
2303 2235 2758 2317 ciuitatemque

457 2343 789 2411 terrenam,
848 2341 1055 2423 qualis
1111 2341 1203 2406 eis
1262 2360 1401 2406 esse
1450 2341 1680 2406 debere
1728 2341 2086 2420 uidebatur,
2133 2343 2339 2426 magis
2388 2342 2756 2407 domesticis

457 2445 995 2529 disputationibus
1077 2447 1479 2529 requirebant
1560 2449 1664 2512 uel
1747 2448 1939 2512 etiam
2023 2448 2482 2525 describebant,
2568 2467 2756 2531 quam

454 2553 729 2636 publicis
796 2554 1154 2618 actionibus
1228 2554 1651 2620 instituebant
1730 2559 1920 2637 atque
2003 2556 2380 2634 formabant,
2463 2556 2754 2640 egregios

366 2690 419 2730 20
456 2662 647 2739 atque
711 2659 1088 2736 laudabileS,
1154 2679 1315 2742 quos
1370 2660 1700 2742 putabant,
1757 2661 2046 2726 homines
2103 2662 2317 2744 potius
2368 2680 2556 2743 quam
2603 2662 2754 2726 deos

457 2784 609 2830 suos
664 2766 1006 2830 imitandos
1062 2767 1494 2849 proponebant
1548 2767 1925 2832 erudiendae
1991 2767 2185 2832 indoli
2249 2767 2626 2833 iuuentutis,
2693 2772 2757 2832 et

450 2892 517 2936 re
590 2893 743 2938 uera
799 2873 1215 2938 Terentianus
1290 2873 1397 2938 ille
1472 2873 1868 2953 adulescem,
1935 2875 2045 2957 qui
2109 2877 2403 2956 spectans
2469 2875 2754 2948 tabulam

451 2980 684 3061 pictam
752 2981 814 3043 in
874 2981 1137 3062 pariete,
1194 2981 1304 3046 ubi
1360 2981 1609 3062 pictura
1661 2981 1866 3046 inerat
1911 2980 1988 3046 de
2037 2980 2346 3046 adulterio
2393 2982 2562 3065 regis
2611 2981 2754 3046 deo-

638 3242 698 3295 11
750 3242 880 3294 Leu.
929 3244 1014 3300 26.
1066 3243 1159 3304 30;
1210 3242 1404 3296 Ezech.
1454 3243 1501 3306 6,
1548 3245 1608 3304 4;
1657 3243 1742 3301 30.
1797 3243 1887 3307 13;
1942 3242 2035 3297 Os.
2090 3244 2174 3304 10,
2223 3245 2280 3303 2:
2339 3243 2420 3296 111
2467 3243 2600 3312 ch.
2662 3243 2746 3304 15,

456 3331 688 3394 11-13;
740 3330 795 3383 11
841 3331 1016 3387 Paral.
1065 3333 1151 3391 23.
1206 3333 1297 3394 17;
1338 3333 1423 3388 31.
1467 3333 1518 3396 1;
1563 3333 1648 3394 33,
1694 3334 1784 3390 15:
1825 3333 1912 3394 34,
1952 3335 2092 3386 3-4
2335 3335 2404 3386 22
2444 3331 2562 3386 Ter.
2603 3331 2744 3386 Eun.

452 3421 742 3474 584-591

526 3544 555 3596 1
595 3543 726 3597 boni
764 3544 825 3596 K
966 3545 1021 3594 te
1062 3559 1161 3596 om.
1192 3544 1248 3598 R
1354 3545 1387 3596 2
1427 3547 1569 3596 certe
1609 3543 1676 3596 K
1817 3543 2106 3613 frugalitas
2137 3543 2387 3598 laudibus
2416 3545 2470 3600 R
2599 3547 2631 3599 3
2664 3563 2750 3599 ce·

454 3632 635 3702 stique
676 3631 734 3684 F
772 3631 1013 3700 certique
1060 3631 1363 3685 MAPRK
1405 3631 1521 3685 edd.
1560 3639 1862 3700 praeterm
1909 3634 2154 3701 castique
2173 3650 2253 3699 m;
2298 3635 2369 3702 cf.
2401 3651 2461 3702 p.
2507 3639 2634 3700 431,
2679 3641 2753 3686 10

527 3721 611 3790 ac]
650 3725 705 3774 et
742 3719 797 3774 R
906 3722 939 3773 4
979 3720 1165 3789 probo,
1205 3737 1341 3774 corr.
1380 3721 1533 3789 probi
1572 3721 1638 3773 K
1779 3722 2022 3775 florerem
2065 3721 2198 3788 (fuit
2236 3728 2313 3788 re)
2345 3725 2397 3774 A
2505 3725 2537 3776 5
2578 3722 2656 3776 hii
2687 3723 2751 3775 K

526 3809 656 3862 orbe
694 3813 959 3862 terrarum
1001 3809 1366 3864 crescentibus
1404 3809 1459 3864 R
1568 3811 1602 3862 6
1640 3809 1934 3876 auditorib;
1972 3810 2027 3863 P
2155 3812 2186 3864 7
2225 3811 2353 3880 quia
2389 3810 2520 3864 ,ΜΡ
2552 3817 2643 3875 (m.
2671 3818 2695 3863 1
2720 3816 2751 3864 ,2²

454 3898 557 3951 del.
596 3898 636 3963 i)
748 3897 783 3950 8
823 3898 947 3966 qui·
978 3903 1140 3963 (eras.
1177 3897 1295 3952 uid.
1334 3901 1386 3962 a)
1428 3897 1482 3950 P
1517 3899 1648 3967 quia
1684 3897 1744 3951 F
1883 3899 2070 3953 diuina
2107 3900 2370 3952 societate
2401 3899 2454 3952 R
2557 3902 2621 3955 11
2653 3900 2748 3954 de-

453 4003 653 4049 eorum,
685 3987 789 4041 del.
832 3992 919 4052 (m.
944 3991 975 4038 1
998 3986 1047 4048 .?)
1089 3988 1268 4040 alte-ra
1301 4003 1328 4039 e
1348 3985 1410 4038 F
1479 3987 1544 4038 12
1576 3987 1837 4041 euersuiri
1858 3987 1917 4042 F
1941 4004 2194 4042 euersura
2213 3989 2340 4040 MP
2363 3996 2451 4054 (m.
2475 3992 2514 4040 2
2539 3990 2566 4042 ·l'
2595 4005 2748 4042 euer-

448 4073 636 4139 tenda)
786 4079 1095 4144 praecepta,
1134 4091 1200 4128 m.
1226 4078 1265 4126 2
1300 4074 1579 4143 praecepit
1615 4074 1682 4126 K
1789 4076 1855 4130 13
1896 4076 2265 4136 associabiles,
2303 4077 2399 4130 sed
2435 4093 2493 4128 as
2533 4093 2599 4130 ex
2633 4094 2746 4132 ras.

373 4218 382 4224 ,
452 4168 505 4224 et,
540 4179 677 4216 corr.
721 4167 810 4228 (m.
836 4167 865 4215 1
890 4162 940 4224 ?)
980 4164 1051 4216 M
1265 4164 1640 4232 peruersitate.
1681 4179 1820 4218 corr.
1861 4168 1952 4228 (m.
1976 4169 2005 4216 1
2029 4163 2080 4225 ,9)
2131 4165 2480 4233 peruersitati
2517 4165 2594 4218 M
2625 4183 2746 4235 per-

452 4234 699 4333 uerffati
738 4253 793 4305 P
903 4252 966 4304 15
1004 4251 1209 4308 lateris.
1249 4268 1388 4307 corr.
1429 4251 1631 4306 litteris
1669 4253 1734 4304 K
1841 4254 1910 4306 22
1950 4258 2266 4323 exspectans
2295 4253 2424 4307 ΜΕ
2457 4259 2746 4324 expectans

452 4339 563 4394 ΔΡ
587 4342 687 4423 ψη..
713 4345 751 4393 2
788 4344 1060 4410 spectans)
1099 4341 1220 4394 RK
