3184 4959
446 913 486 974 2

532 413 660 476 636
1255 411 1305 464 S.
1366 411 1641 466 Aureli
1696 412 2133 481 Augustini

533 605 774 688 plenOS,
804 607 1134 668 manantes
1163 603 1661 669 misericordiam
1683 607 1747 668 et
1774 605 2133 682 ueritatem,
2162 624 2275 686 per
2295 625 2453 688 quos
2475 605 2838 672 discurrens

536 711 870 777 deliciatur
923 711 1132 775 anima
1184 731 1328 775 mea
1383 714 1446 775 et
1499 710 1687 776 uitali
1739 715 1952 792 pastu,
2019 711 2321 795 quicquid
2375 713 2440 776 in
2498 733 2566 779 se
2622 715 2838 778 minus

532 818 778 882 inuenit
831 821 944 882 aut
995 817 1359 882 inbecillum
1416 817 1632 895 sentit,
1696 817 1997 883 resarcire
2056 821 2121 882 et
2172 819 2495 884 suffulcire
2548 820 2837 886 molitur.

624 923 1034 989 Benedicitur
1107 923 1399 990 dominus
1471 943 1584 1008 per
1656 925 2064 1007 praeconium
2141 925 2267 991 oris
2340 927 2437 990 tui
2513 932 2578 990 et
2647 925 2839 991 fidele

537 1030 980 1107 ministerium,
1047 1029 1215 1111 quod
1281 1031 1372 1094 sic
1431 1031 1759 1096 concinere
1816 1035 1881 1095 et
1942 1030 2319 1114 respondere
2373 1031 2533 1097 facis
2591 1033 2838 1098 canenti
2912 1048 2942 1089 ε’·

535 1137 655 1201 tibi
713 1136 986 1214 domino,
1043 1139 1137 1213 ut,
1196 1136 1502 1219 quicquid
1548 1137 1626 1201 de
1683 1137 1821 1202 eius
1878 1137 2271 1220 plenitudine
2326 1138 2405 1201 ad
2461 1157 2575 1203 nos
2632 1158 2843 1221 usque

537 1242 865 1320 redundat,
921 1242 1260 1308 iucundius
1311 1241 1623 1307 efficiatur
1669 1245 1735 1307 et
1790 1243 2033 1327 gratius
2090 1263 2202 1326 per
2245 1247 2429 1308 tuum
2480 1245 2841 1328 elegantem

535 1349 914 1415 famulatum
989 1352 1055 1412 et
1126 1351 1514 1415 succinctam
1587 1350 1969 1414 munditiam
2046 1352 2111 1414 et
2180 1350 2367 1414 fidele
2442 1369 2517 1416 ac
2589 1356 2841 1416 castum

538 1456 928 1539 simplexque
959 1455 1404 1533 ministerium,
1445 1457 1617 1538 quod
1650 1456 1741 1520 ita
1775 1457 2178 1538 resplendere
2214 1457 2371 1521 facis
2407 1475 2521 1539 per
2557 1457 2843 1540 argutias

539 1567 684 1628 tuas
723 1566 787 1626 et
820 1562 1223 1646 uigilantium
1261 1565 1461 1640 tuam,
1509 1566 1584 1627 ut
1618 1564 2007 1648 perstringat
2044 1564 2261 1629 oculos
2303 1565 2369 1627 et
2404 1564 2469 1627 in
2508 1583 2577 1628 se
2613 1564 2841 1644 rapiat,
2884 1583 2942 1622 ιο

539 1671 662 1736 nisi
709 1673 781 1733 tu
836 1669 1006 1734 idem
1060 1669 1286 1733 innuas
1334 1669 1683 1747 dominum,
1740 1672 1833 1747 ut,
1893 1670 2196 1754 quicquid
2240 1671 2304 1734 in
2352 1673 2415 1735 te
2464 1670 2843 1736 delectabile

537 1779 732 1854 lucet,
797 1777 1140 1840 referentes
1206 1794 1322 1840 nos
1387 1776 1466 1840 ad
1528 1775 1715 1841 illum
1779 1777 1985 1859 ipsius
2044 1795 2187 1842 esse
2251 1794 2695 1860 agnoscamus,
2763 1777 2843 1840 de

541 1885 724 1948 cuius
770 1883 1052 1948 bonitate
1100 1885 1228 1946 tam
1279 1882 1482 1948 bonus
1522 1900 1589 1947 es
1639 1885 1704 1948 et
1750 1883 1825 1948 de
1874 1885 2057 1948 cuius
2103 1883 2380 1966 puritate
2428 1887 2492 1949 et
2537 1883 2845 1967 simplici-

539 1993 670 2066 tate
727 1994 792 2055 et
853 1989 1324 2072 pulchritudine
1389 2009 1609 2072 purus,
1676 1989 1944 2072 simplex
2000 1995 2065 2056 et
2124 1991 2393 2074 pulcher
2456 2011 2547 2068 es,
2615 1995 2681 2055 et
2742 1990 2843 2054 illi

542 2099 802 2180 agentes
843 2095 1079 2179 gratias
1114 2096 1192 2160 de
1227 2096 1392 2160 bono
1432 2099 1566 2168 tuo,
1617 2097 1780 2162 dono
1822 2116 1937 2162 suo
1980 2098 2275 2182 dignetur
2312 2117 2426 2162 nos
2462 2098 2585 2163 tibi
2622 2097 2845 2162 adiun-
2890 2113 2949 2152 15

543 2221 688 2288 gere
736 2204 840 2268 uel
879 2221 1127 2284 quoquo
1174 2202 1364 2267 modo
1412 2203 1816 2287 subiungere,
1864 2207 1940 2268 ut
1984 2205 2233 2288 plenius
2284 2205 2675 2270 subiciamur
2720 2204 2845 2280 illi,

543 2311 728 2375 cuius
782 2313 847 2374 te
904 2310 1101 2374 ductu
1167 2328 1240 2372 ac
1303 2309 1731 2375 moderatione
1786 2311 1980 2375 talem
2038 2310 2411 2394 gaudemus,
2476 2313 2551 2375 ut
2604 2312 2669 2374 et
2721 2311 2845 2374 tibi

541 2417 869 2501 contingat
913 2415 1186 2500 gaudere
1233 2415 1310 2481 de
1357 2415 1557 2481 nobis,
1607 2416 1779 2498 quod
1823 2436 1945 2482 non
1994 2416 2211 2482 diffido
2256 2418 2411 2495 fore,
2460 2419 2517 2483 si
2560 2418 2693 2482 tuis
2738 2435 2845 2481 me

543 2523 936 2588 orationibus
984 2523 1272 2600 adiuueS,
1313 2523 1497 2588 cuius
1545 2522 1901 2588 imitatione
1946 2543 2069 2590 non
2108 2525 2266 2589 nihil
2304 2524 2429 2589 iam
2467 2523 2728 2608 profeci,
2770 2527 2847 2587 ut

541 2631 688 2696 talis
745 2649 886 2696 esse
941 2629 1311 2695 desiderem.
1369 2630 1572 2707 uides,
1632 2630 1784 2712 quid
1839 2631 2059 2708 facias,
2116 2631 2285 2714 quod
2340 2631 2433 2697 sic
2490 2631 2693 2697 bonus
2750 2651 2843 2704 ee,
2890 2649 2956 2689 20

544 2758 733 2821 quam
797 2757 910 2802 nos
975 2737 1181 2820 rapias
1246 2737 1306 2800 in
1366 2756 1649 2801 amorem
1702 2738 1989 2821 proximi,
2058 2739 2165 2820 qui
2222 2738 2404 2804 nobis
2459 2739 2703 2822 primus
2763 2738 2845 2802 ad

543 2844 945 2910 dilectionem
985 2843 1086 2907 dei
1126 2847 1189 2907 et
1233 2841 1500 2907 ultimus
1549 2843 1784 2928 gradus
1824 2847 1923 2908 est
1960 2847 2027 2907 et
2063 2845 2244 2926 quasi
2288 2844 2496 2918 limes,
2546 2863 2669 2926 quo
2719 2844 2847 2909 sibi

543 2955 809 3032 uterque
857 2949 1233 3028 adnectitur,
1275 2948 1372 3014 dei
1421 2954 1486 3014 et
1531 2949 1821 3033 proximi,
1868 2950 1931 3014 in
1982 2969 2105 3033 qno
2153 2970 2288 3028 nos,
2338 2955 2414 3015 ut
2460 2951 2609 3029 dixi,
2658 2950 2843 3032 quasi

615 3177 648 3229 2
687 3176 980 3238 diliciatur,
1017 3193 1086 3230 m.
1111 3178 1150 3228 2
1187 3175 1472 3230 deliciatur
1509 3175 1583 3229 M
1615 3175 1963 3230 indeliciatur
1998 3175 2063 3229 K
2098 3177 2392 3231 dilectatur
2428 3177 2481 3229 A
2616 3173 2841 3229 inuitali

543 3266 618 3320 (in
659 3282 776 3333 exp.
816 3282 884 3319 m.
923 3271 988 3318 ut
1021 3264 1138 3318 uid.
1176 3268 1236 3330 2)
1267 3265 1332 3317 Κ
1437 3265 1470 3318 3
1508 3265 1790 3334 resarcire]
1831 3267 2131 3318 restaurare
2159 3264 2216 3318 R
2360 3265 2664 3327 suffulcem,
2696 3279 2837 3318 corr.

541 3371 608 3408 m.
632 3358 663 3406 1
702 3353 975 3406 suffulcire
1004 3353 1060 3405 P
1161 3352 1408 3406 mollitur
1435 3353 1509 3405 M
1575 3351 1611 3402 4
1640 3352 1800 3406 fidele
1838 3354 2141 3406 misterium
2179 3355 2268 3423 (m.
2291 3357 2332 3406 2
2364 3353 2748 3416 ministerium)
2780 3351 2851 3404 K

543 3445 575 3495 5
617 3441 890 3495 continere
927 3441 982 3493 A
1125 3440 1294 3496 facias
1331 3441 1386 3494 A
1531 3441 1759 3496 canendi
1793 3441 1898 3495 tibi
1934 3441 1992 3495 R
2029 3442 2347 3496 canentibus
2375 3440 2441 3495 K
2547 3441 2581 3494 9
2618 3457 2842 3509 respon-

543 3529 668 3584 dere
706 3530 760 3582 A
869 3531 1112 3599 argutias
1147 3547 1261 3584 ras.
1301 3547 1368 3584 ex
1404 3531 1677 3599 arguetias
1713 3531 1769 3583 P
1875 3531 1941 3585 10
1980 3529 2182 3597 oculuS,
2226 3547 2366 3585 corr.
2404 3530 2523 3584 uid.
2563 3530 2749 3584 oculos
2790 3531 2845 3582 A

545 3621 610 3672 11
650 3618 787 3682 dem,
833 3635 902 3670 m.
943 3622 983 3670 2
1017 3617 1161 3672 idem
1190 3619 1246 3671 P
1419 3619 1482 3672 12
1520 3619 1697 3687 illum]
1734 3618 1882 3672 illius
1919 3617 1987 3671 K
2154 3619 2222 3672 14
2257 3619 2446 3687 purus]
2486 3635 2653 3687 purus
2696 3623 2753 3671 et
2788 3617 2849 3672 R

611 3706 881 3776 pulchres,
920 3723 1056 3760 corr.
1105 3711 1224 3760 m.1
1269 3706 1492 3777 pulcher
1539 3724 1596 3760 es
1632 3707 1709 3760 M
1813 3709 1880 3762 15
1929 3706 2069 3761 dono
2110 3707 2231 3776 suo]
2270 3707 2519 3762 domomo
2560 3723 2672 3768 suo,
2712 3709 2851 3759 m.2

543 3796 793 3852 dominus
829 3799 958 3849 tuus
1003 3794 1076 3849 M
1119 3795 1337 3850 domino
1385 3813 1481 3850 suo
1519 3799 1573 3849 A
1622 3795 1838 3850 domino
1887 3798 1979 3864 qui
2025 3813 2122 3850 suo
2171 3812 2256 3850 ae
2302 3795 2521 3850 domino
2570 3795 2661 3865 qui
2700 3794 2845 3849 dono

542 3901 637 3938 suo
675 3885 787 3952 ΓΗ·
931 3884 1138 3954 dignat'
1179 3887 1270 3953 (Ξ
1300 3884 1601 3954 dignatus),
1637 3901 1706 3938 m.
1730 3889 1769 3938 2
1804 3884 2011 3955 dignet'
2038 3885 2112 3938 M
2148 3885 2404 3954 dignatur
2428 3883 2551 3938 PK
2582 3883 2847 3953 dignatus

543 3977 627 4026 est
664 3973 784 4027 edd.
814 3978 1112 4041 praeterm
1223 3975 1289 4026 16
1327 3973 1418 4026 uel
1457 3989 1670 4042 quoquo
1710 3973 1869 4027 modo
1908 3973 2235 4043 subiungere
2264 3990 2385 4038 om„
2414 3976 2544 4030 m.2
2579 3973 2643 4027 in
2669 3989 2843 4041 mar-9.

543 4061 674 4116 aad.
712 4061 777 4113 K
919 4063 1158 4130 quoquo]
1201 4078 1370 4130 quoq;
1409 4061 1484 4115 M
1596 4063 1659 4116 18
1698 4063 1995 4131 coniungat
2024 4063 2093 4114 M
2200 4063 2267 4116 19
2304 4062 2509 4132 profeci
2548 4063 2586 4129 (i
2624 4063 2691 4115 in
2724 4077 2843 4114 ras.

541 4154 686 4204 1-2
723 4150 757 4203 1.
795 4167 864 4204 m.
885 4155 936 4220 1)
972 4151 1047 4204 M
1078 4151 1312 4221 profecit
1341 4149 1407 4204 K
1513 4151 1584 4204 20
1622 4151 1748 4204 talis
1790 4152 1831 4216 (i
1866 4151 1931 4204 in
1964 4155 2102 4214 ras.)
2139 4151 2195 4204 A
2305 4151 2449 4219 quod
2487 4151 2540 4203 A
2646 4149 2843 4218 facias]

540 4239 717 4293 fatear
750 4239 807 4292 P
913 4241 978 4292 21
1021 4241 1204 4308 quam]
1255 4256 1357 4309 qu·
1388 4243 1439 4304 (e
1479 4246 1580 4294 aut
1619 4247 1651 4294 ἕ,
1678 4244 1866 4307 ενα-9.),
1903 4257 1973 4294 m.
1997 4244 2035 4294 2
2072 4239 2145 4310 qd
2181 4239 2255 4294 M
2288 4255 2447 4310 quern
2484 4240 2537 4292 A
2646 4241 2717 4294 22
2756 4237 2847 4292 dei

543 4327 890 4381 dilectionem
937 4329 992 4381 R
1134 4329 1336 4382 limites
1373 4329 1442 4396 (it
1479 4345 1597 4396 emp.
1637 4344 1705 4382 m.
1727 4332 1787 4392 2)
1827 4328 1901 4382 M
