3184 4959
1173 452 1699 522 epistularum
1753 453 1843 508 LI.
1899 453 2016 508 LII.
2596 457 2721 522 149

431 649 593 713 unde
647 649 862 732 ipsum
920 647 1326 732 euangelium
1379 647 1442 711 in
1499 647 1781 712 Africam
1837 648 2037 725 uenit,
2086 668 2205 713 non
2254 649 2514 714 habeut!
2566 650 2719 733 quid

427 755 716 838 pluribus
775 757 1006 820 onero?
1062 753 1140 818 ad
1195 753 1322 818 ista
1374 753 1701 836 responde.
1750 754 2021 821 adtende
2066 755 2471 838 saerilegium
2519 756 2718 820 schis-

427 861 616 926 matis
699 865 916 926 uestro
991 859 1258 926 concilio
1335 859 1827 924 Maximianistis
1902 865 2371 946 exaggeratum,
2448 861 2717 926 adtende

424 968 895 1052 persecutiones
957 986 1072 1050 per
1131 967 1490 1032 iudiciarias
1556 968 1933 1049 potestates,
1980 986 2137 1049 quas
2203 967 2295 1031 eis
2348 966 2713 1052 inrogastis,

363 1093 390 1132 ⁵
425 1074 692 1140 adtende
745 1073 1136 1157 baptismum
1192 1093 1431 1152 eorum,
1489 1093 1679 1157 quern
1735 1092 1879 1138 cum
1938 1074 2049 1152 eiS,
2117 1093 2278 1156 quos
2344 1073 2714 1150 damnastis

423 1181 777 1266 recepistiS,
855 1184 919 1246 et
989 1181 1322 1264 responde,
1399 1181 1453 1246 si
1523 1185 1733 1263 potes,
1806 1184 2021 1246 utrum
2095 1181 2381 1246 habeatis
2451 1181 2711 1262 aliquid,

423 1289 588 1353 unde
639 1288 922 1353 inioiatis
973 1287 1240 1353 nebulas
1294 1287 1633 1372 imperitiS,
1690 1307 1803 1353 eur
1846 1288 1925 1352 ab
1973 1288 2121 1353 orbe
2164 1292 2475 1353 terrarum
2518 1289 2709 1370 longe

425 1395 657 1460 maiore
715 1395 952 1460 scelere
1008 1395 1372 1460 schismatis
1437 1395 1832 1477 separemini,
1897 1414 2085 1479 quam
2153 1393 2318 1477 quod
2381 1393 2445 1458 in
2512 1393 2710 1457 Maxi-

420 1501 736 1566 mianistis
809 1519 928 1566 uos
1003 1501 1338 1567 damnasse
1410 1502 1790 1586 gloriamini.
1865 1521 1983 1586 pax
2058 1501 2295 1568 Christi
2367 1501 2583 1566 uineat
2642 1500 2705 1562 in

333 1624 382 1663 ιο
419 1607 602 1673 corde
647 1611 782 1676 tuo,

1487 1801 1570 1865 LI
1579 1801 1625 1866 Ι.

545 1939 837 1996 DOMINO
873 1939 1182 1996 MULTUM
1217 1941 1734 1996 DESIDERABILI
1771 1941 1863 1996 ΕΤ
1898 1941 2141 1996 VALDE
2178 1939 2563 1998 CARISSIMO

961 2029 1226 2084 FRATRI
1265 2029 1629 2086 SEVERINO
1668 2029 2143 2086 AUGUSTINL'S.

281 2143 316 2202 1
499 2156 766 2221 Litteras
813 2155 1222 2222 fraternitatis
1267 2160 1416 2221 tuae
1466 2155 1587 2222 etsi
1634 2157 1821 2221 ualde
1869 2175 2030 2235 sero,
2080 2156 2201 2221 etsi
2249 2160 2493 2239 praeter
2528 2157 2697 2239 quod

326 2282 374 2322 ιο
413 2283 828 2347 speraueram,
905 2266 1116 2328 tamen
1181 2265 1390 2328 laetus
1455 2265 1691 2347 accepi.
1756 2265 2027 2328 maxime
2090 2264 2395 2345 ampliore
2461 2262 2694 2348 gaudio

409 2371 700 2454 perfusus
757 2388 920 2451 sum,
978 2388 1125 2436 oum
1181 2371 1627 2455 cognouissem
1691 2372 2011 2437 hominem
2075 2376 2361 2436 uestrum
2424 2371 2487 2434 in
2555 2371 2696 2455 ipsa

411 2479 544 2542 sola
599 2496 789 2542 eausa
845 2476 1095 2542 uenisse
1155 2477 1533 2560 Hipponem,
1587 2482 1665 2544 ut
1720 2479 1799 2543 ad
1846 2499 1945 2544 me
1988 2479 2239 2543 litteras
2282 2481 2433 2543 tuae
2478 2477 2693 2543 frater-

405 2582 622 2648 nitatis
681 2583 968 2650 adferret.
1037 2584 1318 2668 eogitaui
1375 2585 1538 2649 enim
1596 2605 1718 2650 non
1776 2586 1910 2652 sine
1966 2605 2157 2651 causa
2222 2587 2341 2652 hoe
2406 2589 2689 2651 exortum
2746 2597 2761 2604 ’

405 2707 544 2754 esse
606 2690 670 2753 in
737 2691 946 2754 animo
1014 2693 1142 2768 tuo,
1207 2695 1284 2756 ut
1335 2693 1653 2757 'recoleres
1718 2693 2331 2778 consanguinitatem
2386 2697 2689 2772 nostram,

305 2817 360 2854 80
399 2795 520 2861 nisi
579 2797 725 2878 quia
781 2797 1048 2862 fortasse
1103 2799 1431 2881 perspicia,
1481 2799 1651 2863 sicut
1697 2799 1847 2865 noui
1891 2819 2014 2864 non
2059 2801 2203 2864 leue
2250 2800 2496 2883 pondus
2542 2819 2685 2883 pru-

401 2902 645 2967 dentiae
701 2907 868 2980 tuae,
929 2923 1116 2986 quam
1173 2905 1260 2969 sit
1315 2905 1675 2982 dolendum,
1732 2909 1823 2986 ut,
1884 2907 1993 2990 qui
2040 2907 2387 2971 seeundum
2438 2925 2685 2972 carnem

399 3009 622 3074 fratres
679 3028 922 3087 summ,
981 3011 1043 3074 in
1095 3010 1330 3077 Christi
1377 3030 1637 3096 corpore
1682 3033 1803 3078 non
1850 3034 1976 3079 uua
2012 3015 2317 3079 societate
2362 3015 2682 3092 uiuamus,

395 3116 762 3197 praesertim
802 3118 950 3200 quia
995 3116 1180 3182 facile
1225 3119 1344 3183 tibi
1384 3123 1484 3184 est
1522 3120 1855 3186 adtendere
1895 3125 1959 3186 et
1995 3121 2211 3186 uidere
2250 3122 2681 3188 ciuitatem

396 3241 636 3303 super
711 3229 1060 3288 montem
1135 3225 1703 3306 constitutam,
1772 3227 1849 3293 de
1913 3247 2039 3311 qua
2103 3229 2399 3294 domiuus
2463 3229 2554 3294 ait
2614 3231 2679 3294 in

567 3411 636 3466 23
671 3411 864 3468 matth.
907 3416 957 3478 5,
1001 3415 1066 3468 14

463 3518 486 3572 1
527 3517 694 3588 unde]
741 3518 886 3574 unde
933 3519 987 3574 di
1033 3519 1112 3590 (di
1159 3520 1261 3576 del.
1301 3539 1370 3576 m.
1407 3528 1470 3576 ut
1505 3523 1625 3580 uid.
1665 3530 1716 3590 1)
1758 3523 1831 3578 M
1861 3525 2001 3580 unde
2041 3526 2107 3580 de
2144 3527 2236 3596 (de
2274 3543 2392 3596 exp.
2432 3545 2499 3581 m.
2526 3532 2582 3596 3)
2624 3526 2684 3581 F

385 3605 418 3659 2
457 3622 647 3660 oneror
681 3607 736 3662 R
916 3609 949 3663 3
985 3609 1427 3674 maximianistas,
1467 3629 1534 3666 m.
1557 3616 1588 3664 1
1624 3629 1761 3668 corr.
1798 3615 2211 3670 maximianistis
2246 3615 2303 3671 R
2479 3618 2514 3670 4
2552 3634 2673 3686 per-

383 3695 696 3760 secucionis,
735 3712 870 3752 corr.
910 3715 978 3750 m.
1017 3704 1081 3752 ut
1116 3698 1232 3753 uid.
1271 3704 1302 3752 1
1338 3701 1746 3768 persecuciones
1781 3702 1858 3756 M
1994 3704 2281 3758 iudicarias
2318 3705 2393 3759 M
2511 3707 2541 3760 7
2582 3723 2678 3760 cur

383 3781 450 3836 ab
490 3783 618 3838 orbe
657 3789 775 3850 (cur
813 3785 880 3839 ab
921 3803 951 3840 o
988 3786 1052 3840 in
1087 3805 1200 3842 ras.
1239 3789 1343 3842 uia:
1377 3807 1444 3844 m.
1485 3795 1537 3858 1)
1578 3790 1639 3843 F
1824 3792 1855 3845 8
1894 3793 2111 3848 sceleris
2149 3793 2456 3849 schismatis
2496 3794 2673 3850 MFA

379 3871 597 3926 sceleris
633 3875 887 3930 scismate
923 3875 980 3930 R
1126 3877 1192 3931 10
1230 3879 1350 3948 tuo]
1393 3885 1488 3932 tuo
1527 3879 1865 3938 EYTYxmc
1902 3881 2029 3938 Rm
2176 3884 2398 3954 explicit
2436 3883 2672 3955 epistula

379 3959 558 4014 sancti
595 3961 836 4031 agustini
875 3961 944 4018 ad
983 3964 1273 4036 crispinum
1311 3965 1424 4020 FP

556 4064 711 4121 Idem
748 4069 972 4134 codices,
1011 4071 1107 4140 qui
1141 4073 1204 4126 in
1241 4089 1318 4142 ep.
1357 4073 1456 4128 LI

450 4171 512 4225 12
553 4173 846 4229 clarissimo
874 4175 950 4230 M
1058 4178 1121 4232 15
1161 4195 1317 4249 spero
1345 4183 1399 4235 A
1543 4183 1881 4254 maximeque
1918 4185 2037 4240 edd.
2184 4187 2433 4256 ampliori
2460 4187 2517 4243 R
2545 4188 2665 4243 edd.

375 4261 442 4314 16
481 4263 864 4331 cognouisse„
899 4265 984 4336 (nt
1021 4273 1184 4334 eras.)
1215 4269 1271 4321 P
1409 4272 1492 4340 in]
1533 4271 1635 4327 bac
1674 4272 1794 4332 edd.
1979 4277 2047 4330 24
2086 4293 2247 4346 super
2283 4282 2521 4331 montem
2560 4293 2661 4334 om.

371 4347 550 4403 MFA
585 4351 644 4404 in
679 4357 864 4407 monte
901 4355 956 4410 R
1102 4355 1238 4412 dicit
1271 4359 1326 4414 R
