3184 4959
585 396 716 460 744
1303 389 1355 445 S.
1412 386 1685 443 Aureli
1740 385 2171 456 Augustini

587 587 1130 653 crebrescentibus
1159 585 1679 651 tribulationibus
1716 585 2155 669 propinquare,
2194 586 2373 648 tanto
2410 584 2615 667 magis
2645 584 2860 650 debent

590 694 772 772 bona,
851 712 1012 776 quae
1086 693 1148 757 in
1219 698 1386 757 terra
1459 690 1795 757 recondere
1862 691 2299 775 disponebant,
2370 690 2435 755 in
2509 690 2857 755 thesaurum

587 799 928 867 caelestem
979 798 1226 883 inpigra
1271 798 1594 863 celeritate
1642 796 1998 875 transferre,
2054 800 2149 876 ut,
2206 796 2263 862 si
2309 796 2509 879 aliqui
2562 796 2859 863 humanus

589 926 775 973 casus
819 906 1160 987 acciderit,
1227 904 1521 990 gaudeat,
1579 905 1688 988 qui
1744 904 1821 970 de
1883 904 2023 971 loco
2089 904 2343 971 ruinoso
2400 904 2755 990 emigrauit,
2812 905 2861 968 si

589 1018 802 1080 autem
877 1013 1036 1077 nihil
1107 1012 1236 1077 tale
1308 1012 1505 1077 fuerit
1578 1012 2013 1090 subsecutum,
2084 1030 2207 1077 non
2270 1013 2702 1090 contristetur,
2764 1011 2859 1095 qui
2908 1036 2930 1073 s

587 1121 964 1204 quandoque
1027 1118 1374 1185 moriturus
1438 1117 1762 1183 inmortali
1825 1117 2097 1195 domino,
2173 1118 2253 1183 ad
2316 1138 2503 1201 quem
2568 1124 2861 1185 uenturus

586 1230 709 1306 est,
745 1227 911 1292 bona
943 1226 1200 1310 propria
1237 1224 1725 1291 commendauit.
1762 1225 1998 1309 itaque,
2036 1225 2261 1291 fratres
2296 1226 2427 1291 mei
2455 1225 2860 1301 dilectissimi,

589 1354 662 1399 ex
707 1351 804 1413 e0,
861 1332 1032 1415 quod
1078 1332 1350 1416 quisque
1407 1331 1619 1410 habet,
1679 1332 2027 1400 secundum
2084 1351 2233 1397 suas
2292 1332 2481 1411 uires,
2530 1350 2691 1416 quas
2740 1332 2863 1415 ipse

588 1441 788 1519 nouit,
845 1439 1058 1515 facite,
1117 1438 1286 1522 qnod
1343 1438 1588 1516 soletis,
1645 1439 1943 1505 alacriore
1999 1439 2229 1515 animo,
2278 1458 2469 1522 quam
2526 1438 2768 1517 soletiS‚
2812 1442 2867 1502 et

587 1548 750 1613 inter
787 1565 1006 1613 omnes
1048 1544 1284 1611 saeculi
1331 1545 1522 1611 huius
1561 1545 1890 1611 molestias
1930 1544 2345 1631 apostolicam
2382 1544 2863 1611 exhortationem
2897 1568 2934 1607 ιο

595 1654 780 1720 corde
835 1654 1124 1732 retinete,
1179 1653 1292 1717 ubi
1340 1652 1455 1717 ait:
1501 1652 1888 1717 Dominus
1936 1653 2010 1717 in
2059 1652 2417 1737 proximo
2467 1656 2621 1729 est3
2680 1651 2865 1715 nihil

589 1759 959 1826 solliciti
1013 1759 1374 1825 fueritis.
1432 1759 1588 1823 talia
1642 1757 1800 1823 mihi
1846 1759 1922 1823 de
1971 1759 2155 1826 uobis
2202 1759 2591 1833 nuntientur,
2650 1758 2866 1841 quibus

588 1866 875 1932 nouerim
947 1885 1068 1932 non
1151 1868 1406 1949 propter
1475 1884 1685 1931 meam
1758 1864 2178 1948 praesentiam
2260 1866 2370 1929 sed
2454 1870 2715 1949 propter
2782 1863 2867 1929 dei

477 2035 484 2043 .
589 1974 1014 2057 praeceptum,
1055 1972 1165 2056 qui
1211 1990 1558 2055 numquam
1606 1974 1703 2037 est
1748 1972 1996 2051 absens,
2036 1990 2153 2037 uos
2200 1972 2403 2037 solere
2450 1972 2681 2049 facere,
2718 1970 2869 2055 quod

590 2079 811 2145 multis
867 2080 1044 2145 annis
1106 2097 1204 2144 me
1258 2082 1586 2161 praesente
1652 2082 1717 2143 et
1792 2079 2129 2162 aliquando
2198 2080 2391 2144 etiam
2452 2098 2557 2145 me
2624 2079 2869 2143 absente
2898 2100 2932 2141 ιε

589 2185 852 2251 fecistis.
909 2185 1202 2251 dominus
1261 2204 1379 2252 uos
1435 2185 1497 2250 in
1555 2203 1711 2268 pace
1760 2188 2112 2263 conseruet,
2170 2184 2572 2250 dilectissimi
2629 2186 2867 2260 fratres3

591 2294 762 2357 orate
810 2311 920 2374 pro
969 2292 1174 2357 nobis·

772 2480 834 2563 n
875 2478 1018 2537 Phil.
1056 2480 1108 2543 4,
1147 2481 1286 2535 5--6

661 2605 695 2660 3
745 2602 929 2674 aliqui.
969 2608 1147 2673 postr.
1190 2604 1224 2657 Ζ.
1263 2605 1326 2657 in
1373 2620 1486 2659 ras.
1526 2610 1577 2659 et
1614 2620 1680 2659 ex
1717 2620 1852 2658 corr.
1896 2603 2105 2671 (m.1?l
2145 2606 2208 2659 M
2256 2604 2444 2677 aliqui.
2482 2620 2596 2659 ras.
2640 2604 2798 2659 alicui
2830 2602 2875 2655 P

597 2691 758 2747 alicui
794 2692 984 2747 AP¹R
1021 2692 1218 2761 aliquis
1255 2690 1315 2745 F
1347 2692 1466 2747 edd.
1613 2692 1837 2746 humani
1876 2710 2029 2747 casus
2068 2693 2366 2747 acciderint
2401 2693 2475 2747 M
2614 2694 2653 2747 4
2688 2693 2870 2763 migra-

593 2782 678 2835 uit
713 2780 838 2835 MA
1020 2782 1053 2836 6
1092 2784 1166 2846 at,
1203 2787 1330 2837 m.,2
1369 2778 1437 2835 ad
1475 2780 1548 2836 Ρ1
1731 2783 1761 2836 7
1800 2782 2020 2852 propria
2055 2782 2199 2837 bona
2236 2785 2291 2837 R
2468 2782 2679 2853 itaque]
2718 2781 2797 2835 ita
2827 2779 2873 2832 P

666 2870 856 2924 dilecti
893 2868 1004 2924 PF
1107 2870 1139 2925 9
1177 2870 1424 2925 alacriori
1459 2870 1534 2924 M
1640 2869 1707 2924 10
1743 2871 1799 2923 in
1837 2870 1894 2924 P
2030 2872 2193 2925 huius
2232 2870 2435 2927 saeculi
2462 2872 2535 2925 P¹
2644 2871 2711 2926 12
2746 2869 2869 2925 fieri·

597 2959 670 3012 tis
707 2958 762 3013 A
874 2960 940 3011 14
977 2965 1006 3012 e
1047 2958 1239 3012 absens
1278 2964 1306 3013 e
1343 2958 1418 3012 M
1527 2960 1593 3013 15
1631 2975 1715 3013 me
1756 2960 1979 3013 absente
2020 2961 2182 3014 etiam
2220 2959 2292 3013 M
2420 2962 2482 3016 16
2521 2959 2723 3027 fecisti,
2760 2960 2874 3012 m.2

595 3046 802 3103 fecistis
839 3047 914 3100 Ρι
953 3046 1132 3101 facitis
1169 3047 1226 3100 P
1367 3050 1651 3101 conseruet
1690 3050 1745 3101 et
1780 3047 1960 3102 MFA
1999 3048 2119 3105 edd.
2232 3050 2296 3117 17
2336 3048 2515 3119 uobis]
2556 3064 2646 3103 me
2682 3048 2739 3102 R
