3184 4959
471 408 555 471 58
1167 403 1221 457 S.
1277 403 1552 457 Aureli
1608 402 2042 473 Augustini

471 596 817 678 adloquens
867 596 1302 679 congregatos,
1344 594 1641 676 quoniam
1681 594 1956 657 multum
1993 593 2353 673 festinabat,
2391 596 2755 661 lucescente

469 702 976 785 proficisceretur
1021 700 1334 764 dominico
1383 700 1504 777 die,
1556 703 1670 764 aut
1714 702 1902 777 certe,
1954 700 2007 763 si
2052 700 2115 763 in
2163 719 2290 765 una
2338 702 2587 767 sabbati
2634 722 2753 769 non

469 826 581 891 per
635 809 887 872 noctem
944 806 1057 871 sed
1110 826 1222 888 per
1277 807 1445 871 diem
1499 808 1653 871 hora
1708 807 2007 871 dominici
2063 808 2318 872 fuerant
2371 811 2755 894 congregati,

473 934 546 979 eo
593 914 752 997 ipso,
802 912 972 995 quod
1018 913 1258 977 dictum
1308 918 1435 977 est:
1483 912 1789 977 Paulus
1842 914 2321 996 disputabat
2368 916 2551 981 illis
2609 918 2757 981 exi·

471 1026 701 1086 turus
769 1022 928 1086 alia
992 1022 1137 1100 die,
1189 1041 1482 1105 expressa
1547 1027 1647 1086 est
1706 1022 2095 1106 producendi
2160 1042 2353 1087 causa
2425 1024 2757 1103 sermoniS‚
2826 1036 2859 1075 ⁵

475 1130 622 1211 quia
675 1129 882 1193 fuerat
947 1129 1226 1193 exiturus
1309 1132 1372 1193 et
1435 1148 1542 1195 eos
1610 1130 1998 1194 sufficienter
2058 1130 2373 1209 instruere
2440 1130 2757 1213 cupiebat.

472 1257 594 1302 non
643 1255 792 1320 ergo
842 1236 1233 1301 sollemniter
1277 1235 1379 1300 die
1428 1234 1741 1301 dominico
1788 1236 2172 1315 ieiunabant,
2213 1236 2325 1302 sed
2363 1238 2757 1301 necessarius

473 1364 699 1423 sermo,
756 1343 865 1427 qui
920 1342 1118 1407 studii
1179 1342 1637 1431 feruentissimi
1702 1343 2078 1407 audiebatur
2140 1343 2383 1421 ardore,
2440 1344 2761 1408 reficiendi

474 1450 752 1533 corporis
811 1468 1001 1513 causa
1055 1449 1610 1530 interrumpendus
1668 1468 1807 1514 esse
1855 1469 1977 1514 non
2026 1450 2205 1515 uisus
2254 1453 2354 1515 est
2397 1451 2759 1534 profecturo

475 1556 782 1639 apostolo,
842 1556 950 1637 qui
1007 1574 1114 1620 eos
1171 1558 1430 1639 propter
1485 1556 1644 1621 alios
1700 1575 1852 1621 suos
1908 1576 2367 1640 usquequaque
2434 1558 2761 1622 discursus
2804 1570 2865 1610 ¹⁰

475 1666 580 1727 uel
637 1663 793 1727 alias
852 1682 1196 1745 numquam
1255 1664 1358 1727 uel
1412 1664 1735 1729 rarissime
1792 1664 2115 1743 uisitabat,
2174 1665 2546 1749 praesertim
2614 1664 2764 1747 quia

476 1775 626 1835 tunc
675 1790 746 1834 ex
788 1769 920 1834 illis
967 1772 1172 1849 terris,
1221 1771 1391 1835 sicut
1437 1772 1891 1854 consequentia
1937 1771 2183 1850 docent,
2228 1773 2320 1836 ita
2366 1771 2763 1836 discessurus

475 1880 628 1953 erat,
685 1882 760 1941 ut
814 1877 942 1941 iam
997 1896 1118 1942 non
1186 1880 1358 1941 esset
1422 1896 1529 1942 eos
1596 1878 1659 1941 in
1728 1896 1911 1941 carne
1974 1878 2255 1942 uisurus.
2332 1896 2403 1941 ac
2469 1896 2581 1961 per
2643 1878 2763 1941 hoc

476 1983 682 2067 magis
757 1983 1116 2048 ostenditur
1195 1984 1529 2048 dominicis
1615 1983 1837 2048 diebus
1914 1983 2105 2047 solita
2174 1984 2305 2049 illis
2378 2002 2500 2049 non
2564 1984 2765 2049 fuisse

474 2089 732 2166 ieiunia,
780 2090 948 2171 quia,
997 2110 1074 2155 ne
1120 2091 1241 2155 hoc
1287 2090 1667 2167 crederetur,
1718 2090 1965 2155 curauit
2012 2090 2281 2173 scriptor
2322 2091 2469 2155 libri
2508 2109 2765 2155 causam
2808 2108 2863 2145 ιε

475 2196 862 2279 producendi
913 2197 1220 2263 sermonis
1279 2216 1606 2280 exponere,
1660 2200 1737 2261 ut
1791 2198 2119 2277 sciremus,
2177 2200 2233 2263 si
2289 2198 2501 2281 aliqua
2554 2217 2765 2262 neces·

479 2304 638 2368 sitas
685 2303 940 2381 oriatur,
989 2305 1384 2387 urguentiori
1431 2305 1665 2370 actioni
1710 2324 1830 2370 non
1872 2323 2010 2369 esse
2048 2305 2376 2387 prandium
2415 2304 2766 2388 praeferen-

481 2411 654 2476 dum.
732 2410 1026 2493 quamuis
1101 2411 1178 2474 ab
1249 2411 1395 2476 istis
1469 2412 1839 2476 auidissime
1922 2412 2325 2477 audientibus
2410 2415 2474 2476 et
2550 2413 2764 2495 ipsum

480 2518 722 2582 fontem
778 2518 1207 2601 cogitantibus
1263 2519 1696 2600 profecturum
1755 2522 1942 2601 atque
1996 2518 2139 2583 ideo
2197 2536 2427 2602 magna
2481 2518 2591 2582 siti
2645 2538 2765 2582 non

483 2644 682 2707 aquae
737 2626 847 2689 sed
905 2626 1082 2689 uerbi
1143 2626 1278 2691 sine
1345 2625 1659 2703 satietate,
1727 2625 2027 2708 quicquid
2090 2624 2416 2704 influebat,
2480 2625 2770 2689 haurien·
2806 2639 2869 2681 2⁰

479 2732 656 2796 tibus
713 2752 835 2796 non
891 2736 1138 2797 tantum
1195 2734 1442 2797 carnale
1497 2732 1829 2815 prandium
1885 2752 2107 2797 uerum
2164 2733 2356 2797 etiam
2412 2750 2565 2796 cena
2628 2750 2769 2796 con·

483 2841 728 2921 tempta
774 2841 890 2903 est.

395 2947 483 3009 29
577 2942 699 3007 Sed
773 2946 924 3007 tunc
993 2944 1285 3026 quamuis
1352 2943 1669 3010 dominico
1734 2944 1834 3010 die
1900 2945 2091 3011 solita
2151 2944 2284 3010 illis
2350 2944 2586 3009 ieiunia
2648 2963 2767 3007 non

484 3049 778 3127 fuissent,
835 3070 956 3115 non
1017 3054 1148 3115 erat
1199 3055 1410 3115 tamen
1467 3051 1773 3115 ecclesiae
1836 3054 1968 3116 tam
2032 3051 2301 3136 insignis
2366 3050 2649 3125 offensio,
2714 3050 2771 3113 si

557 3330 586 3383 1
625 3329 878 3397 multum]
918 3329 1129 3383 uultum
1169 3327 1248 3381 P²
1459 3330 1786 3400 lucescente]
1834 3331 2141 3385 lucescente
2179 3334 2241 3384 ut
2286 3330 2338 3384 T
2368 3332 2431 3382 ut
2463 3330 2771 3384 lucescente

485 3419 625 3475 lrm
731 3419 764 3471 2
805 3419 851 3472 si
887 3418 945 3471 in
983 3434 1086 3473 om.
1113 3418 1188 3470 Ρι
1331 3420 1389 3473 in
1427 3436 1530 3473 om.
1566 3418 1703 3473 P2T
1808 3420 1839 3473 3
1878 3436 1974 3489 per
2008 3424 2167 3473 nocte
2196 3420 2276 3472 1³2
2418 3420 2550 3473 hora
2586 3435 2688 3473 om.
2726 3417 2779 3471 Τ

487 3524 594 3571 ora,
635 3524 772 3561 corr.
813 3524 866 3561 a.
905 3524 973 3560 m.
1011 3506 1146 3561 hora
1179 3507 1256 3560 P¹
1436 3508 1761 3561 dominicam
1806 3508 1857 3561 T
2040 3508 2076 3561 4
2114 3507 2230 3578 ipse
2267 3506 2345 3561 P²
2532 3505 2676 3577 quod
2708 3508 2775 3561 in

485 3612 598 3651 rae.
635 3596 692 3649 P
724 3612 828 3665 quo
865 3612 919 3648 m
1064 3598 1095 3645 5
1135 3612 1296 3651 causa
1341 3596 1675 3665 producendi
1719 3595 1799 3649 Ρ3
1845 3596 1965 3650 edd.
2084 3594 2429 3669 producendo
2477 3599 2514 3666 (ι
2554 3597 2656 3650 uix
2702 3612 2771 3651 m.
2830 3622 2837 3627 ·

485 3687 537 3755 1)
575 3686 646 3738 1²¹
889 3688 922 3740 6
963 3686 1090 3755 quia
1125 3702 1226 3739 om.
1265 3684 1344 3737 P²
1388 3702 1494 3755 qua
1531 3685 1651 3739 ΗΡ
1861 3688 1891 3739 7
1931 3685 2247 3740 ieiunabant
2284 3685 2371 3741 die
2412 3684 2678 3739 dominico
2728 3681 2781 3737 Τ

487 3776 522 3829 8
560 3773 734 3829 ardor.
771 3790 838 3829 m.
863 3780 894 3829 1
931 3774 1004 3840 (ἓ)
1047 3774 1178 3829 add.
1219 3790 1246 3827 e
1283 3774 1347 3828 H
1454 3776 1486 3829 9
1527 3774 1771 3845 apostolo
1810 3774 2117 3844 profecturo
2157 3774 2205 3829 Τ
2334 3775 2402 3829 10
2440 3774 2593 3833 alios,
2632 3788 2773 3829 corr.

488 3864 623 3918 alias
661 3863 739 3917 P²
878 3880 1156 3934 usqueque
1193 3863 1320 3917 PP¹
1359 3868 1433 3930 (a.
1471 3882 1539 3918 m.
1581 3868 1985 3934 usquequaque)
2100 3864 2161 3918 11
2188 3906 2416 3921 .......
2440 3866 2497 3917 at
2531 3877 2773 3933 praeser-

486 3954 586 4006 tim
627 3953 756 4023 quia.
789 3955 920 4007 tunc
958 3958 1008 4007 et
1047 3954 1433 4021 consequentia
1469 3952 1669 4007 docent
1704 3958 1755 4006 et
1792 3957 1853 4007 ut
1892 3954 2287 4007 iam—uisurus
2312 3952 2516 4021 epa-tiis
2543 3952 2773 4011 14-15,

491 4045 740 4105 22—24,
780 4045 1015 4096 25—2'7
1053 4043 1091 4095 l.
1124 4044 1330 4096 relictis
1364 4058 1465 4096 om.
1504 4041 1580 4095 P¹
1720 4042 1785 4095 12
1824 4040 1981 4095 docet
2016 4042 2072 4095 P
2178 4042 2243 4095 13
2284 4057 2375 4095 eos
2412 4044 2558 4094 essct
2600 4038 2649 4093 Τ
2684 4054 2775 4092 eos

490 4146 606 4185 esse
642 4130 720 4183 1²2
898 4132 1125 4193 uisuros,
1164 4147 1301 4185 corr.
1340 4146 1408 4183 m.
1431 4137 1462 4184 1
1497 4132 1712 4184 uisurus
1760 4130 1808 4185 Τ
1984 4135 2041 4184 at
2076 4128 2155 4182 Ρ2
2335 4132 2404 4183 14
2442 4128 2664 4183 domicis
2700 4126 2781 4181 Ρ2

493 4224 559 4275 15
598 4222 747 4292 quia]
789 4220 896 4289 qui,
934 4238 1003 4274 m.
1027 4224 1066 4273 2
1102 4220 1230 4289 quin
1277 4220 1328 4273 Τ
1468 4237 1645 4282 causa.
1684 4236 1821 4275 corr.
1860 4220 2075 4290 (m.1.-⁹)
2112 4235 2329 4273 causam
2364 4217 2433 4272 H
2566 4218 2630 4273 17
2670 4216 2777 4271 uri·

491 4308 687 4363 entiori
725 4308 804 4362 1²2
913 4310 977 4365 19
1015 4310 1245 4380 fontem]
1282 4311 1423 4365 forte
1469 4309 1517 4364 T
1623 4310 1693 4365 23
1731 4309 1998 4364 dominica
2036 4308 2115 4361 Ρ3
