3184 4959
497 411 626 476 538
1208 407 1259 462 S.
1317 406 1593 461 Aureli
1649 406 2087 476 Augustini

492 602 791 667 fiduciam
866 606 1079 666 tamen
1164 603 1393 668 habere
1468 602 1779 685 potuisse.
1865 601 1992 668 cito
2070 601 2322 667 interim
2395 621 2509 684 per
2583 604 2794 668 edicta

494 711 901 776 excellentiae
956 715 1105 775 tuae
1170 709 1463 776 nouerint
1516 709 1816 774 haeretici
1875 707 2250 774 Donatistae
2305 729 2558 774 manere
2613 713 2790 794 leges

494 821 713 882 contra
758 836 1029 882 errorem
1078 837 1267 883 suum
1313 817 1499 895 latas,
1556 836 1714 900 quas
1771 817 1899 882 iam
1945 817 2105 882 nihil
2151 817 2362 882 ualere
2411 817 2794 882 arbitrantur

490 929 556 989 et
636 925 893 1000 iactant,
978 943 1057 988 ne
1140 925 1243 988 uel
1319 923 1411 989 sic
1476 924 1663 988 nobis
1728 943 1982 1006 parcere
2047 923 2450 1006 aliquatenus
2517 925 2788 1006 possint.

490 1032 838 1114 plurimum
903 1034 1115 1096 autem
1178 1030 1429 1096 labores
1495 1033 1563 1096 et
1623 1031 1906 1112 pericula
1968 1034 2202 1109 nostra,
2269 1051 2394 1113 quo
2461 1030 2790 1096 fructuosa
2853 1051 2880 1092 ⁵

490 1139 639 1213 sint,
707 1135 1061 1212 adiuuabis,
1140 1135 1195 1200 si
1262 1153 1481 1200 eorum
1544 1135 1960 1200 uanissimam
2027 1139 2092 1200 et
2154 1136 2384 1218 impiae
2454 1135 2788 1218 superbiae

486 1243 925 1326 plenissimam
1020 1246 1260 1308 sectam
1342 1261 1465 1307 non
1548 1243 1640 1307 ita
1733 1262 1916 1308 cures
2007 1243 2442 1328 imperialibus
2535 1243 2786 1327 legibus

488 1350 842 1434 comprimi,
899 1354 970 1414 ut
1018 1349 1140 1414 sibi
1187 1349 1295 1414 uel
1342 1350 1478 1415 suis
1536 1349 1874 1415 uideantur
1921 1351 2414 1432 qualescumque
2459 1350 2786 1414 molestias

484 1475 597 1540 pro
664 1453 934 1520 ueritate
999 1456 1189 1537 atque
1250 1453 1499 1519 iustitia
1554 1454 1888 1530 sustinere,
1949 1455 2060 1518 sed
2115 1473 2246 1532 eos,
2297 1474 2440 1518 cum
2499 1455 2620 1520 hoc
2673 1455 2786 1520 abs

484 1567 549 1628 te
604 1561 864 1644 petitur,
932 1580 1143 1626 rerum
1201 1565 1511 1626 certarum
1568 1561 2108 1626 manifestissimis
2165 1561 2564 1626 documentis
2620 1562 2788 1644 apud
2827 1587 2880 1625 ιο

484 1671 629 1733 acta
691 1670 798 1733 uel
869 1667 1293 1751 praestantiae
1358 1671 1508 1732 tuae
1583 1668 1689 1732 uel
1755 1668 2067 1732 minorum
2140 1667 2429 1732 iudicum
2496 1669 2784 1733 conuinci

483 1779 673 1856 atque
730 1772 956 1838 instrui
1013 1773 1297 1856 patiaris,
1355 1776 1427 1837 ut
1482 1776 1547 1838 et
1600 1774 1748 1857 ipsi,
1807 1773 1916 1856 qui
1964 1776 2028 1838 te
2084 1774 2342 1840 iubente
2399 1774 2784 1840 adtinentur.

484 1881 724 1954 duram,
792 1879 848 1944 si
902 1878 1035 1944 fieri
1102 1883 1337 1961 potest,
1402 1879 1662 1944 flectant
1714 1881 1778 1944 in
1837 1881 2069 1944 melius
2124 1881 2530 1944 uoluntatem
2587 1883 2654 1946 et
2711 1900 2784 1945 ea

486 1985 711 2051 ceteris
782 1984 1122 2049 salubriter
1184 1986 1421 2068 legant.
1490 1986 1812 2050 onerosior
1877 1989 1978 2051 est
2031 1987 2264 2070 quippe
2323 2005 2510 2069 quam
2567 1986 2786 2052 utilior

486 2091 837 2176 diligentia,
897 2092 1191 2175 quamuis
1240 2096 1313 2156 ut
1358 2111 1664 2177 magnum
1711 2093 2037 2158 deseratur
2083 2094 2324 2158 malum
2371 2096 2436 2158 et
2479 2112 2780 2176 magnum
2825 2115 2878 2154 ιε,

482 2200 718 2264 bonum
768 2201 1076 2276 teneatur,
1127 2199 1271 2283 cogi
1318 2201 1566 2263 tantum
1616 2199 1926 2276 homines,
1976 2219 2097 2264 non
2147 2199 2378 2264 doceri.

554 2393 581 2442 1
622 2389 862 2460 interim]
904 2390 1047 2444 inter
1086 2395 1145 2445 ee
1182 2389 1258 2443 P¹
1476 2407 1572 2460 per
1619 2387 1816 2459 edicta]
1863 2387 2145 2460 praedicta
2180 2387 2252 2440 1³¹
2303 2387 2611 2457 praedictae
2660 2395 2780 2442 cett.

481 2479 637 2536 codd.
662 2495 699 2531 a
735 2495 832 2548 per
869 2477 1103 2532 edictum
1144 2484 1261 2532 cett.
1302 2479 1423 2532 edd.
1620 2479 1654 2532 2
1691 2481 1817 2532 tuae
1855 2493 1957 2532 om.
1995 2478 2082 2532 R·
2265 2479 2503 2545 manere]
2540 2493 2687 2530 mare
2725 2479 2778 2528 A

480 2569 514 2622 3
551 2567 744 2630 latens,
784 2583 920 2622 corn
958 2572 1077 2624 m.1
1112 2569 1253 2622 latas
1291 2567 1367 2621 M
1471 2568 1627 2636 quasi
1651 2571 1656 2611 Ξ
1680 2567 1791 2620 iam
1829 2567 1890 2621 F
1956 2569 1988 2621 5
2028 2583 2166 2636 quae
2204 2568 2257 2619 A
2297 2566 2441 2635 quod
2481 2565 2536 2621 R
2611 2569 2642 2620 6
2683 2565 2781 2620 ad·

480 2657 755 2710 iuuaberis
797 2656 845 2709 (J
986 2659 1063 2725 etl
1106 2658 1271 2710 etiam
1308 2657 1362 2710 P
1485 2658 1516 2710 7
1554 2656 1873 2726 plenissima
1911 2659 1968 2722 (a
2003 2661 2123 2709 m.1
2159 2673 2225 2710 ex
2263 2655 2314 2726 e)
2349 2655 2426 2708 M
2543 2657 2576 2708 9
2613 2659 2778 2724 atque

480 2763 547 2799 ex
582 2745 757 2814 adque
798 2751 887 2810 (m.
910 2747 1011 2814 11⁶²)
1049 2745 1105 2798 P
1214 2746 1281 2800 10
1320 2743 1465 2815 apud
1502 2746 1646 2814 acta]
1688 2744 1945 2814 approba,
1983 2761 2052 2798 m.
2076 2749 2116 2798 2
2149 2761 2324 2812 supra
2363 2743 2510 2814 apud
2545 2747 2668 2797 acta
2701 2743 2777 2796 Ρι

483 2836 541 2888 11
586 2835 847 2888 iudicium
874 2835 934 2888 F
1042 2835 1107 2888 12
1146 2841 1309 2904 atque
1339 2849 1405 2887 ex
1429 2831 1606 2902 adque
1637 2837 1724 2898 (m.
1748 2837 1779 2884 1
1800 2832 1850 2896 ,9)
1880 2834 1935 2887 Ρ
2039 2834 2279 2894 iuuente‚
2317 2850 2387 2887 m.
2406 2837 2442 2886 :2
2475 2833 2698 2886 iubente
2725 2832 2784 2885 P

478 2925 699 2977 inuente
738 2924 798 2977 F
976 2924 1043 2976 14
1090 2923 1279 2976 utilior
1328 2926 1410 2976 est
1457 2921 1750 2992 diligentia
1791 2921 1839 2975 C
2017 2923 2082 2975 16
2121 2925 2373 2975 teneatur
2416 2921 2617 2974 bonum
2655 2921 2776 2974 edd.

548 3039 670 3108 cogi
705 3040 943 3108 tantum]
994 3039 1245 3108 cogitant
1290 3055 1340 3102 u,
1378 3037 1477 3092 sed
1510 3055 1542 3091 u
1582 3038 1646 3091 in
1679 3053 1793 3092 ras.
1833 3042 1862 3090 1
1901 3039 1932 3091 l.
1972 3037 2183 3109 (m.1.9)
2221 3037 2296 3090 M
2337 3035 2684 3107 cogitandum
2723 3035 2787 3089 F
