<?xml version="1.0" encoding="UTF-8"?>
<!DOCTYPE html PUBLIC "-//W3C//DTD XHTML 1.0 Transitional//EN"
    "http://www.w3.org/TR/xhtml1/DTD/xhtml1-transitional.dtd">
<html xmlns="http://www.w3.org/1999/xhtml" xml:lang="en" lang="en">
 <head>
  <title>
</title>
<meta http-equiv="Content-Type" content="text/html;charset=utf-8" />
  <meta name='ocr-system' content='tesseract 3.04.00' />
  <meta name='ocr-capabilities' content='ocr_page ocr_carea ocr_par ocr_line ocrx_word'/>
</head>
<body>
  <div class='ocr_page' id='page_1' title='image "./corpusscriptoru26wiengoog_0482.png"; bbox 0 0 3184 4959; ppageno 0'>
   <div class='ocr_carea' id='block_1_1' title="bbox 480 409 2080 478">
    <p class='ocr_par' dir='ltr' id='par_1_1' title="bbox 480 409 2080 478">
     <span class='ocr_line' id='line_1_1' title="bbox 480 409 2080 478; baseline -0.004 -9"><span class='ocrx_word' id='word_1_1' title='bbox 480 411 612 476; x_wconf 82' lang='lat'>466</span> <span class='ocrx_word' id='word_1_2' title='bbox 1202 409 1257 464; x_wconf 90' lang='lat' dir='ltr'>S.</span> <span class='ocrx_word' id='word_1_3' title='bbox 1312 409 1589 462; x_wconf 81' lang='lat' dir='ltr'>Aureli</span> <span class='ocrx_word' id='word_1_4' title='bbox 1645 409 2080 478; x_wconf 75' lang='lat' dir='ltr'><strong>Augustini</strong></span> 
     </span>
    </p>
   </div>
   <div class='ocr_carea' id='block_1_2' title="bbox 376 601 2898 3243">
    <p class='ocr_par' dir='ltr' id='par_1_2' title="bbox 376 601 2898 3243">
     <span class='ocr_line' id='line_1_2' title="bbox 376 601 2786 687; baseline -0.002 -15"><span class='ocrx_word' id='word_1_5' title='bbox 376 611 457 672; x_wconf 86' lang='lat'>21</span> <span class='ocrx_word' id='word_1_6' title='bbox 570 604 773 670; x_wconf 89' lang='lat' dir='ltr'>Audis</span> <span class='ocrx_word' id='word_1_7' title='bbox 838 603 1018 686; x_wconf 92' lang='lat' dir='ltr'>loqui</span> <span class='ocrx_word' id='word_1_8' title='bbox 1084 603 1519 687; x_wconf 85' lang='lat' dir='ltr'>euangelium:</span> <span class='ocrx_word' id='word_1_9' title='bbox 1589 601 2044 686; x_wconf 89' lang='lat' dir='ltr'>Oportebat</span> <span class='ocrx_word' id='word_1_10' title='bbox 2106 602 2435 685; x_wconf 90' lang='lat' dir='ltr'>impleri</span> <span class='ocrx_word' id='word_1_11' title='bbox 2503 602 2786 678; x_wconf 87' lang='lat' dir='ltr'>omnia,</span> 
     </span>
     <span class='ocr_line' id='line_1_3' title="bbox 486 709 2788 794; baseline -0 -18"><span class='ocrx_word' id='word_1_12' title='bbox 486 730 685 794; x_wconf 87' lang='lat' dir='ltr'>quae</span> <span class='ocrx_word' id='word_1_13' title='bbox 734 711 1053 793; x_wconf 87' lang='lat' dir='ltr'>scripta</span> <span class='ocrx_word' id='word_1_14' title='bbox 1101 712 1288 775; x_wconf 89' lang='lat' dir='ltr'>sunt</span> <span class='ocrx_word' id='word_1_15' title='bbox 1330 710 1407 776; x_wconf 92' lang='lat' dir='ltr'>in</span> <span class='ocrx_word' id='word_1_16' title='bbox 1455 710 1640 794; x_wconf 86' lang='lat' dir='ltr'>lege</span> <span class='ocrx_word' id='word_1_17' title='bbox 1689 712 1768 774; x_wconf 90' lang='lat' dir='ltr'>et</span> <span class='ocrx_word' id='word_1_18' title='bbox 1817 709 2252 792; x_wconf 88' lang='lat' dir='ltr'>prophetis</span> <span class='ocrx_word' id='word_1_19' title='bbox 2311 712 2390 774; x_wconf 90' lang='lat' dir='ltr'>et</span> <span class='ocrx_word' id='word_1_20' title='bbox 2442 709 2788 792; x_wconf 88' lang='lat' dir='ltr'>psalmis</span> 
     </span>
     <span class='ocr_line' id='line_1_4' title="bbox 487 814 2794 900; baseline -0.001 -19"><span class='ocrx_word' id='word_1_21' title='bbox 487 817 577 882; x_wconf 92' lang='lat' dir='ltr'>de</span> <span class='ocrx_word' id='word_1_22' title='bbox 622 836 761 882; x_wconf 89' lang='lat' dir='ltr'>me.</span> <span class='ocrx_word' id='word_1_23' title='bbox 810 821 1005 882; x_wconf 91' lang='lat' dir='ltr'>tunc</span> <span class='ocrx_word' id='word_1_24' title='bbox 1052 817 1383 900; x_wconf 85' lang='lat' dir='ltr'>aperuit</span> <span class='ocrx_word' id='word_1_25' title='bbox 1435 815 1620 881; x_wconf 91' lang='lat' dir='ltr'>illis</span> <span class='ocrx_word' id='word_1_26' title='bbox 1669 835 2016 892; x_wconf 89' lang='lat' dir='ltr'>sensum,</span> <span class='ocrx_word' id='word_1_27' title='bbox 2063 824 2152 880; x_wconf 86' lang='lat' dir='ltr'>ut</span> <span class='ocrx_word' id='word_1_28' title='bbox 2196 814 2794 899; x_wconf 76' lang='lat' dir='ltr'>intellegerent</span> 
     </span>
     <span class='ocr_line' id='line_1_5' title="bbox 487 920 2790 1007; baseline -0.002 -17"><span class='ocrx_word' id='word_1_29' title='bbox 487 924 977 1007; x_wconf 71' lang='lat' dir='ltr'>scripturae,</span> <span class='ocrx_word' id='word_1_30' title='bbox 1054 927 1131 988; x_wconf 90' lang='lat' dir='ltr'>et</span> <span class='ocrx_word' id='word_1_31' title='bbox 1204 923 1413 988; x_wconf 79' lang='lat' dir='ltr'>dixit</span> <span class='ocrx_word' id='word_1_32' title='bbox 1486 922 1636 988; x_wconf 89' lang='lat' dir='ltr'>eis:</span> <span class='ocrx_word' id='word_1_33' title='bbox 1712 920 2124 1001; x_wconf 83' lang='lat' dir='ltr'>‘Quoniam</span> <span class='ocrx_word' id='word_1_34' title='bbox 2201 922 2320 988; x_wconf 88' lang='lat' dir='ltr'>sic</span> <span class='ocrx_word' id='word_1_35' title='bbox 2386 922 2790 1005; x_wconf 90' lang='lat' dir='ltr'>scriptum</span> 
     </span>
     <span class='ocr_line' id='line_1_6' title="bbox 488 1027 2892 1114; baseline -0.002 -18"><span class='ocrx_word' id='word_1_36' title='bbox 488 1034 615 1096; x_wconf 89' lang='lat' dir='ltr'>est</span> <span class='ocrx_word' id='word_1_37' title='bbox 663 1034 739 1096; x_wconf 91' lang='lat' dir='ltr'>et</span> <span class='ocrx_word' id='word_1_38' title='bbox 784 1031 905 1096; x_wconf 90' lang='lat' dir='ltr'>sic</span> <span class='ocrx_word' id='word_1_39' title='bbox 954 1030 1393 1114; x_wconf 81' lang='lat' dir='ltr'>oportebat</span> <span class='ocrx_word' id='word_1_40' title='bbox 1441 1027 1862 1094; x_wconf 88' lang='lat' dir='ltr'>Christum</span> <span class='ocrx_word' id='word_1_41' title='bbox 1907 1029 2082 1113; x_wconf 89' lang='lat' dir='ltr'>pati</span> <span class='ocrx_word' id='word_1_42' title='bbox 2129 1033 2210 1095; x_wconf 90' lang='lat' dir='ltr'>et</span> <span class='ocrx_word' id='word_1_43' title='bbox 2261 1047 2695 1114; x_wconf 77' lang='lat' dir='ltr'>resurgere</span> <span class='ocrx_word' id='word_1_44' title='bbox 2751 1048 2790 1094; x_wconf 90' lang='lat' dir='ltr'>a</span> <span class='ocrx_word' id='word_1_45' title='bbox 2861 1052 2892 1091; x_wconf 75' lang='grc' dir='ltr'>ε»</span> 
     </span>
     <span class='ocr_line' id='line_1_7' title="bbox 485 1135 2790 1219; baseline -0.002 -15"><span class='ocrx_word' id='word_1_46' title='bbox 485 1137 836 1204; x_wconf 83' lang='lat' dir='ltr'>mortuis</span> <span class='ocrx_word' id='word_1_47' title='bbox 900 1136 1161 1202; x_wconf 89' lang='lat' dir='ltr'>tertia</span> <span class='ocrx_word' id='word_1_48' title='bbox 1225 1136 1351 1201; x_wconf 91' lang='lat' dir='ltr'>die</span> <span class='ocrx_word' id='word_1_49' title='bbox 1416 1138 1497 1202; x_wconf 87' lang='lat' dir='ltr'>et</span> <span class='ocrx_word' id='word_1_50' title='bbox 1558 1135 2022 1219; x_wconf 89' lang='lat' dir='ltr'>praedicari</span> <span class='ocrx_word' id='word_1_51' title='bbox 2084 1135 2160 1200; x_wconf 90' lang='lat' dir='ltr'>in</span> <span class='ocrx_word' id='word_1_52' title='bbox 2229 1135 2550 1202; x_wconf 90' lang='lat' dir='ltr'>nomine</span> <span class='ocrx_word' id='word_1_53' title='bbox 2609 1135 2790 1200; x_wconf 89' lang='lat' dir='ltr'>eius</span> 
     </span>
     <span class='ocr_line' id='line_1_8' title="bbox 487 1243 2788 1327; baseline -0.001 -17"><span class='ocrx_word' id='word_1_54' title='bbox 487 1244 1087 1327; x_wconf 87' lang='lat' dir='ltr'>paenitentiam</span> <span class='ocrx_word' id='word_1_55' title='bbox 1135 1246 1213 1308; x_wconf 89' lang='lat' dir='ltr'>et</span> <span class='ocrx_word' id='word_1_56' title='bbox 1256 1243 1826 1308; x_wconf 80' lang='lat' dir='ltr'>remissionem</span> <span class='ocrx_word' id='word_1_57' title='bbox 1883 1246 2406 1326; x_wconf 89' lang='lat' dir='ltr'>peccatorum</span> <span class='ocrx_word' id='word_1_58' title='bbox 2451 1262 2590 1327; x_wconf 91' lang='lat' dir='ltr'>per</span> <span class='ocrx_word' id='word_1_59' title='bbox 2647 1262 2788 1308; x_wconf 90' lang='lat' dir='ltr'>om-</span> 
     </span>
     <span class='ocr_line' id='line_1_9' title="bbox 488 1349 2791 1436; baseline -0.001 -19"><span class='ocrx_word' id='word_1_60' title='bbox 488 1371 626 1417; x_wconf 87' lang='lat' dir='ltr'>nes</span> <span class='ocrx_word' id='word_1_61' title='bbox 676 1355 963 1436; x_wconf 86' lang='lat' dir='ltr'>gentes</span> <span class='ocrx_word' id='word_1_62' title='bbox 1010 1349 1616 1434; x_wconf 85' lang='lat' dir='ltr'>incipientibus</span> <span class='ocrx_word' id='word_1_63' title='bbox 1665 1350 1750 1415; x_wconf 88' lang='lat' dir='ltr'>ab</span> <span class='ocrx_word' id='word_1_64' title='bbox 1787 1349 2346 1415; x_wconf 84' lang='lat' dir='ltr'>Hierusalem’.</span> <span class='ocrx_word' id='word_1_65' title='bbox 2391 1351 2558 1434; x_wconf 90' lang='lat' dir='ltr'>legis</span> <span class='ocrx_word' id='word_1_66' title='bbox 2595 1350 2791 1414; x_wconf 90' lang='lat' dir='ltr'>etiam</span> 
     </span>
     <span class='ocr_line' id='line_1_10' title="bbox 490 1456 2794 1542; baseline -0.001 -19"><span class='ocrx_word' id='word_1_67' title='bbox 490 1461 671 1524; x_wconf 89' lang='lat' dir='ltr'>actus</span> <span class='ocrx_word' id='word_1_68' title='bbox 718 1458 1175 1542; x_wconf 87' lang='lat' dir='ltr'>apostolorum,</span> <span class='ocrx_word' id='word_1_69' title='bbox 1224 1475 1411 1540; x_wconf 89' lang='lat' dir='ltr'>quem</span> <span class='ocrx_word' id='word_1_70' title='bbox 1458 1457 1538 1521; x_wconf 89' lang='lat' dir='ltr'>ad</span> <span class='ocrx_word' id='word_1_71' title='bbox 1583 1456 1848 1523; x_wconf 90' lang='lat' dir='ltr'>modum</span> <span class='ocrx_word' id='word_1_72' title='bbox 1895 1456 2018 1522; x_wconf 92' lang='lat' dir='ltr'>hoc</span> <span class='ocrx_word' id='word_1_73' title='bbox 2063 1456 2468 1542; x_wconf 85' lang='lat' dir='ltr'>euangelium</span> <span class='ocrx_word' id='word_1_74' title='bbox 2513 1457 2794 1541; x_wconf 89' lang='lat' dir='ltr'>coeperit</span> 
     </span>
     <span class='ocr_line' id='line_1_11' title="bbox 491 1561 2886 1646; baseline -0.002 -18"><span class='ocrx_word' id='word_1_75' title='bbox 491 1564 567 1628; x_wconf 88' lang='lat' dir='ltr'>ab</span> <span class='ocrx_word' id='word_1_76' title='bbox 604 1563 1029 1641; x_wconf 81' lang='lat' dir='ltr'>Hierusalem,</span> <span class='ocrx_word' id='word_1_77' title='bbox 1075 1562 1188 1627; x_wconf 91' lang='lat' dir='ltr'>ubi</span> <span class='ocrx_word' id='word_1_78' title='bbox 1234 1562 1437 1646; x_wconf 90' lang='lat' dir='ltr'>primo</span> <span class='ocrx_word' id='word_1_79' title='bbox 1474 1562 1626 1627; x_wconf 89' lang='lat' dir='ltr'>illos</span> <span class='ocrx_word' id='word_1_80' title='bbox 1665 1565 1922 1627; x_wconf 88' lang='lat' dir='ltr'>centum</span> <span class='ocrx_word' id='word_1_81' title='bbox 1956 1561 2194 1646; x_wconf 88' lang='lat' dir='ltr'>uiginti</span> <span class='ocrx_word' id='word_1_82' title='bbox 2231 1561 2494 1645; x_wconf 84' lang='lat' dir='ltr'>spiritus</span> <span class='ocrx_word' id='word_1_83' title='bbox 2533 1564 2792 1626; x_wconf 87' lang='lat' dir='ltr'>sanctus</span> <span class='ocrx_word' id='word_1_84' title='bbox 2834 1585 2886 1623; x_wconf 79' lang='lat' dir='ltr'>m</span> 
     </span>
     <span class='ocr_line' id='line_1_12' title="bbox 488 1667 2792 1754; baseline -0.001 -20"><span class='ocrx_word' id='word_1_85' title='bbox 488 1669 807 1754; x_wconf 87' lang='lat' dir='ltr'>impleuit,</span> <span class='ocrx_word' id='word_1_86' title='bbox 873 1673 1065 1752; x_wconf 89' lang='lat' dir='ltr'>atque</span> <span class='ocrx_word' id='word_1_87' title='bbox 1128 1669 1273 1734; x_wconf 90' lang='lat' dir='ltr'>inde</span> <span class='ocrx_word' id='word_1_88' title='bbox 1336 1669 1403 1734; x_wconf 92' lang='lat' dir='ltr'>in</span> <span class='ocrx_word' id='word_1_89' title='bbox 1456 1669 1759 1734; x_wconf 81' lang='lat' dir='ltr'>Iudaeam</span> <span class='ocrx_word' id='word_1_90' title='bbox 1825 1671 1890 1734; x_wconf 89' lang='lat' dir='ltr'>et</span> <span class='ocrx_word' id='word_1_91' title='bbox 1946 1667 2294 1734; x_wconf 84' lang='lat' dir='ltr'>Samariam</span> <span class='ocrx_word' id='word_1_92' title='bbox 2351 1672 2418 1733; x_wconf 89' lang='lat' dir='ltr'>et</span> <span class='ocrx_word' id='word_1_93' title='bbox 2460 1669 2524 1732; x_wconf 91' lang='lat' dir='ltr'>in</span> <span class='ocrx_word' id='word_1_94' title='bbox 2574 1686 2792 1732; x_wconf 89' lang='lat' dir='ltr'>omnes</span> 
     </span>
     <span class='ocr_line' id='line_1_13' title="bbox 492 1773 2790 1862; baseline -0.003 -18"><span class='ocrx_word' id='word_1_95' title='bbox 492 1779 713 1862; x_wconf 84' lang='lat' dir='ltr'>gentes</span> <span class='ocrx_word' id='word_1_96' title='bbox 762 1776 1000 1853; x_wconf 86' lang='lat' dir='ltr'>exierit,</span> <span class='ocrx_word' id='word_1_97' title='bbox 1053 1775 1225 1842; x_wconf 89' lang='lat' dir='ltr'>sicut</span> <span class='ocrx_word' id='word_1_98' title='bbox 1268 1775 1361 1840; x_wconf 88' lang='lat' dir='ltr'>eis</span> <span class='ocrx_word' id='word_1_99' title='bbox 1408 1775 1652 1841; x_wconf 82' lang='lat' dir='ltr'>dixerat</span> <span class='ocrx_word' id='word_1_100' title='bbox 1687 1792 2069 1840; x_wconf 87' lang='lat' dir='ltr'>ascensurus</span> <span class='ocrx_word' id='word_1_101' title='bbox 2105 1773 2170 1839; x_wconf 91' lang='lat' dir='ltr'>in</span> <span class='ocrx_word' id='word_1_102' title='bbox 2209 1775 2486 1839; x_wconf 85' lang='lat' dir='ltr'>caelum:</span> <span class='ocrx_word' id='word_1_103' title='bbox 2533 1773 2790 1839; x_wconf 85' lang='lat' dir='ltr'>Eritis</span> 
     </span>
     <span class='ocr_line' id='line_1_14' title="bbox 488 1881 2794 1952; baseline -0.003 -1"><span class='ocrx_word' id='word_1_104' title='bbox 488 1883 689 1952; x_wconf 86' lang='lat' dir='ltr'>mihi</span> <span class='ocrx_word' id='word_1_105' title='bbox 762 1885 1030 1948; x_wconf 88' lang='lat' dir='ltr'>testes</span> <span class='ocrx_word' id='word_1_106' title='bbox 1096 1883 1173 1948; x_wconf 91' lang='lat' dir='ltr'>in</span> <span class='ocrx_word' id='word_1_107' title='bbox 1238 1881 1762 1948; x_wconf 87' lang='lat' dir='ltr'>Hierusalem</span> <span class='ocrx_word' id='word_1_108' title='bbox 1829 1884 1909 1946; x_wconf 90' lang='lat' dir='ltr'>et</span> <span class='ocrx_word' id='word_1_109' title='bbox 1972 1882 2046 1946; x_wconf 90' lang='lat' dir='ltr'>in</span> <span class='ocrx_word' id='word_1_110' title='bbox 2113 1883 2288 1946; x_wconf 88' lang='lat' dir='ltr'>tota</span> <span class='ocrx_word' id='word_1_111' title='bbox 2349 1881 2652 1946; x_wconf 88' lang='lat' dir='ltr'>Iudaea</span> <span class='ocrx_word' id='word_1_112' title='bbox 2715 1884 2794 1945; x_wconf 90' lang='lat' dir='ltr'>et</span> 
     </span>
     <span class='ocr_line' id='line_1_15' title="bbox 493 1986 2792 2071; baseline -0.003 -16"><span class='ocrx_word' id='word_1_113' title='bbox 493 1989 855 2056; x_wconf 86' lang='lat' dir='ltr'>Samaria</span> <span class='ocrx_word' id='word_1_114' title='bbox 919 1991 1000 2053; x_wconf 92' lang='lat' dir='ltr'>et</span> <span class='ocrx_word' id='word_1_115' title='bbox 1062 2006 1318 2071; x_wconf 87' lang='lat' dir='ltr'>usque</span> <span class='ocrx_word' id='word_1_116' title='bbox 1382 1987 1459 2052; x_wconf 92' lang='lat' dir='ltr'>in</span> <span class='ocrx_word' id='word_1_117' title='bbox 1524 1987 1739 2052; x_wconf 87' lang='lat' dir='ltr'>fines</span> <span class='ocrx_word' id='word_1_118' title='bbox 1804 1990 2092 2065; x_wconf 89' lang='lat' dir='ltr'>terrae,</span> <span class='ocrx_word' id='word_1_119' title='bbox 2150 1986 2298 2069; x_wconf 89' lang='lat' dir='ltr'>quia</span> <span class='ocrx_word' id='word_1_120' title='bbox 2352 1987 2430 2050; x_wconf 91' lang='lat' dir='ltr'>in</span> <span class='ocrx_word' id='word_1_121' title='bbox 2487 2004 2792 2051; x_wconf 89' lang='lat' dir='ltr'>omnem</span> 
     </span>
     <span class='ocr_line' id='line_1_16' title="bbox 490 2091 2888 2160; baseline -0.002 0"><span class='ocrx_word' id='word_1_122' title='bbox 490 2099 797 2160; x_wconf 87' lang='lat' dir='ltr'>terram</span> <span class='ocrx_word' id='word_1_123' title='bbox 846 2093 1112 2160; x_wconf 85' lang='lat' dir='ltr'>exiuit</span> <span class='ocrx_word' id='word_1_124' title='bbox 1158 2112 1404 2160; x_wconf 87' lang='lat' dir='ltr'>sonus</span> <span class='ocrx_word' id='word_1_125' title='bbox 1453 2112 1722 2159; x_wconf 87' lang='lat' dir='ltr'>eorum</span> <span class='ocrx_word' id='word_1_126' title='bbox 1773 2093 1968 2158; x_wconf 90' lang='lat' dir='ltr'>etin</span> <span class='ocrx_word' id='word_1_127' title='bbox 2007 2092 2222 2157; x_wconf 85' lang='lat' dir='ltr'>fines</span> <span class='ocrx_word' id='word_1_128' title='bbox 2262 2091 2485 2157; x_wconf 90' lang='lat' dir='ltr'>orbis</span> <span class='ocrx_word' id='word_1_129' title='bbox 2524 2094 2790 2157; x_wconf 89' lang='lat' dir='ltr'>terrae</span> <span class='ocrx_word' id='word_1_130' title='bbox 2837 2117 2888 2156; x_wconf 67' lang='grc' dir='ltr'>ιε</span> 
     </span>
     <span class='ocr_line' id='line_1_17' title="bbox 492 2198 2798 2269; baseline -0.003 -2"><span class='ocrx_word' id='word_1_131' title='bbox 492 2203 741 2267; x_wconf 85' lang='lat' dir='ltr'>uerba</span> <span class='ocrx_word' id='word_1_132' title='bbox 804 2220 1089 2269; x_wconf 88' lang='lat' dir='ltr'>eorum.</span> <span class='ocrx_word' id='word_1_133' title='bbox 1155 2204 1221 2266; x_wconf 89' lang='lat' dir='ltr'>et</span> <span class='ocrx_word' id='word_1_134' title='bbox 1280 2203 1356 2266; x_wconf 90' lang='lat' dir='ltr'>tu</span> <span class='ocrx_word' id='word_1_135' title='bbox 1422 2199 1801 2265; x_wconf 80' lang='lat' dir='ltr'>contradicis</span> <span class='ocrx_word' id='word_1_136' title='bbox 1867 2198 2103 2264; x_wconf 90' lang='lat' dir='ltr'>diuinis</span> <span class='ocrx_word' id='word_1_137' title='bbox 2169 2198 2555 2264; x_wconf 86' lang='lat' dir='ltr'>testimoniis</span> <span class='ocrx_word' id='word_1_138' title='bbox 2621 2201 2798 2264; x_wconf 86' lang='lat' dir='ltr'>tanta</span> 
     </span>
     <span class='ocr_line' id='line_1_18' title="bbox 492 2305 2800 2388; baseline -0.002 -16"><span class='ocrx_word' id='word_1_139' title='bbox 492 2307 792 2374; x_wconf 88' lang='lat' dir='ltr'>firmitate</span> <span class='ocrx_word' id='word_1_140' title='bbox 836 2307 1171 2386; x_wconf 89' lang='lat' dir='ltr'>roboratis,</span> <span class='ocrx_word' id='word_1_141' title='bbox 1210 2310 1390 2374; x_wconf 87' lang='lat' dir='ltr'>tanta</span> <span class='ocrx_word' id='word_1_142' title='bbox 1425 2308 1569 2372; x_wconf 89' lang='lat' dir='ltr'>luce</span> <span class='ocrx_word' id='word_1_143' title='bbox 1609 2306 1963 2372; x_wconf 84' lang='lat' dir='ltr'>manifestis</span> <span class='ocrx_word' id='word_1_144' title='bbox 2015 2309 2079 2370; x_wconf 91' lang='lat' dir='ltr'>et</span> <span class='ocrx_word' id='word_1_145' title='bbox 2125 2305 2204 2370; x_wconf 90' lang='lat' dir='ltr'>ad</span> <span class='ocrx_word' id='word_1_146' title='bbox 2249 2305 2441 2371; x_wconf 88' lang='lat' dir='ltr'>istam</span> <span class='ocrx_word' id='word_1_147' title='bbox 2486 2305 2800 2388; x_wconf 89' lang='lat' dir='ltr'>proscrip-</span> 
     </span>
     <span class='ocr_line' id='line_1_19' title="bbox 492 2411 2797 2496; baseline -0.003 -16"><span class='ocrx_word' id='word_1_148' title='bbox 492 2415 733 2480; x_wconf 82' lang='lat' dir='ltr'>tionem</span> <span class='ocrx_word' id='word_1_149' title='bbox 790 2413 1028 2480; x_wconf 87' lang='lat' dir='ltr'>Christi</span> <span class='ocrx_word' id='word_1_150' title='bbox 1090 2414 1507 2478; x_wconf 89' lang='lat' dir='ltr'>hereditatem</span> <span class='ocrx_word' id='word_1_151' title='bbox 1582 2413 1928 2496; x_wconf 84' lang='lat' dir='ltr'>perducere</span> <span class='ocrx_word' id='word_1_152' title='bbox 2003 2411 2270 2490; x_wconf 87' lang='lat' dir='ltr'>conaris‚</span> <span class='ocrx_word' id='word_1_153' title='bbox 2346 2413 2440 2488; x_wconf 85' lang='lat' dir='ltr'>ut,</span> <span class='ocrx_word' id='word_1_154' title='bbox 2514 2430 2660 2476; x_wconf 89' lang='lat' dir='ltr'>cum</span> <span class='ocrx_word' id='word_1_155' title='bbox 2733 2412 2797 2474; x_wconf 93' lang='lat' dir='ltr'>in</span> 
     </span>
     <span class='ocr_line' id='line_1_20' title="bbox 496 2516 2798 2602; baseline -0.002 -16"><span class='ocrx_word' id='word_1_156' title='bbox 496 2523 633 2586; x_wconf 89' lang='lat' dir='ltr'>eius</span> <span class='ocrx_word' id='word_1_157' title='bbox 700 2521 973 2600; x_wconf 89' lang='lat' dir='ltr'>nomine,</span> <span class='ocrx_word' id='word_1_158' title='bbox 1042 2519 1212 2586; x_wconf 91' lang='lat' dir='ltr'>sicut</span> <span class='ocrx_word' id='word_1_159' title='bbox 1267 2519 1444 2600; x_wconf 86' lang='lat' dir='ltr'>dixit,</span> <span class='ocrx_word' id='word_1_160' title='bbox 1500 2519 1902 2602; x_wconf 83' lang='lat' dir='ltr'>praedicetur</span> <span class='ocrx_word' id='word_1_161' title='bbox 1955 2517 2344 2601; x_wconf 87' lang='lat' dir='ltr'>paenitentia</span> <span class='ocrx_word' id='word_1_162' title='bbox 2387 2517 2453 2582; x_wconf 93' lang='lat' dir='ltr'>in</span> <span class='ocrx_word' id='word_1_163' title='bbox 2503 2516 2798 2582; x_wconf 89' lang='lat' dir='ltr'>omnibus</span> 
     </span>
     <span class='ocr_line' id='line_1_21' title="bbox 496 2624 2892 2712; baseline -0.002 -20"><span class='ocrx_word' id='word_1_164' title='bbox 496 2628 819 2712; x_wconf 79' lang='lat' dir='ltr'>gentibue,</span> <span class='ocrx_word' id='word_1_165' title='bbox 896 2627 1187 2711; x_wconf 91' lang='lat' dir='ltr'>quisquis</span> <span class='ocrx_word' id='word_1_166' title='bbox 1261 2625 1382 2691; x_wconf 90' lang='lat' dir='ltr'>hac</span> <span class='ocrx_word' id='word_1_167' title='bbox 1454 2626 1651 2691; x_wconf 85' lang='lat' dir='ltr'>fuerit</span> <span class='ocrx_word' id='word_1_168' title='bbox 1731 2624 2197 2708; x_wconf 86' lang='lat' dir='ltr'>praedicatione</span> <span class='ocrx_word' id='word_1_169' title='bbox 2273 2627 2654 2700; x_wconf 90' lang='lat' dir='ltr'>commotus,</span> <span class='ocrx_word' id='word_1_170' title='bbox 2734 2624 2798 2688; x_wconf 91' lang='lat' dir='ltr'>in</span> <span class='ocrx_word' id='word_1_171' title='bbox 2837 2650 2892 2688; x_wconf 70' lang='lat' dir='ltr'>zo</span> 
     </span>
     <span class='ocr_line' id='line_1_22' title="bbox 498 2730 2800 2818; baseline -0.003 -18"><span class='ocrx_word' id='word_1_172' title='bbox 498 2735 782 2818; x_wconf 88' lang='lat' dir='ltr'>qualibet</span> <span class='ocrx_word' id='word_1_173' title='bbox 852 2737 1029 2817; x_wconf 89' lang='lat' dir='ltr'>parte</span> <span class='ocrx_word' id='word_1_174' title='bbox 1104 2733 1273 2800; x_wconf 90' lang='lat' dir='ltr'>orbis</span> <span class='ocrx_word' id='word_1_175' title='bbox 1348 2736 1678 2810; x_wconf 89' lang='lat' dir='ltr'>terrarum,</span> <span class='ocrx_word' id='word_1_176' title='bbox 1753 2731 1877 2797; x_wconf 90' lang='lat' dir='ltr'>nisi</span> <span class='ocrx_word' id='word_1_177' title='bbox 1952 2730 2294 2815; x_wconf 85' lang='lat' dir='ltr'>quaesierit</span> <span class='ocrx_word' id='word_1_178' title='bbox 2358 2735 2422 2796; x_wconf 89' lang='lat' dir='ltr'>et</span> <span class='ocrx_word' id='word_1_179' title='bbox 2487 2730 2800 2795; x_wconf 88' lang='lat' dir='ltr'>inuenerit</span> 
     </span>
     <span class='ocr_line' id='line_1_23' title="bbox 492 2835 2802 2906; baseline -0.001 -2"><span class='ocrx_word' id='word_1_180' title='bbox 492 2841 795 2906; x_wconf 88' lang='lat' dir='ltr'>latentem</span> <span class='ocrx_word' id='word_1_181' title='bbox 852 2839 917 2906; x_wconf 88' lang='lat' dir='ltr'>in</span> <span class='ocrx_word' id='word_1_182' title='bbox 972 2839 1369 2905; x_wconf 82' lang='lat' dir='ltr'>Mauretania</span> <span class='ocrx_word' id='word_1_183' title='bbox 1416 2838 1809 2906; x_wconf 84' lang='lat' dir='ltr'>Caesariensi</span> <span class='ocrx_word' id='word_1_184' title='bbox 1856 2837 2344 2904; x_wconf 78' lang='lat' dir='ltr'>cartennensem</span> <span class='ocrx_word' id='word_1_185' title='bbox 2392 2835 2802 2902; x_wconf 81' lang='lat' dir='ltr'>vincentium</span> 
     </span>
     <span class='ocr_line' id='line_1_24' title="bbox 499 2942 2802 3030; baseline -0.002 -19"><span class='ocrx_word' id='word_1_186' title='bbox 499 2951 611 3012; x_wconf 89' lang='lat' dir='ltr'>aut</span> <span class='ocrx_word' id='word_1_187' title='bbox 672 2948 951 3030; x_wconf 87' lang='lat' dir='ltr'>aliquem</span> <span class='ocrx_word' id='word_1_188' title='bbox 1017 2965 1091 3010; x_wconf 85' lang='lat' dir='ltr'>ex</span> <span class='ocrx_word' id='word_1_189' title='bbox 1154 2947 1293 3011; x_wconf 89' lang='lat' dir='ltr'>eius</span> <span class='ocrx_word' id='word_1_190' title='bbox 1356 2965 1591 3012; x_wconf 87' lang='lat' dir='ltr'>nouem</span> <span class='ocrx_word' id='word_1_191' title='bbox 1645 2950 1758 3010; x_wconf 87' lang='lat' dir='ltr'>aut</span> <span class='ocrx_word' id='word_1_192' title='bbox 1813 2944 2033 3010; x_wconf 89' lang='lat' dir='ltr'>decem</span> <span class='ocrx_word' id='word_1_193' title='bbox 2090 2943 2514 3020; x_wconf 81' lang='lat' dir='ltr'>consortibuS‚</span> <span class='ocrx_word' id='word_1_194' title='bbox 2564 2942 2802 3008; x_wconf 86' lang='lat' dir='ltr'>dimitti</span> 
     </span>
     <span class='ocr_line' id='line_1_25' title="bbox 500 3049 2800 3136; baseline -0.001 -20"><span class='ocrx_word' id='word_1_195' title='bbox 500 3053 559 3116; x_wconf 90' lang='lat' dir='ltr'>ei</span> <span class='ocrx_word' id='word_1_196' title='bbox 622 3057 883 3136; x_wconf 86' lang='lat' dir='ltr'>peccata</span> <span class='ocrx_word' id='word_1_197' title='bbox 935 3071 1059 3118; x_wconf 90' lang='lat' dir='ltr'>non</span> <span class='ocrx_word' id='word_1_198' title='bbox 1113 3053 1379 3136; x_wconf 88' lang='lat' dir='ltr'>possint.</span> <span class='ocrx_word' id='word_1_199' title='bbox 1447 3051 1602 3136; x_wconf 93' lang='lat' dir='ltr'>quid</span> <span class='ocrx_word' id='word_1_200' title='bbox 1655 3071 1779 3117; x_wconf 87' lang='lat' dir='ltr'>non</span> <span class='ocrx_word' id='word_1_201' title='bbox 1837 3051 2070 3116; x_wconf 87' lang='lat' dir='ltr'>audeat</span> <span class='ocrx_word' id='word_1_202' title='bbox 2123 3051 2364 3134; x_wconf 82' lang='lat' dir='ltr'>typhus</span> <span class='ocrx_word' id='word_1_203' title='bbox 2427 3049 2800 3114; x_wconf 87' lang='lat' dir='ltr'>morticinae</span> 
     </span>
     <span class='ocr_line' id='line_1_26' title="bbox 499 3157 2898 3243; baseline -0.001 -19"><span class='ocrx_word' id='word_1_204' title='bbox 499 3159 880 3243; x_wconf 83' lang='lat' dir='ltr'>pelliculae?</span> <span class='ocrx_word' id='word_1_205' title='bbox 960 3178 1083 3242; x_wconf 90' lang='lat' dir='ltr'>quo</span> <span class='ocrx_word' id='word_1_206' title='bbox 1160 3177 1284 3224; x_wconf 88' lang='lat' dir='ltr'>non</span> <span class='ocrx_word' id='word_1_207' title='bbox 1360 3179 1429 3224; x_wconf 88' lang='lat' dir='ltr'>se</span> <span class='ocrx_word' id='word_1_208' title='bbox 1502 3159 1883 3242; x_wconf 88' lang='lat' dir='ltr'>praecipitet</span> <span class='ocrx_word' id='word_1_209' title='bbox 1950 3157 2386 3241; x_wconf 88' lang='lat' dir='ltr'>praesumptio</span> <span class='ocrx_word' id='word_1_210' title='bbox 2463 3157 2668 3222; x_wconf 89' lang='lat' dir='ltr'>carnis</span> <span class='ocrx_word' id='word_1_211' title='bbox 2733 3159 2801 3221; x_wconf 89' lang='lat' dir='ltr'>et</span> <span class='ocrx_word' id='word_1_212' title='bbox 2842 3180 2898 3221; x_wconf 71' lang='lat' dir='ltr'>as</span> 
     </span>
    </p>
   </div>
   <div class='ocr_carea' id='block_1_3' title="bbox 506 3367 2801 3538">
    <p class='ocr_par' dir='ltr' id='par_1_3' title="bbox 506 3367 2801 3538">
     <span class='ocr_line' id='line_1_27' title="bbox 686 3367 2801 3449; baseline 0 -12"><span class='ocrx_word' id='word_1_213' title='bbox 686 3388 709 3438; x_wconf 93' lang='lat'>1</span> <span class='ocrx_word' id='word_1_214' title='bbox 750 3385 880 3438; x_wconf 70' lang='lat' dir='ltr'>Luc.</span> <span class='ocrx_word' id='word_1_215' title='bbox 920 3385 1006 3449; x_wconf 83' lang='lat'>24,</span> <span class='ocrx_word' id='word_1_216' title='bbox 1045 3367 1265 3439; x_wconf 72' lang='lat'>44—47&#39;</span> <span class='ocrx_word' id='word_1_217' title='bbox 1384 3386 1417 3438; x_wconf 84' lang='lat'>9</span> <span class='ocrx_word' id='word_1_218' title='bbox 1455 3385 1577 3440; x_wconf 74' lang='lat' dir='ltr'>Aet.</span> <span class='ocrx_word' id='word_1_219' title='bbox 1623 3385 1668 3447; x_wconf 90' lang='lat'>1,</span> <span class='ocrx_word' id='word_1_220' title='bbox 1711 3384 1904 3448; x_wconf 87' lang='lat'>12-2,</span> <span class='ocrx_word' id='word_1_221' title='bbox 1944 3386 1980 3439; x_wconf 88' lang='lat'>4</span> <span class='ocrx_word' id='word_1_222' title='bbox 2104 3384 2170 3438; x_wconf 86' lang='lat'>12</span> <span class='ocrx_word' id='word_1_223' title='bbox 2207 3383 2331 3438; x_wconf 78' lang='lat' dir='ltr'>Act.</span> <span class='ocrx_word' id='word_1_224' title='bbox 2373 3383 2422 3447; x_wconf 92' lang='lat'>1,</span> <span class='ocrx_word' id='word_1_225' title='bbox 2461 3383 2495 3437; x_wconf 86' lang='lat' dir='ltr'>s</span> <span class='ocrx_word' id='word_1_226' title='bbox 2608 3383 2674 3436; x_wconf 83' lang='lat'>14</span> <span class='ocrx_word' id='word_1_227' title='bbox 2709 3381 2801 3438; x_wconf 62' lang='grc' dir='ltr'>ΡΒ.</span> 
     </span>
     <span class='ocr_line' id='line_1_28' title="bbox 506 3473 1118 3538; baseline -0.002 -10"><span class='ocrx_word' id='word_1_228' title='bbox 506 3474 590 3538; x_wconf 91' lang='grc'>18,</span> <span class='ocrx_word' id='word_1_229' title='bbox 630 3476 689 3538; x_wconf 87' lang='grc'>5;</span> <span class='ocrx_word' id='word_1_230' title='bbox 726 3474 879 3526; x_wconf 90' lang='lat' dir='ltr'>Rom.</span> <span class='ocrx_word' id='word_1_231' title='bbox 924 3474 1008 3538; x_wconf 88' lang='lat'>10,</span> <span class='ocrx_word' id='word_1_232' title='bbox 1050 3473 1118 3528; x_wconf 87' lang='lat'>18</span> 
     </span>
    </p>
   </div>
   <div class='ocr_carea' id='block_1_4' title="bbox 503 3611 2814 4398">
    <p class='ocr_par' dir='ltr' id='par_1_4' title="bbox 503 3611 2814 4398">
     <span class='ocr_line' id='line_1_29' title="bbox 576 3611 2812 3680; baseline -0.001 -11"><span class='ocrx_word' id='word_1_233' title='bbox 576 3616 609 3670; x_wconf 89' lang='lat'><strong>3</strong></span> <span class='ocrx_word' id='word_1_234' title='bbox 649 3614 715 3668; x_wconf 91' lang='lat' dir='ltr'>de</span> <span class='ocrx_word' id='word_1_235' title='bbox 752 3630 837 3668; x_wconf 87' lang='lat' dir='ltr'>me</span> <span class='ocrx_word' id='word_1_236' title='bbox 877 3619 934 3668; x_wconf 89' lang='lat' dir='ltr'>et</span> <span class='ocrx_word' id='word_1_237' title='bbox 969 3618 1102 3669; x_wconf 87' lang='lat' dir='ltr'>tunc</span> <span class='ocrx_word' id='word_1_238' title='bbox 1138 3614 1243 3668; x_wconf 92' lang='lat' dir='ltr'>PL</span> <span class='ocrx_word' id='word_1_239' title='bbox 1387 3631 1577 3668; x_wconf 83' lang='lat' dir='ltr'>sensus</span> <span class='ocrx_word' id='word_1_240' title='bbox 1616 3613 1671 3668; x_wconf 88' lang='lat' dir='ltr'><strong><em>L</em></strong></span> <span class='ocrx_word' id='word_1_241' title='bbox 1803 3616 1840 3668; x_wconf 84' lang='lat'>4</span> <span class='ocrx_word' id='word_1_242' title='bbox 1877 3613 1958 3668; x_wconf 87' lang='lat' dir='ltr'>sic</span> <span class='ocrx_word' id='word_1_243' title='bbox 1993 3628 2097 3668; x_wconf 87' lang='lat' dir='ltr'>om.</span> <span class='ocrx_word' id='word_1_244' title='bbox 2135 3613 2244 3668; x_wconf 77' lang='lat' dir='ltr'>AG</span> <span class='ocrx_word' id='word_1_245' title='bbox 2278 3613 2357 3667; x_wconf 75' lang='lat' dir='ltr'>sic</span> <span class='ocrx_word' id='word_1_246' title='bbox 2397 3617 2494 3678; x_wconf 53' lang='grc' dir='ltr'>(ω</span> <span class='ocrx_word' id='word_1_247' title='bbox 2537 3615 2699 3680; x_wconf 71' lang='lat' dir='ltr'>eras.)</span> <span class='ocrx_word' id='word_1_248' title='bbox 2733 3611 2812 3666; x_wconf 79' lang='lat' dir='ltr'><strong><em>M</em></strong></span> 
     </span>
     <span class='ocr_line' id='line_1_30' title="bbox 505 3701 2805 3774; baseline -0.001 -16"><span class='ocrx_word' id='word_1_249' title='bbox 505 3707 537 3758; x_wconf 84' lang='lat'>5</span> <span class='ocrx_word' id='word_1_250' title='bbox 576 3705 654 3759; x_wconf 71' lang='lat' dir='ltr'>sic</span> <span class='ocrx_word' id='word_1_251' title='bbox 690 3707 787 3772; x_wconf 57' lang='lat' dir='ltr'>(a-</span> <span class='ocrx_word' id='word_1_252' title='bbox 826 3708 990 3765; x_wconf 72' lang='lat' dir='ltr'>eras.)</span> <span class='ocrx_word' id='word_1_253' title='bbox 1028 3704 1099 3757; x_wconf 84' lang='lat' dir='ltr'><strong><em>M</em></strong></span> <span class='ocrx_word' id='word_1_254' title='bbox 1248 3704 1368 3774; x_wconf 81' lang='lat' dir='ltr'>pati</span> <span class='ocrx_word' id='word_1_255' title='bbox 1406 3703 1668 3758; x_wconf 71' lang='lat' dir='ltr'>christum</span> <span class='ocrx_word' id='word_1_256' title='bbox 1705 3703 1762 3758; x_wconf 85' lang='lat' dir='ltr'><em>R</em></span> <span class='ocrx_word' id='word_1_257' title='bbox 1799 3703 1919 3758; x_wconf 81' lang='lat' dir='ltr'>edd.</span> <span class='ocrx_word' id='word_1_258' title='bbox 1959 3702 2082 3770; x_wconf 80' lang='lat' dir='ltr'>(Gr.</span> <span class='ocrx_word' id='word_1_259' title='bbox 2122 3704 2311 3756; x_wconf 67' lang='grc' dir='ltr'><strong>παθεῖν</strong></span> <span class='ocrx_word' id='word_1_260' title='bbox 2349 3704 2438 3756; x_wconf 85' lang='grc' dir='ltr'>τὸν</span> <span class='ocrx_word' id='word_1_261' title='bbox 2477 3701 2704 3774; x_wconf 79' lang='grc' dir='ltr'>Χριστόν</span> <span class='ocrx_word' id='word_1_262' title='bbox 2740 3702 2805 3755; x_wconf 76' lang='lat' dir='ltr'>in</span> 
     </span>
     <span class='ocr_line' id='line_1_31' title="bbox 503 3789 2800 3862; baseline -0.001 -15"><span class='ocrx_word' id='word_1_263' title='bbox 503 3793 758 3847; x_wconf 72' lang='lat' dir='ltr'>omnibus</span> <span class='ocrx_word' id='word_1_264' title='bbox 782 3793 905 3860; x_wconf 79' lang='lat' dir='ltr'>sere</span> <span class='ocrx_word' id='word_1_265' title='bbox 942 3793 1121 3858; x_wconf 78' lang='lat' dir='ltr'>libris)</span> <span class='ocrx_word' id='word_1_266' title='bbox 1130 3813 1152 3860; x_wconf 89' lang='lat'><em>;</em></span> <span class='ocrx_word' id='word_1_267' title='bbox 1186 3794 1257 3862; x_wconf 85' lang='lat' dir='ltr'>cs.</span> <span class='ocrx_word' id='word_1_268' title='bbox 1278 3811 1338 3861; x_wconf 78' lang='lat' dir='ltr'>p.</span> <span class='ocrx_word' id='word_1_269' title='bbox 1374 3795 1505 3856; x_wconf 79' lang='lat'>469,</span> <span class='ocrx_word' id='word_1_270' title='bbox 1542 3796 1578 3846; x_wconf 80' lang='lat'><em>4</em></span> <span class='ocrx_word' id='word_1_271' title='bbox 1651 3795 1684 3848; x_wconf 90' lang='grc'><strong>6</strong></span> <span class='ocrx_word' id='word_1_272' title='bbox 1722 3791 1811 3846; x_wconf 91' lang='lat' dir='ltr'>die</span> <span class='ocrx_word' id='word_1_273' title='bbox 1848 3791 2014 3846; x_wconf 86' lang='lat' dir='ltr'>tertia</span> <span class='ocrx_word' id='word_1_274' title='bbox 2047 3791 2094 3845; x_wconf 81' lang='lat'><em>0</em></span> <span class='ocrx_word' id='word_1_275' title='bbox 2166 3791 2226 3844; x_wconf 91' lang='lat'>11</span> <span class='ocrx_word' id='word_1_276' title='bbox 2250 3807 2345 3860; x_wconf 75' lang='lat' dir='ltr'>pr.</span> <span class='ocrx_word' id='word_1_277' title='bbox 2379 3793 2458 3862; x_wconf 86' lang='lat' dir='ltr'>et]</span> <span class='ocrx_word' id='word_1_278' title='bbox 2487 3796 2652 3861; x_wconf 81' lang='lat' dir='ltr'>atque</span> <span class='ocrx_word' id='word_1_279' title='bbox 2681 3789 2800 3844; x_wconf 77' lang='lat' dir='ltr'>edd.</span> 
     </span>
     <span class='ocr_line' id='line_1_32' title="bbox 508 3877 2814 3952; baseline -0.002 -16"><span class='ocrx_word' id='word_1_280' title='bbox 508 3883 574 3936; x_wconf 86' lang='lat'>12</span> <span class='ocrx_word' id='word_1_281' title='bbox 614 3881 815 3936; x_wconf 84' lang='lat' dir='ltr'>exilrit</span> <span class='ocrx_word' id='word_1_282' title='bbox 850 3882 906 3936; x_wconf 79' lang='grc' dir='ltr'><strong><em>Δ</em></strong></span> <span class='ocrx_word' id='word_1_283' title='bbox 1017 3883 1083 3936; x_wconf 87' lang='grc'>13</span> <span class='ocrx_word' id='word_1_284' title='bbox 1124 3883 1263 3952; x_wconf 85' lang='lat' dir='ltr'>tota]</span> <span class='ocrx_word' id='word_1_285' title='bbox 1304 3883 1449 3936; x_wconf 89' lang='lat' dir='ltr'>omni</span> <span class='ocrx_word' id='word_1_286' title='bbox 1475 3882 1532 3936; x_wconf 81' lang='lat' dir='ltr'><em>R</em></span> <span class='ocrx_word' id='word_1_287' title='bbox 1568 3897 1670 3935; x_wconf 77' lang='lat' dir='ltr'>sec.</span> <span class='ocrx_word' id='word_1_288' title='bbox 1709 3881 1866 3951; x_wconf 75' lang='lat' dir='ltr'>Vuly.</span> <span class='ocrx_word' id='word_1_289' title='bbox 1972 3882 2040 3934; x_wconf 84' lang='lat'>14</span> <span class='ocrx_word' id='word_1_290' title='bbox 2077 3881 2132 3934; x_wconf 86' lang='lat' dir='ltr'>in</span> <span class='ocrx_word' id='word_1_291' title='bbox 2172 3887 2328 3934; x_wconf 73' lang='lat' dir='ltr'>omne</span> <span class='ocrx_word' id='word_1_292' title='bbox 2365 3882 2516 3934; x_wconf 76' lang='lat' dir='ltr'>terra</span> <span class='ocrx_word' id='word_1_293' title='bbox 2553 3881 2653 3949; x_wconf 80' lang='lat' dir='ltr'>(sie</span> <span class='ocrx_word' id='word_1_294' title='bbox 2667 3882 2706 3942; x_wconf 73' lang='lat' dir='ltr'>l)</span> <span class='ocrx_word' id='word_1_295' title='bbox 2737 3877 2814 3932; x_wconf 76' lang='lat' dir='ltr'><strong><em>M</em></strong></span> 
     </span>
     <span class='ocr_line' id='line_1_33' title="bbox 510 3966 2805 4026; baseline -0.003 0"><span class='ocrx_word' id='word_1_296' title='bbox 510 3973 574 4026; x_wconf 88' lang='lat'>15</span> <span class='ocrx_word' id='word_1_297' title='bbox 614 3971 746 4025; x_wconf 84' lang='lat' dir='ltr'>exiit</span> <span class='ocrx_word' id='word_1_298' title='bbox 780 3969 955 4025; x_wconf 77' lang='lat' dir='ltr'>MGP</span> <span class='ocrx_word' id='word_1_299' title='bbox 1137 3971 1201 4026; x_wconf 88' lang='grc'>16</span> <span class='ocrx_word' id='word_1_300' title='bbox 1238 3971 1568 4024; x_wconf 85' lang='lat' dir='ltr'>testimoniis</span> <span class='ocrx_word' id='word_1_301' title='bbox 1608 3969 1808 4024; x_wconf 86' lang='lat' dir='ltr'>diuinis</span> <span class='ocrx_word' id='word_1_302' title='bbox 1846 3968 1902 4024; x_wconf 87' lang='lat' dir='ltr'><em>R</em></span> <span class='ocrx_word' id='word_1_303' title='bbox 2085 3969 2149 4022; x_wconf 82' lang='lat'>17</span> <span class='ocrx_word' id='word_1_304' title='bbox 2187 3968 2556 4023; x_wconf 85' lang='lat' dir='ltr'>manifestatis</span> <span class='ocrx_word' id='word_1_305' title='bbox 2593 3967 2648 4022; x_wconf 90' lang='lat' dir='ltr'><strong><em>L</em></strong></span> <span class='ocrx_word' id='word_1_306' title='bbox 2683 3966 2805 4021; x_wconf 75' lang='lat' dir='ltr'>edd.</span> 
     </span>
     <span class='ocr_line' id='line_1_34' title="bbox 513 4054 2810 4127; baseline -0.003 -13"><span class='ocrx_word' id='word_1_307' title='bbox 513 4061 577 4114; x_wconf 90' lang='lat'>18</span> <span class='ocrx_word' id='word_1_308' title='bbox 614 4061 673 4114; x_wconf 86' lang='lat' dir='ltr'>in</span> <span class='ocrx_word' id='word_1_309' title='bbox 710 4075 832 4124; x_wconf 66' lang='lat' dir='ltr'>om„</span> <span class='ocrx_word' id='word_1_310' title='bbox 870 4077 938 4114; x_wconf 83' lang='lat' dir='ltr'>m.</span> <span class='ocrx_word' id='word_1_311' title='bbox 960 4063 991 4113; x_wconf 86' lang='lat'><strong><em>1</em></strong></span> <span class='ocrx_word' id='word_1_312' title='bbox 1030 4059 1160 4113; x_wconf 80' lang='lat' dir='ltr'>add.</span> <span class='ocrx_word' id='word_1_313' title='bbox 1198 4058 1255 4111; x_wconf 91' lang='lat' dir='ltr'><em>P</em></span> <span class='ocrx_word' id='word_1_314' title='bbox 1416 4059 1491 4113; x_wconf 74' lang='lat' dir='ltr'>le</span> <span class='ocrx_word' id='word_1_315' title='bbox 1519 4057 1864 4126; x_wconf 84' lang='lat' dir='ltr'>praeceditur</span> <span class='ocrx_word' id='word_1_316' title='bbox 1899 4059 1955 4111; x_wconf 78' lang='lat' dir='ltr'><strong><em>A</em></strong></span> <span class='ocrx_word' id='word_1_317' title='bbox 2099 4057 2432 4127; x_wconf 67' lang='lat' dir='ltr'>penitentia·</span> <span class='ocrx_word' id='word_1_318' title='bbox 2465 4057 2610 4124; x_wconf 75' lang='lat' dir='ltr'>(fuit</span> <span class='ocrx_word' id='word_1_319' title='bbox 2643 4059 2718 4122; x_wconf 88' lang='lat' dir='ltr'>m)</span> <span class='ocrx_word' id='word_1_320' title='bbox 2754 4054 2810 4108; x_wconf 85' lang='lat' dir='ltr'><strong><em>L</em></strong></span> 
     </span>
     <span class='ocr_line' id='line_1_35' title="bbox 508 4142 2812 4212; baseline -0.003 -9"><span class='ocrx_word' id='word_1_321' title='bbox 508 4150 578 4205; x_wconf 87' lang='grc'>20</span> <span class='ocrx_word' id='word_1_322' title='bbox 606 4149 741 4204; x_wconf 85' lang='lat' dir='ltr'>haec</span> <span class='ocrx_word' id='word_1_323' title='bbox 759 4149 833 4202; x_wconf 81' lang='lat' dir='ltr'><strong><em>M</em></strong></span> <span class='ocrx_word' id='word_1_324' title='bbox 936 4147 1043 4202; x_wconf 88' lang='lat' dir='ltr'>fuit</span> <span class='ocrx_word' id='word_1_325' title='bbox 1066 4147 1121 4202; x_wconf 90' lang='lat' dir='ltr'><strong><em>L</em></strong></span> <span class='ocrx_word' id='word_1_326' title='bbox 1204 4149 1273 4202; x_wconf 85' lang='lat'>22</span> <span class='ocrx_word' id='word_1_327' title='bbox 1302 4148 1635 4202; x_wconf 86' lang='lat' dir='ltr'>mauritania</span> <span class='ocrx_word' id='word_1_328' title='bbox 1663 4145 1820 4201; x_wconf 79' lang='lat' dir='ltr'>codd.</span> <span class='ocrx_word' id='word_1_329' title='bbox 1849 4145 1972 4200; x_wconf 79' lang='lat' dir='ltr'>edd.</span> <span class='ocrx_word' id='word_1_330' title='bbox 2083 4146 2400 4200; x_wconf 66' lang='lat' dir='ltr'>cesariensi·</span> <span class='ocrx_word' id='word_1_331' title='bbox 2433 4149 2480 4212; x_wconf 89' lang='lat' dir='ltr'>(s</span> <span class='ocrx_word' id='word_1_332' title='bbox 2508 4161 2650 4200; x_wconf 76' lang='lat' dir='ltr'>erae.</span> <span class='ocrx_word' id='word_1_333' title='bbox 2673 4142 2725 4208; x_wconf 65' lang='grc' dir='ltr'>ἓ)</span> <span class='ocrx_word' id='word_1_334' title='bbox 2754 4143 2812 4197; x_wconf 91' lang='grc' dir='ltr'><strong><em>Ρ</em></strong></span> 
     </span>
     <span class='ocr_line' id='line_1_36' title="bbox 508 4232 2812 4307; baseline -0.003 -15"><span class='ocrx_word' id='word_1_335' title='bbox 508 4241 579 4292; x_wconf 82' lang='lat'>24</span> <span class='ocrx_word' id='word_1_336' title='bbox 626 4239 705 4292; x_wconf 88' lang='lat' dir='ltr'>eis</span> <span class='ocrx_word' id='word_1_337' title='bbox 747 4237 795 4290; x_wconf 80' lang='lat' dir='ltr'><strong><em>G</em></strong></span> <span class='ocrx_word' id='word_1_338' title='bbox 1049 4241 1294 4307; x_wconf 84' lang='lat' dir='ltr'>possunt,</span> <span class='ocrx_word' id='word_1_339' title='bbox 1338 4253 1406 4291; x_wconf 86' lang='lat' dir='ltr'>m.</span> <span class='ocrx_word' id='word_1_340' title='bbox 1430 4241 1470 4291; x_wconf 77' lang='lat'><em>2</em></span> <span class='ocrx_word' id='word_1_341' title='bbox 1514 4235 1732 4307; x_wconf 84' lang='lat' dir='ltr'>possint</span> <span class='ocrx_word' id='word_1_342' title='bbox 1767 4235 1820 4288; x_wconf 91' lang='lat' dir='ltr'><strong><em>L</em></strong></span> <span class='ocrx_word' id='word_1_343' title='bbox 2072 4233 2270 4305; x_wconf 80' lang='lat' dir='ltr'>typhus</span> <span class='ocrx_word' id='word_1_344' title='bbox 2313 4234 2371 4302; x_wconf 91' lang='lat' dir='ltr'>(h</span> <span class='ocrx_word' id='word_1_345' title='bbox 2409 4249 2530 4303; x_wconf 72' lang='lat' dir='ltr'>exp.</span> <span class='ocrx_word' id='word_1_346' title='bbox 2567 4232 2716 4302; x_wconf 79' lang='lat' dir='ltr'>m.2)</span> <span class='ocrx_word' id='word_1_347' title='bbox 2755 4232 2812 4286; x_wconf 91' lang='lat' dir='ltr'><strong><em>P</em></strong></span> 
     </span>
     <span class='ocr_line' id='line_1_37' title="bbox 509 4325 1213 4398; baseline -0.001 -18"><span class='ocrx_word' id='word_1_348' title='bbox 509 4331 669 4398; x_wconf 81' lang='lat' dir='ltr'>typus</span> <span class='ocrx_word' id='word_1_349' title='bbox 709 4325 932 4380; x_wconf 75' lang='lat' dir='ltr'>MAGL</span> <span class='ocrx_word' id='word_1_350' title='bbox 968 4325 1120 4396; x_wconf 86' lang='lat' dir='ltr'>tipus</span> <span class='ocrx_word' id='word_1_351' title='bbox 1156 4325 1213 4380; x_wconf 81' lang='lat' dir='ltr'><em>R</em></span> 
     </span>
    </p>
   </div>
  </div>
 </body>
</html>
