3184 4959
1075 400 1601 469 epistularum
1658 399 1897 453 XXXIV.
2545 404 2630 467 25

343 594 401 657 in
453 597 694 676 partem
742 594 976 659 Donati
1023 598 1086 659 et
1131 594 1342 659 bibam
1392 595 1765 679 sanguinem
1813 597 2063 659 tuum'?
2124 614 2269 661 ecce
2315 596 2442 661 iam
2490 616 2633 663 con-

343 702 609 765 scientia
665 705 988 779 cruentus,
1045 706 1227 768 ueste
1285 702 1617 767 dealbatus
1672 700 1922 784 perficit
1975 704 2221 785 partem
2265 703 2633 786 pollicitati-

345 806 478 872 onis
529 828 710 883 suae;
776 812 979 873 restat
1023 829 1166 891 pars
1215 810 1430 887 altera,
1479 812 1554 873 ut
1598 809 1822 873 matris
1880 810 2255 893 sanguinem
2312 809 2508 874 bibat.
2578 810 2632 873 si

342 934 488 999 ergo
535 915 790 997 placent
834 916 980 992 ista,
1029 921 1330 1001 urgeatur
1374 936 1410 981 a
1457 917 1704 981 clericis
1752 920 1817 981 et
1862 916 2440 981 sanctificatoribus
2474 916 2631 995 suiS,

284 1045 308 1085 ⁵
343 1026 414 1087 ut
456 1022 628 1087 intra
675 1028 935 1088 octauas
984 1041 1134 1089 suas
1181 1026 1410 1103 totum,
1463 1024 1631 1106 quod
1678 1024 1882 1099 uouit,
1932 1024 2235 1088 exoluat..

187 1118 220 1178 4
426 1131 666 1195 Potens
733 1133 834 1195 est
890 1130 1145 1214 quidem
1201 1131 1452 1196 dextera
1507 1130 1767 1209 domini,
1826 1150 1984 1214 quae
2039 1130 2317 1194 furorem
2370 1128 2547 1194 illius
2597 1150 2633 1194 a

343 1238 574 1301 misera
629 1237 830 1302 uidua
884 1243 949 1302 et
1001 1238 1288 1303 desolata
1342 1240 1707 1320 compescat
1769 1242 1833 1302 et
1896 1256 2063 1315 eum,
2130 1237 2361 1319 quibus
2426 1236 2631 1301 modis

342 1344 540 1421 nouit,
599 1364 634 1408 a
689 1347 820 1409 tam
878 1346 1187 1409 scelerata
1249 1344 1667 1429 dispositione
1733 1344 2065 1409 deteneat.
2131 1364 2353 1408 uerum
2420 1347 2631 1407 tamen

343 1471 456 1535 ego
504 1454 686 1516 tanto
743 1451 936 1516 animi
994 1451 1206 1517 dolore
1260 1470 1606 1533 percussus
1666 1451 1818 1533 quid
1872 1452 2165 1529 facerem,
2222 1451 2345 1515 nisi
2402 1452 2631 1514 saltem

259 1576 306 1613 10
339 1560 674 1641 loquerer?
740 1578 816 1623 an
882 1578 1033 1622 uero
1097 1558 1224 1623 ista
1283 1558 1378 1622 illi
1441 1558 1683 1623 faciunt
1748 1562 1810 1623 et
1874 1558 2035 1623 mihi
2099 1558 2358 1622 dicitur:
2425 1558 2629 1621 Tace?

341 1668 589 1731 auertat
653 1685 690 1729 a
753 1686 854 1729 me
919 1665 1213 1731 dominus
1279 1664 1441 1730 hanc
1498 1666 1859 1742 amentiam,
1915 1668 2010 1743 ut,
2068 1684 2213 1730 cum
2269 1666 2408 1747 ipse
2473 1664 2631 1728 mihi

338 1773 612 1856 imperet
637 1792 751 1854 per
779 1772 1138 1854 apostolum
1171 1792 1358 1836 suum
1389 1775 1455 1835 et
1484 1771 1656 1837 dicat
1684 1773 1759 1837 ab
1792 1773 2090 1855 episcopo
2130 1772 2383 1836 refelli
2425 1788 2631 1851 opor-

339 1884 498 1945 tere
557 1879 940 1956 docente8‚
1001 1899 1186 1961 quae
1245 1898 1381 1943 non
1441 1883 1762 1961 oportet,
1813 1898 1929 1963 ego
1986 1878 2243 1942 illorum
2290 1876 2628 1960 indignati·
2677 1866 2684 1869 ’

341 1988 568 2051 onibus
633 1986 893 2051 territus
959 1990 1223 2051 taceam.
1291 1986 1458 2069 quod
1525 1987 1691 2051 enim
1767 1986 2047 2071 publicis
2112 1986 2313 2069 gestis
2378 1984 2633 2048 haerere

268 2110 312 2147 1⁵
339 2094 522 2158 uolui
585 2096 716 2157 tam
796 2092 1178 2178 sacrilegum
1256 2092 1453 2171 nesae,
1521 2093 1600 2157 ad
1662 2094 1782 2158 hoc
1846 2093 2069 2175 utique
2132 2090 2331 2169 nolui,
2399 2110 2473 2154 ne
2528 2109 2631 2153 me

340 2201 680 2282 quisquam
727 2201 994 2266 maxime
1041 2202 1106 2265 in
1152 2201 1296 2265 aliis
1344 2200 1739 2277 ciuitatibuS,
1788 2200 1901 2265 ubi
1949 2202 2374 2282 opportunum
2419 2198 2631 2274 fuerit,

336 2307 462 2370 ista
509 2306 942 2389 deplorantem
989 2307 1223 2391 fingere
1271 2306 1510 2389 aliquid
1550 2308 1909 2384 arbitretur,
1951 2306 2196 2389 quando
2237 2305 2427 2369 etiam
2466 2303 2631 2387 apud

335 2414 542 2495 ipsam
589 2414 950 2497 Hipponem
1001 2416 1124 2478 iam
1173 2414 1406 2479 dicitur
1450 2434 1570 2480 non
1622 2416 1741 2480 hoc
1788 2414 2240 2479 Proculianum
2280 2412 2632 2489 mandasse,

339 2520 508 2603 quod
553 2520 886 2603 publicum
931 2521 1322 2585 renuntiauit
1369 2521 1669 2586 officium.

185 2614 217 2669 5
258 2644 307 2683 το
429 2626 599 2705 Quid
673 2630 888 2689 autem
963 2626 1314 2692 modestius
1389 2646 1574 2710 agere
1647 2646 2013 2709 possumus,
2093 2645 2282 2709 quam
2356 2628 2430 2689 ut
2500 2628 2631 2688 tam

343 2752 604 2816 grauem
678 2752 936 2797 causam
1013 2752 1125 2816 per
1197 2736 1260 2799 te
1327 2737 1535 2798 tamen
1606 2752 1810 2818 agam,
1875 2734 2085 2797 uirum
2152 2737 2215 2797 et
2280 2730 2635 2796 clarissima

343 2840 650 2924 dignitate
706 2840 1064 2921 praeditum
1123 2844 1190 2905 et
1244 2841 1874 2905 considerantissima
1936 2841 2267 2905 uoluntate
2332 2838 2633 2921 tranquil·

341 2947 518 3011 lum?
583 2951 731 3030 peto
779 2948 996 3031 igitur,
1047 2948 1216 3012 sicut
1260 2949 1386 3011 iam
1436 2947 1638 3030 petiui
1685 2968 1795 3030 per
1840 2950 2064 3012 fratres
2112 2951 2384 3023 nostros,
2432 2946 2630 3010 bonos

345 3057 530 3137 atque
597 3054 898 3118 honestos
964 3054 1158 3132 nime,
1223 3075 1380 3137 quos
1450 3056 1527 3119 ad
1591 3058 1768 3119 tuam
1836 3054 2261 3119 eximietatem
2326 3053 2493 3133 misi,
2558 3057 2633 3116 ut

262 3177 314 3217 ²⁵
345 3178 637 3241 quaerere
686 3160 986 3245 digneris,
1035 3166 1248 3225 utrum
1297 3162 1657 3227 Proculiani
1704 3162 2036 3245 presbyter
2083 3161 2299 3225 Victor
2340 3178 2462 3224 non
2511 3160 2631 3223 hoc

521 3388 584 3440 11
627 3386 719 3439 'l'it
775 3386 821 3445 1,
864 3386 923 3440 11

413 3512 445 3563 2
483 3510 714 3580 perfecit
749 3510 876 3565 Rm
999 3512 1031 3565 3
1070 3513 1154 3580 ut]
1196 3516 1258 3565 tu
1295 3510 1356 3564 F
1469 3515 1504 3566 4
1542 3518 1816 3581 orgeatur,
1855 3528 1991 3569 corr.
2033 3512 2245 3580 (m.1?)
2286 3514 2543 3579 urgeatur
2577 3512 2638 3566 F

346 3600 376 3651 5
412 3600 570 3653 uouit
597 3599 787 3667 prima
825 3599 860 3653 Ζ.
899 3616 968 3653 ex
1003 3615 1140 3653 corr.
1177 3600 1233 3653 P
1411 3601 1657 3663 exsoluit,
1697 3618 1831 3655 corr.
1874 3620 1938 3654 m.
1965 3606 1992 3653 1
2028 3602 2273 3655 exsoluat
2309 3601 2379 3654 M
2530 3602 2562 3655 8
2602 3618 2633 3655 a

345 3702 427 3741 om
482 3688 662 3742 MFA
810 3688 1070 3753 detereat,
1109 3706 1246 3745 cor-r.
1285 3708 1352 3743 m.
1375 3696 1405 3743 1
1443 3691 1718 3745 deterreat
1753 3692 1823 3745 M
1940 3694 2121 3745 tamen
2160 3708 2260 3745 om.
2299 3692 2355 3746 R
2458 3692 2522 3744 10
2550 3691 2633 3744 illi

345 3792 452 3830 rae.
491 3794 559 3830 ex
595 3776 694 3829 illa
731 3778 786 3830 P
886 3777 1116 3846 faciunt]
1157 3777 1365 3832 faciunt
1400 3778 1503 3833 hoc
1539 3780 1594 3835 R
1708 3782 1768 3834 11
1811 3782 1895 3849 ut]
1936 3784 1994 3833 et
2030 3780 2185 3834 codd.
2226 3797 2310 3833 ae
2432 3780 2634 3833 cumihi

343 3863 494 3932 (εἰσί)
533 3865 652 3935 ipse
690 3866 742 3917 A
874 3867 940 3919 12
977 3870 1224 3935 oportere
1263 3866 1516 3921 docentes
1556 3884 1693 3937 quae
1730 3884 1837 3922 non
1874 3884 1976 3923 om.
2015 3869 2089 3922 M
2196 3870 2261 3923 14
2296 3868 2543 3922 inherere
2580 3870 2634 3923 R

345 3954 410 4005 15
447 3958 560 4006 tam
600 3970 700 4007 om.
731 3953 807 4006 M
909 3955 1227 4025 sacrilegum
1269 3962 1326 4014 (u
1363 3973 1430 4010 ex
1466 3973 1603 4011 corr.
1644 3962 1792 4023 m.1;
1826 3959 2009 4025 fuitne
2036 3958 2139 4026 εἴθ)
2166 3958 2222 4012 R
2300 3958 2364 4011 18
2390 3958 2551 4010 istam
2585 3956 2639 4009 P

413 4042 520 4095 iam
557 4042 620 4094 in
657 4042 770 4108 fine
802 4059 856 4094 u.
895 4058 997 4095 om.
1035 4043 1091 4097 R
1236 4044 1644 4097 Proculeianum
1684 4062 1735 4098 m
1843 4047 1911 4099 20
1948 4046 2229 4099 molestius
2269 4048 2319 4099 A
2442 4048 2507 4099 21
2548 4049 2631 4098 ta-

341 4147 463 4185 men
501 4130 577 4183 M
611 4138 702 4197 (m.
724 4134 804 4183 1?
840 4131 861 4184 l
889 4147 999 4199 pro
1037 4136 1110 4197 m)
1151 4130 1211 4186 F
1243 4138 1331 4195 (m.
1356 4137 1395 4185 2
1431 4136 1667 4199 tantum)
1816 4136 1885 4187 22
1922 4134 2255 4204 ρτειεάἰιῒιιη]
2296 4138 2345 4203 (c
2384 4133 2545 4201 cras.)
2586 4134 2637 4187 P

413 4218 909 4273 consideratissima
946 4220 1006 4273 F
1083 4222 1150 4274 23
1188 4222 1361 4291 petiui
1404 4222 1500 4275 ‹iui
1540 4240 1606 4276 ex
1642 4239 1780 4277 corr.
1819 4240 1887 4277 m.
1926 4230 1988 4277 ut
2024 4223 2139 4278 uid.
2180 4228 2229 4290 1)
2272 4224 2329 4277 F
2406 4224 2474 4277 25
2503 4224 2632 4275 Pro-

342 4306 574 4361 culeiani
613 4324 667 4359 m
