3184 4959
351 1707 404 1746 10

1101 403 1637 473 epistularum
1694 403 1851 456 XLV.
1910 403 2095 458 XLVI.
2605 408 2732 471 123

445 597 780 674 mouerint,
855 596 1225 682 interrogari
1301 599 1534 680 potest.
1613 615 1727 662 nos
1794 597 2227 680 gratissimum
2296 599 2607 665 habemus
2672 605 2737 665 et

443 705 614 789 apud
649 704 978 769 dominum
1017 704 1205 768 deum
1244 706 1532 767 nostrum
1573 703 2037 768 sincerissimae
2076 709 2329 770 uestrae
2360 705 2734 791 benignitati

443 811 677 895 gratias
733 810 1006 894 agimu3‚
1065 809 1120 874 si
1175 829 1287 894 per
1340 811 1618 874 uestram
1680 829 1929 892 operam
1990 811 2066 875 de
2127 809 2468 877 Christiani
2521 813 2733 878 fratris

443 918 781 982 securitate
838 915 1246 1000 gaudeamus

1473 1107 1698 1176 XLVI.

572 1247 884 1304 DILECTO
923 1247 1018 1302 ΕΤ
1055 1247 1499 1302 VENERABILI
1537 1247 1753 1390 PZTRI
1789 1246 2205 1303 AUGL'STINO
2246 1247 2599 1306 EPISCOPO

1375 1335 1592 1390 PUBLI
1644 1334 1802 1389 OLA.

533 1463 854 1546 Scriptum
903 1465 1029 1528 est:
1078 1463 1510 1546 Interroga
1553 1464 1865 1544 patrem
1914 1464 2137 1528 tuum
2198 1467 2277 1529 et
2328 1465 2739 1531 indicabit

441 1571 618 1648 tibi,
668 1569 1037 1635 seniores
1085 1572 1274 1633 tuos
1323 1571 1400 1634 et
1447 1569 1727 1634 dicent
1771 1570 1950 1635 tibi.
2000 1571 2164 1636 unde
2212 1576 2276 1637 et
2320 1573 2477 1638 mihi
2524 1574 2737 1657 exqui-

441 1678 696 1744 rendam
755 1677 964 1760 legem
1023 1675 1099 1740 de
1155 1693 1262 1740 ore
1319 1675 1665 1742 sacerdotis
1712 1677 1995 1742 indicaui
2042 1678 2105 1742 in
2154 1697 2349 1744 causa
2392 1679 2526 1758 tali,
2577 1700 2738 1763 quae

443 1786 648 1868 qualis
695 1785 800 1863 sit,
849 1803 963 1866 per
1003 1782 1250 1848 litteras
1301 1801 1561 1866 expono,
1613 1783 1807 1848 simul
1856 1785 2045 1849 etiam
2096 1788 2168 1849 ut
2206 1789 2269 1850 et
2308 1805 2425 1872 ego
2463 1788 2741 1852 instruar

440 1893 503 1956 in
553 1891 822 1956 diuersis
871 1889 1100 1956 causis.
1147 1889 1430 1974 singulas
1480 1893 1695 1954 autem
1744 1891 2145 1972 quaestiones
2194 1895 2259 1957 et
2305 1892 2589 1958 diuersas
2626 1913 2739 1976 per

441 1998 721 2081 capitula
783 1996 1102 2082 designari
1170 1996 1314 2075 feci,
1379 1997 1458 2060 ad
1515 2015 1673 2080 quas
1732 1997 2109 2081 singillatim
2168 1997 2425 2083 dignare
2478 2019 2735 2082 respon-

443 2105 605 2170 dere.

529 2211 578 2276 Ι.
625 2211 700 2274 In
755 2208 1134 2293 Αηιιςίῑηιε,
1191 2211 1266 2272 ut
1320 2207 1559 2286 audiui,
1627 2207 1971 2286 decurioni,
2038 2209 2145 2291 qui
2208 2211 2399 2275 limiti
2462 2214 2732 2294 praeest,

443 2315 550 2380 uel
593 2316 846 2381 tribuno
897 2317 1107 2380 solent
1148 2315 1356 2380 iurare
1404 2313 1653 2380 barbari
1698 2315 1977 2380 iurantes
2024 2335 2136 2398 per
2182 2317 2519 2382 daemones
2558 2337 2732 2384 suos,

445 2421 554 2506 qui
609 2423 687 2488 ad
743 2422 1144 2488 deducendas
1199 2422 1499 2506 bastagas
1554 2421 1727 2505 pacti
1780 2421 2017 2488 fuerint
2070 2424 2177 2488 uel
2233 2424 2429 2508 aliqui
2486 2425 2562 2488 ad
2612 2445 2735 2490 ser-

444 2530 680 2595 uandas
753 2531 970 2615 fruges
1043 2529 1240 2612 ipsaS‚
1325 2528 1560 2612 singuli
1644 2548 2047 2612 possessores
2131 2531 2239 2594 uel
2321 2529 2734 2596 conductores

447 2636 652 2701 solent
724 2637 803 2702 ad
880 2636 1324 2702 custodiendas
1398 2635 1615 2720 fruges
1682 2637 2007 2718 suscipere
2079 2636 2263 2718 quasi
2324 2636 2450 2701 iam
2515 2635 2735 2702 fideles

445 2743 786 2828 epistulam
844 2743 1174 2808 decurione
1229 2742 1522 2806 mittente
1577 2742 1686 2806 uel
1741 2743 1979 2827 singuli
2034 2747 2453 2818 transeuntes,
2501 2743 2735 2825 quibus

445 2869 704 2916 necesse
753 2853 852 2916 est
895 2869 1007 2934 per
1048 2849 1227 2931 ipsos
1274 2849 1560 2914 transire.
1617 2849 1773 2913 mihi
1822 2849 2199 2932 disceptatio
2246 2850 2308 2914 in
2358 2849 2543 2914 corde
2590 2855 2737 2915 nata

625 3041 657 3094 8
693 3041 858 3096 Dent.
897 3041 984 3102 32.
1025 3041 1056 3092 7

521 3165 544 3218 l
591 3205 744 3219 .....
765 3165 942 3234 rogari
983 3168 1168 3234 potest
1200 3179 1300 3218 nos
1329 3179 1563 3232 prorsus
1601 3170 1953 3218 marmarum
1990 3165 2043 3217 P

765 3287 820 3341 P
871 3313 936 3334 =
977 3287 1094 3342 cod.
1133 3287 1435 3342 Parisinus
1471 3303 1600 3341 mm.
1644 3305 1759 3355 acq.
1800 3291 1953 3341 1443
1988 3303 2031 3340 8.
2072 3287 2312 3342 IX-X.

763 3377 838 3430 M
869 3401 937 3423 =
977 3376 1092 3431 cod.
1131 3375 1493 3430 Monacensis
1535 3379 1695 3429 6266
1732 3391 1772 3429 a.
1812 3377 1887 3432 X.

764 3465 824 3520 F
869 3489 936 3510 ==
976 3465 1092 3520 cod.
1132 3464 1577 3533 Salisburyemis
1614 3465 1675 3518 X
1712 3467 1792 3518 29
1826 3479 1868 3518 s.
1908 3465 2150 3518 X—XI.

763 3556 816 3608 A
868 3577 935 3600 -ε
973 3553 1090 3607 cod.
1129 3551 1745 3620 Audomaropolicanus
1788 3555 1879 3614 76,
1921 3555 1973 3606 8.
2019 3555 2054 3604 9
2088 3569 2130 3605 8.
2171 3554 2413 3607 X-XL

762 3642 836 3695 P²
872 3667 940 3689 =
978 3642 1095 3697 cod.
1134 3641 1438 3696 Parisinus
1474 3657 1605 3695 nou.
1648 3658 1763 3710 aeq.
1804 3643 1957 3694 1444
1992 3657 2035 3695 s.
2078 3643 2186 3695 XI.

761 3731 818 3786 R
867 3755 936 3777 =
975 3731 1090 3788 cod.
1129 3731 1280 3784 Mus.
1319 3731 1466 3784 Brit.
1504 3729 1637 3800 Rea.
1683 3734 1717 3783 5
1754 3729 1813 3784 D
1862 3729 1948 3783 VI
1976 3747 2019 3784 ε.
2060 3731 2375 3785 ΧΙ-ΧΙῙ.

514 3857 550 3909 8
586 3855 864 3916 indicauit.
895 3870 1033 3908 corr.
1063 3855 1149 3924 (m.
1175 3857 1203 3906 1
1225 3853 1274 3920 ἓ)
1315 3853 1582 3908 indicabit
1616 3854 1671 3907 P
1812 3854 1845 3908 9
1882 3854 2037 3923 mihi]
2076 3853 2180 3908 tibi
2217 3855 2315 3908 sed
2348 3872 2416 3911 m.
2441 3859 2479 3908 2
2517 3854 2621 3911 del.
2661 3853 2735 3906 1)ι

447 3949 506 4000 11
528 3944 765 4000 instruar
780 3944 844 3998 in
860 3944 972 4010 fine
987 3959 1044 3999 u.
1064 3959 1166 3998 om.
1188 3942 1262 3995 Ρ1
1358 3945 1423 3996 13
1454 3942 1741 4012 designare
1761 3942 1836 3996 M
1924 3944 1989 3998 15
2020 3943 2295 3997 arzufibus
2316 3942 2631 3998 MFAP¹R
2650 3959 2687 3997 a
2711 3959 2738 3997 e

513 4034 677 4088 militi
714 4031 870 4088 codd.
911 4049 975 4097 a,·
1011 4031 1079 4099 cf.
1111 4048 1170 4100 p.
1209 4033 1337 4094 125,
1377 4034 1478 4098 18;
1515 4035 1617 4097 21;
1653 4035 1769 4094 131,
1812 4035 1883 4086 18
2130 4032 2475 4102 praeest11‘uel
2516 4035 2737 4100 (parua

443 4127 578 4190 ras.)
619 4123 674 4176 P
851 4122 916 4174 17
958 4119 1232 4176 ducendas
1267 4121 1322 4174 A
1503 4123 1763 4189 uastagas
1799 4121 1854 4173 P
2032 4121 2237 4190 aliquid
2275 4121 2350 4174 Μ
2385 4121 2477 4174 alii
2516 4137 2649 4190 quos
2686 4121 2742 4173 P

444 4212 516 4268 20
553 4211 744 4281 quibus
783 4225 1002 4264 necesse
1041 4213 1124 4263 est
1161 4225 1262 4264 om.
1302 4207 1776 4277 MFAP¹Raes
1874 4211 1937 4264 21
1983 4225 2079 4280 per
2116 4225 2208 4264 eos
2235 4209 2433 4277 flrm
2578 4209 2733 4277 mihi]

448 4300 579 4353 mihi
619 4303 802 4353 autem
842 4297 980 4352 lrm
