3184 4959
399 1688 477 1750 10

251 3383 346 3446 111
388 3384 464 3446 11

526 415 652 479 602
1241 417 1294 469 S.
1349 415 1629 470 Aureli
1683 418 2117 486 Augustini

523 609 678 674 haee
725 615 859 674 erat
905 611 1040 676 eius
1097 611 1512 694 praedicanda
1565 612 1835 690 iustitia,
1893 631 2081 695 quam
2130 614 2562 697 supplicantes
2608 615 2815 698 Roga-

521 717 734 782 tianus
809 720 872 783 et
943 717 1212 783 Pontius
1294 719 1719 784 laudauerunt
1791 719 2073 786 dicentes
2154 721 2395 785 homini
2470 723 2815 804 apostatae,

524 825 692 906 quod
748 825 915 908 apud
971 844 1116 889 eum
1173 827 1310 890 sola
1362 827 1613 891 iustitia
1678 829 1938 893 haberet
1998 827 2233 894 locum.
2297 828 2447 892 huie
2502 829 2819 894 successit

521 930 844 1010 Iouianus‚
893 931 1002 1014 qui
1039 932 1335 1015 quoniam
1375 933 1503 997 eito
1541 938 1835 1000 mortuus
1874 939 1992 1012 est,
2030 935 2189 1000 nihil
2228 936 2303 1000 de
2348 936 2539 1000 rebus
2578 935 2815 1000 talibus

521 1037 730 1102 iussit.
781 1037 1004 1103 deinde
1050 1038 1558 1117 Valentinianum
1616 1041 1835 1126 legite,
1882 1061 2044 1124 qnae
2100 1044 2315 1108 eontra
2366 1061 2485 1107 uos
2532 1043 2815 1108 iusserit.
2878 1064 2907 1102 ⁵

522 1145 666 1210 inde
715 1143 1054 1212 Gratianus
1105 1151 1171 1212 et
1214 1147 1639 1220 Theodosius:
1699 1149 1915 1233 legite,
1966 1149 2212 1232 quando
2260 1149 2485 1228 uultiS‚
2534 1169 2692 1232 quae
2738 1149 2817 1213 de

523 1252 707 1318 uobis
765 1253 1226 1318 constituerint.
1293 1254 1449 1337 quid
1515 1275 1664 1340 ergo
1731 1255 1807 1320 de
1870 1255 2020 1321 filiis
2076 1256 2415 1322 Theodosii
2480 1254 2817 1332 miramini,

528 1359 710 1442 quasi
755 1359 928 1424 aliud
973 1359 1036 1424 in
1093 1361 1212 1426 hae
1269 1379 1463 1426 causa
1517 1363 1701 1445 sequi
1756 1362 2129 1442 debuerunt,
2179 1381 2370 1445 quam
2419 1361 2817 1427 Constantini

523 1465 834 1530 iudicium
897 1485 1009 1550 per
1070 1470 1170 1532 tot
1234 1466 1627 1534 Christianos
1692 1469 2107 1553 imperatores
2170 1469 2531 1534 firmissime
2608 1473 2819 1534 eusto-

526 1571 774 1636 ditnm?
2854 1598 2908 1634 ιο

609 1680 708 1745 Ad
748 1679 1232 1746 Constantinum
1270 1686 1504 1760 autem,
1553 1683 1725 1748 sieut
1762 1681 2056 1761 diximm,
2106 1683 2277 1748 sieut
2312 1683 2519 1760 uobiS‚
2570 1682 2815 1766 quando

523 1787 745 1864 uultis,
796 1787 849 1852 si
897 1792 1108 1852 tamen
1156 1788 1486 1872 ignoratis,
1536 1790 1955 1858 ostendimus.
2003 1791 2274 1854 maiores
2322 1791 2523 1854 uestri
2560 1809 2817 1856 eausam

527 1893 863 1959 Caeciliani
928 1896 1094 1960 ultro
1161 1895 1544 1962 detulerunt.
1612 1897 1949 1962 defunctus
2014 1901 2112 1962 est
2168 1897 2641 1974 Constantium,
2706 1895 2819 1961 sed

523 2000 830 2066 indicium
895 2001 1290 2069 Constantini
1363 2009 1580 2068 eontra
1651 2024 1765 2069 nos
1840 2004 2027 2080 uiuit,
2103 2023 2227 2086 quo
2293 2005 2493 2068 uestri
2560 2023 2817 2068 eausam

524 2107 852 2185 miserunt,
930 2110 1098 2192 apud
1164 2129 1351 2193 quem
1405 2110 1653 2175 iudices
1720 2111 2051 2195 episcopos
2118 2111 2672 2194 reprehenderunt,
2737 2110 2819 2175 ad
2858 2128 2915 2167 1⁵

526 2237 714 2299 quem
761 2236 797 2281 a
839 2216 1160 2281 iudicibus
1207 2217 1525 2300 episeopis
1563 2219 2065 2300 appellauerunt,
2114 2237 2301 2300 quem
2350 2216 2819 2282 taediosissime

527 2323 605 2387 de
640 2323 852 2389 Felice
889 2323 1324 2408 Aptungitano
1372 2325 1962 2407 interpellauerunt,
2010 2343 2049 2388 a
2094 2344 2217 2407 quo
2264 2323 2502 2388 totiens
2542 2322 2817 2388 conuicti

529 2435 594 2494 et
639 2429 886 2496 confusi
932 2430 1252 2495 redierunt
1298 2435 1362 2495 et
1409 2451 1446 2495 a
1491 2431 1765 2514 pernicie
1812 2431 2045 2496 furoris
2084 2434 2149 2495 et
2192 2430 2617 2496 animositatis
2664 2448 2817 2494 suae

525 2556 646 2601 non
694 2543 1093 2601 recesserunt
1139 2556 1402 2620 eamque
1459 2537 1647 2603 uobis
1701 2538 1975 2620 posteris
2036 2538 2171 2603 suis
2228 2536 2668 2602 hereditariam
2722 2555 2816 2598 re-

523 2645 862 2726 liquerunt,
927 2649 1002 2708 ut
1063 2647 1194 2708 tam
1262 2643 1638 2726 inpudenter
1706 2646 1781 2709 de
1850 2644 2241 2711 iussionibus
2313 2643 2813 2708 Christianorum
2852 2662 2917 2704 ao

523 2751 972 2834 imperatorum
1047 2751 1298 2815 faciatis
1363 2749 1693 2827 inuidiam,
1768 2769 1936 2830 oum,
2014 2751 2071 2816 si
2135 2751 2319 2815 uobis
2384 2749 2623 2829 lie-eret,
2690 2767 2813 2814 non

523 2859 774 2939 quidem
843 2859 967 2923 iam
1033 2856 1518 2923 Constantinum
1585 2857 2038 2934 Christianum,
2095 2858 2273 2946 quial
2306 2858 2563 2922 ueritati
2628 2857 2810 2932 fauit,

521 2970 740 3029 eontra
791 2983 906 3028 nos
961 2963 1468 3046 interpellaretiS‚
1527 2963 1639 3028 sed
1694 2967 2049 3046 apostatam
2095 2963 2415 3029 Iulianum
2470 2965 2549 3028 ab
2594 2963 2809 3028 inferis

522 3071 898 3144 excitaretis,
929 3071 1108 3152 quasi
1141 3087 1312 3146 uero,
1343 3069 1399 3134 si
1437 3069 1679 3152 aliquid
1706 3071 1835 3134 tale
1867 3070 2280 3154 contingeret,
2312 3073 2481 3135 esset
2507 3088 2811 3153 magnum

519 3178 756 3241 malum
812 3176 932 3242 nisi
989 3175 1195 3242 nobis.
1263 3195 1423 3258 quae
1481 3179 1582 3241 est
1637 3175 1803 3240 enim
1860 3177 2037 3259 peior
2091 3195 2263 3242 mors
2320 3175 2563 3240 animae
2620 3193 2809 3258 quam
2842 3197 2907 3236 as

516 3283 774 3349 libertas
823 3284 1094 3348 erroris?

605 3390 729 3456 Sed
784 3390 910 3455 iam
964 3391 1267 3456 tollamus
1334 3391 1459 3454 ista
1515 3390 1727 3455 omnia
1784 3389 1859 3454 de
1914 3389 2152 3464 medio;
2222 3406 2505 3453 amemus
2561 3405 2801 3470 pacem,

587 3618 610 3671 1
651 3616 1064 3687 praedicandam
1105 3621 1322 3685 (parua
1355 3619 1496 3684 ras.)
1531 3617 1584 3668 A
1696 3615 2015 3685 rogatianis,
2054 3629 2191 3668 corr.
2230 3631 2300 3669 m.
2324 3619 2353 3667 1
2392 3614 2709 3684 rogatianus
2746 3613 2801 3666 A

511 3708 545 3760 2
583 3723 616 3760 a
649 3709 926 3777 potestate
963 3705 1025 3760 F
1055 3708 1380 3775 apoustate,
1418 3721 1486 3758 m.
1509 3709 1549 3758 2
1586 3707 1896 3775 apos-state
1938 3705 2022 3768 (in
2056 3719 2167 3757 ras.
2206 3704 2319 3771 fuit
2356 3705 2434 3771 te)
2470 3703 2527 3756 P
2630 3703 2663 3757 3
2700 3702 2797 3754 ha-

509 3794 636 3850 bere
672 3794 783 3847 ΑΡ
813 3797 974 3860 (corr.
1013 3811 1081 3846 m.
1103 3797 1134 3846 1
1170 3791 1419 3860 haberet)
1529 3792 1820 3847 suecesi¹1lt
1859 3797 1899 3859 (1
1934 3793 2100 3860 eras.)
2140 3792 2193 3845 P
2295 3795 2329 3844 4
2366 3791 2633 3856 iouianns,
2667 3807 2735 3845 m.
2760 3793 2801 3843 2

509 3882 816 3937 iouinianus
855 3883 908 3935 P
943 3883 1254 3936 ioninianns
1289 3881 1450 3936 Fae
1577 3884 1610 3935 5
1650 3879 1845 3934 deinde
1870 3880 1875 3952 Ι
1900 3879 2025 3934 inde
2063 3882 2116 3933 A
2237 3882 2269 3934 6
2310 3880 2433 3934 dein
2473 3879 2527 3932 P
2630 3883 2664 3932 8
2702 3877 2797 3932 de-

509 3971 756 4036 buerunt,
801 3989 871 4026 m.
914 3975 953 4026 2
997 3971 1283 4024 debuerint
1327 3971 1382 4023 P
1435 3969 1724 4024 debuerint
1774 3969 1894 4024 edd.
1944 3975 2169 4038 praeter
2215 3987 2280 4036 a,·
2334 3971 2405 4037 cf.
2446 3987 2507 4038 p.
2560 3971 2651 4031 53,
2692 3971 2798 4034 24,-

511 4063 645 4128 468,
687 4063 752 4129 9;
783 4078 865 4129 ep.
903 4061 1066 4114 XXI
1087 4077 1146 4128 p.
1192 4062 1284 4125 53,
1322 4061 1401 4112 20
1439 4057 1515 4112 al.
1672 4059 1705 4112 9
1744 4061 1829 4112 tot
1858 4075 1977 4120 om„
2017 4063 2138 4112 m.1
2176 4059 2307 4112 add.
2346 4057 2407 4111 F
2550 4060 2615 4112 14
2654 4055 2795 4112 Con-

505 4151 754 4220 stantini]
797 4150 910 4204 eius
947 4149 1003 4204 R
1157 4150 1285 4218 quo]
1328 4156 1416 4217 qm
1452 4148 1527 4202 M
1680 4149 1745 4201 16
1785 4164 1817 4200 a
1854 4163 1955 4200 om.
1996 4146 2175 4200 MFA
2337 4149 2399 4201 17
2439 4147 2793 4217 aptungiano.

501 4241 631 4293 m.2
666 4238 1027 4308 aptungitano
1069 4237 1120 4292 P
1283 4237 1687 4306 inpelluuerunt
1724 4235 1853 4290 MF
2027 4237 2097 4289 20
2136 4241 2197 4289 ut
2232 4237 2367 4305 tam]
2410 4237 2577 4290 uitam
2614 4235 2795 4289 MFA

503 4329 572 4382 25
609 4328 752 4381 enim
791 4331 876 4380 est
911 4325 966 4381 R
1075 4327 1142 4378 27
1184 4327 1366 4379 omnia
1401 4341 1502 4380 om.
1540 4324 1779 4380 MFAR
