3184 4959
1174 398 1708 467 epistularum
1769 397 1884 454 CII.
2555 403 2686 470 567

376 593 457 658 ad
512 596 765 676 turpem
820 591 1401 674 concupiscentiam
1458 591 1664 657 oculis
1719 595 1908 657 utens
1963 594 2281 658 excaecari
2335 593 2688 665 iuberetur.

378 704 547 766 recte
594 700 817 783 utique
884 698 1161 763 audiret:
1228 698 1318 762 ‘In
1366 698 1602 782 quibus
1653 699 1860 764 oculis
1916 701 2221 783 peccasti,
2277 701 2342 766 in
2391 701 2482 766 eis
2542 721 2687 786 sup-

376 807 641 891 plicium
698 805 1031 870 meruisti'.
1086 805 1325 870 iudicio
1382 805 1553 870 enim
1611 805 1882 889 quisque
1939 807 2134 872 animi
2191 807 2292 872 sui
2353 828 2468 873 seu
2523 809 2686 875 bono

380 933 495 980 seu
558 915 729 978 malo
795 913 1001 978 utitur
1062 912 1170 977 uel
1236 912 1316 977 ad
1379 912 1904 980 benefaciendum
1967 913 2074 979 uel
2129 914 2208 979 ad
2271 915 2684 999 peccandum.

312 1043 339 1082 5
380 1021 545 1085 unde
583 1039 705 1086 non
744 1020 1035 1102 iniquum
1072 1022 1191 1097 est,
1241 1023 1335 1098 ut,
1381 1019 1447 1084 in
1488 1039 1611 1102 quo
1648 1019 1914 1100 iudicat,
1962 1021 2022 1084 in
2063 1039 2136 1086 eo
2175 1021 2516 1100 iudicetur,
2562 1022 2684 1088 hoc

380 1133 480 1192 est
532 1131 609 1192 ut
662 1127 728 1192 in
782 1127 925 1210 ipso
982 1125 1175 1190 animi
1233 1126 1335 1191 sui
1388 1125 1627 1192 iudicio
1685 1143 1922 1210 poenas
1977 1129 2134 1207 luat,
2195 1147 2343 1192 cum
2399 1146 2472 1193 ea
2517 1129 2688 1194 mala

378 1235 644 1318 patitur,
692 1253 853 1317 quae
898 1233 1064 1298 male
1109 1232 1501 1298 iudicantem
1549 1233 1832 1298 animum
1879 1236 2370 1315 consequuntur.

201 1335 287 1400 26
469 1342 613 1407 Alia
674 1359 947 1424 namque
1013 1343 1166 1405 sunt
1226 1340 1565 1404 manifesta
1627 1342 1962 1420 tormenta,
2039 1359 2198 1423 quae
2261 1345 2409 1424 post·
2468 1342 2686 1408 futura

382 1451 853 1531 praeparamur,
910 1446 1103 1513 etiam
1157 1446 1299 1530 ipsa
1354 1465 1427 1510 ex
1484 1447 1704 1512 eodem
1761 1446 1967 1512 malae
2021 1447 2374 1513 uoluntatis
2433 1451 2682 1516 cardine

296 1577 347 1620 ιο
387 1554 697 1630 adtracta;
781 1554 847 1618 in
919 1554 1062 1637 ipso
1139 1557 1352 1618 autem
1436 1553 1668 1631 animo,
1749 1553 1861 1618 ubi
1935 1555 2256 1638 appetitus
2329 1551 2682 1623 uoluntatis

386 1661 805 1726 humanorum
864 1659 1147 1725 omnium
1204 1663 1305 1725 est
1363 1677 1664 1724 mensura
1725 1659 2058 1740 factorum,
2125 1661 2423 1727 continuo
2479 1681 2684 1746 poena

388 1767 677 1849 sequitur
740 1768 991 1848 culpa-m
1064 1768 1437 1848 plerumque
1511 1767 1712 1832 maior
1783 1786 1908 1833 non
1979 1768 2312 1833 sentientis
2377 1770 2682 1834 caecitate

390 1875 699 1956 grauiore.
768 1872 908 1938 ideo
968 1892 1115 1938 cum
1171 1872 1463 1938 dixisset:
1529 1872 1618 1936 In
1675 1891 1824 1956 quo
1889 1873 2201 1940 iudicio
2269 1874 2680 1942 iudicaue-

389 1980 601 2058 ritis,
649 1979 1247 2057 iudicabimini‚
1297 1985 1559 2044 secutus
1610 1979 1920 2045 adiunxit:
1968 1981 2064 2046 Et
2111 1999 2264 2063 qua
2306 2002 2682 2048 mensura

300 2108 351 2149 ιε
390 2086 646 2152 mensi
712 2087 1073 2166 fueritiS,
1137 2086 1531 2152 metietur
1592 2085 1852 2152 uobis.
1926 2088 1990 2152 in
2054 2087 2384 2154 uoluntate
2445 2089 2682 2174 quippe

388 2195 637 2278 propria
692 2195 991 2259 metietur
1054 2195 1260 2260 bonus
1324 2195 1513 2258 homo
1579 2193 1744 2259 bona
1795 2194 1966 2259 facta
2017 2197 2086 2259 et
2137 2195 2202 2260 in
2257 2215 2330 2259 ea
2383 2197 2683 2262 metietur

388 2302 447 2365 ei
507 2300 859 2380 beatitudO,
922 2302 1205 2384 itemque
1267 2301 1333 2365 in
1398 2301 1731 2366 uoluntate
1795 2301 2046 2383 propria
2106 2301 2408 2367 metietur
2469 2305 2678 2368 malus

387 2407 575 2474 homo
623 2409 791 2474 mala
837 2427 1025 2492 opera
1070 2411 1137 2472 et
1178 2409 1243 2472 in
1292 2423 1367 2472 ea
1409 2407 1711 2472 metietur
1757 2409 1816 2473 ei
1860 2408 2134 2487 miseria,
2193 2409 2512 2491 quoniam,
2568 2410 2680 2474 ubi

386 2516 656 2599 quisque
722 2515 927 2580 bonus
984 2517 1101 2593 est,
1170 2533 1316 2580 cum
1380 2513 1537 2578 bene
1601 2515 1768 2593 uult,
1833 2513 1922 2578 ibi
1979 2515 2170 2580 etiam
2234 2516 2466 2594 malus,
2534 2534 2678 2581 cum

294 2643 349 2686 20
386 2624 549 2687 male
612 2623 774 2687 uult.
840 2639 913 2686 ac
976 2640 1089 2704 per
1150 2620 1270 2686 hoc
1335 2620 1427 2685 ibi
1484 2621 1676 2685 etiam
1733 2620 1807 2684 fit
1860 2619 1966 2685 uel
2021 2620 2248 2686 beatus
2304 2622 2410 2686 uel
2465 2621 2678 2699 miser,

385 2729 505 2794 hoc
544 2733 645 2794 est
678 2729 743 2792 in
780 2728 921 2811 ipso
960 2746 1113 2792 suae
1151 2727 1503 2792 uoluntatis
1543 2727 1795 2806 affectu,
1845 2746 2006 2811 quae
2044 2726 2326 2792 omnium
2364 2728 2678 2794 factorum

382 2835 878 2916 meritorumque
924 2853 1219 2899 mensura
1256 2837 1375 2901 est.
1424 2853 1497 2899 ex
1544 2833 1960 2917 qualitatibus
1999 2834 2233 2917 quippe
2271 2835 2678 2901 uoluntatum

382 2961 505 3006 non
552 2961 623 3006 ex
670 2947 1027 3024 temporum
1085 2939 1310 3024 spatiis
1367 2941 1506 3005 siue
1560 2943 1734 3004 recte
1779 2941 1952 3004 facta
1996 2941 2135 3005 siue
2191 2944 2451 3024 peccata
2495 2942 2712 3006 meti--

382 3067 543 3116 mur.
622 3049 903 3130 alioquin
968 3049 1177 3113 maius
1249 3050 1583 3132 peccatum
1666 3046 2002 3113 haberetur
2075 3048 2359 3113 arborem
2433 3048 2675 3114 deicere

292 3175 347 3216 8⁶
385 3177 571 3238 quam
638 3159 960 3223 hominem
1018 3156 1327 3238 occidere3
1396 3155 1561 3220 illud
1616 3155 1782 3220 enim
1838 3154 1912 3220 fit
1964 3154 2156 3239 longa
2209 3175 2385 3221 mora
2437 3155 2674 3221 ictibus

382 3264 626 3341 multis,
700 3265 819 3328 hoc
884 3283 1009 3329 uno
1074 3263 1209 3328 ictu
1272 3262 1653 3327 breuissimo
1718 3264 2022 3345 tempore.
2096 3281 2208 3345 pro
2274 3282 2398 3345 quo
2462 3265 2674 3326 tamen

384 3369 593 3454 exigui
648 3371 951 3453 temporis
996 3374 1129 3434 tam
1186 3368 1405 3452 grandi
1459 3373 1720 3451 peccato
1779 3370 1836 3433 si
1890 3370 2197 3453 perpetua
2244 3369 2674 3451 deportatione

381 3476 569 3542 homo
628 3479 975 3559 puniretur,
1033 3477 1224 3540 etiam
1280 3474 1503 3540 mitius
1550 3494 1696 3540 cum
1751 3475 1864 3540 illo
1913 3477 2148 3552 actum,
2205 3493 2394 3558 quam
2443 3475 2673 3560 dignus

455 3686 480 3738 1
526 3684 1019 3753 concupiscentiam
1056 3684 1331 3754 (concupis
1367 3684 1432 3738 in
1466 3686 1602 3748 ras.)
1643 3681 1704 3736 E
1798 3682 1830 3736 3
1869 3697 1961 3736 seo
1985 3725 1997 3736 .
2021 3723 2034 3735 .
2057 3722 2068 3735 .
2091 3698 2200 3754 se0,
2237 3699 2306 3736 m.
2329 3687 2360 3736 1
2398 3698 2538 3736 cor-r.
2577 3699 2674 3736 seu

383 3817 431 3828 ..
456 3817 467 3828 .
489 3791 586 3828 seu
621 3773 689 3828 H
810 3774 847 3826 4
872 3790 963 3840 pr.
1004 3771 1074 3826 ad
1110 3788 1211 3826 om.
1249 3773 1306 3826 A
1442 3771 1781 3839 5·iniquum]
1821 3770 2042 3824 initium
2080 3769 2134 3822 A
2277 3770 2332 3824 in
2373 3787 2434 3824 eo
2474 3787 2576 3825 om.
2616 3771 2678 3824 E

379 3865 413 3917 6
449 3863 593 3933 ipso]
632 3862 729 3915 illo
763 3860 814 3916 G
888 3861 921 3914 8
958 3861 1303 3915 manifestam
1341 3863 1414 3928 (m
1456 3859 1583 3930 del.)
1613 3859 1682 3912 Η
1754 3859 1819 3913 10
1858 3861 2093 3913 extracta
2133 3858 2189 3912 P
2223 3858 2344 3912 edd.
2371 3864 2674 3928 praeter-m

450 3950 755 4021 uoluptatis
800 3949 848 4004 0
1009 3951 1073 4004 12
1110 3965 1216 4004 non
1255 3949 1515 4012 sentiens,
1554 3963 1694 4002 corr.
1735 3946 1947 4014 (m.1?)
1987 3964 2096 4001 non
2135 3947 2422 4001 sentientis
2465 3947 2512 4001 Ο
2545 3965 2671 4002 con·

378 4041 669 4094 sentientis
705 4040 761 4093 P
878 4039 1195 4093 caecitatem
1242 4039 1318 4107 (m
1366 4037 1471 4092 del.
1507 4053 1575 4092 m.
1599 4039 1658 4101 2)
1701 4035 1952 4105 grauiore
1991 4038 2082 4106 (as
2120 4039 2280 4101 eras.)
2319 4036 2374 4089 P
2408 4037 2672 4092 caecitate

380 4129 627 4198 grauiore
662 4127 763 4182 C'G
838 4129 904 4181 14
933 4132 989 4180 et
1016 4128 1071 4181 in
1102 4143 1209 4195 qua
1230 4127 1291 4181 Ε
1362 4128 1427 4180 16
1455 4124 1682 4179 metitur
1715 4123 1762 4178 0
1865 4128 1922 4178 et
1950 4141 2051 4179 om.
2082 4124 2150 4178 H
2221 4127 2284 4178 17
2313 4125 2542 4178 metitur
2573 4125 2679 4182 GE

379 4217 447 4270 20
487 4218 651 4272 etiam
688 4217 767 4271 ibi
800 4216 852 4272 G
887 4216 1002 4270 illic
1040 4216 1203 4270 etiam
1227 4215 1282 4269 A
1353 4216 1423 4270 23
1454 4215 1632 4285 spatio
1668 4213 1720 4268 G
1827 4215 2100 4281 metimus,
2137 4229 2274 4268 corr.
2303 4231 2371 4268 m.
2402 4221 2466 4268 ut
2493 4215 2610 4269 uid.
2639 4219 2672 4270 1

376 4307 703 4361 metimurA
741 4304 1083 4360 metietur-H
1149 4306 1221 4359 24
1256 4305 1453 4374 maius]
1483 4302 1760 4358 manusH
1830 4303 1898 4357 25
1927 4301 2200 4357 hominem
2227 4317 2330 4356 om.
2351 4301 2412 4356 E
2515 4303 2676 4358 sitH
