<?xml version="1.0" encoding="UTF-8"?>
<!DOCTYPE html PUBLIC "-//W3C//DTD XHTML 1.0 Transitional//EN"
    "http://www.w3.org/TR/xhtml1/DTD/xhtml1-transitional.dtd">
<html xmlns="http://www.w3.org/1999/xhtml" xml:lang="en" lang="en">
 <head>
  <title>
</title>
<meta http-equiv="Content-Type" content="text/html;charset=utf-8" />
  <meta name='ocr-system' content='tesseract 3.04.00' />
  <meta name='ocr-capabilities' content='ocr_page ocr_carea ocr_par ocr_line ocrx_word'/>
</head>
<body>
  <div class='ocr_page' id='page_1' title='image "./corpusscriptoru26wiengoog_0748.png"; bbox 0 0 3184 4959; ppageno 0'>
   <div class='ocr_carea' id='block_1_1' title="bbox 580 451 2181 521">
    <p class='ocr_par' dir='ltr' id='par_1_1' title="bbox 580 451 2181 521">
     <span class='ocr_line' id='line_1_1' title="bbox 580 451 2181 521; baseline -0.01 -1"><span class='ocrx_word' id='word_1_1' title='bbox 580 457 706 521; x_wconf 86' lang='lat'><strong>722</strong></span> <span class='ocrx_word' id='word_1_2' title='bbox 1305 452 1359 507; x_wconf 89' lang='lat' dir='ltr'><strong>S.</strong></span> <span class='ocrx_word' id='word_1_3' title='bbox 1413 452 1690 506; x_wconf 78' lang='lat' dir='ltr'>Aureli</span> <span class='ocrx_word' id='word_1_4' title='bbox 1746 451 2181 521; x_wconf 74' lang='lat' dir='ltr'><strong>Augustini</strong></span> 
     </span>
    </p>
   </div>
   <div class='ocr_carea' id='block_1_2' title="bbox 570 646 2974 2631">
    <p class='ocr_par' dir='ltr' id='par_1_2' title="bbox 570 646 2974 2631">
     <span class='ocr_line' id='line_1_2' title="bbox 582 646 2887 733; baseline -0.001 -19"><span class='ocrx_word' id='word_1_5' title='bbox 582 667 803 714; x_wconf 84' lang='lat' dir='ltr'><strong>sumus</strong></span> <span class='ocrx_word' id='word_1_6' title='bbox 843 647 923 713; x_wconf 89' lang='lat' dir='ltr'><strong>ad</strong></span> <span class='ocrx_word' id='word_1_7' title='bbox 959 648 1304 733; x_wconf 84' lang='lat' dir='ltr'>imaginem</span> <span class='ocrx_word' id='word_1_8' title='bbox 1343 647 1462 725; x_wconf 88' lang='lat' dir='ltr'><strong>dei,</strong></span> <span class='ocrx_word' id='word_1_9' title='bbox 1503 646 1669 713; x_wconf 90' lang='lat' dir='ltr'><strong>unde</strong></span> <span class='ocrx_word' id='word_1_10' title='bbox 1706 647 1889 713; x_wconf 90' lang='lat' dir='ltr'><strong>nobis</strong></span> <span class='ocrx_word' id='word_1_11' title='bbox 1936 646 2197 712; x_wconf 88' lang='lat' dir='ltr'><strong>dicitur:</strong></span> <span class='ocrx_word' id='word_1_12' title='bbox 2242 646 2525 712; x_wconf 85' lang='lat' dir='ltr'>Nolite</span> <span class='ocrx_word' id='word_1_13' title='bbox 2573 646 2809 712; x_wconf 82' lang='lat' dir='ltr'><strong>conso</strong></span> <span class='ocrx_word' id='word_1_14' title='bbox 2826 666 2887 711; x_wconf 90' lang='lat' dir='ltr'><strong>r-</strong></span> 
     </span>
     <span class='ocr_line' id='line_1_3' title="bbox 579 752 2885 833; baseline -0 -14"><span class='ocrx_word' id='word_1_15' title='bbox 579 754 778 819; x_wconf 87' lang='lat' dir='ltr'><strong>mari</strong></span> <span class='ocrx_word' id='word_1_16' title='bbox 841 754 1032 819; x_wconf 91' lang='lat' dir='ltr'><strong>huic</strong></span> <span class='ocrx_word' id='word_1_17' title='bbox 1098 754 1454 833; x_wconf 87' lang='lat' dir='ltr'><strong>saeculo,</strong></span> <span class='ocrx_word' id='word_1_18' title='bbox 1529 752 1671 819; x_wconf 88' lang='lat' dir='ltr'><strong>sed</strong></span> <span class='ocrx_word' id='word_1_19' title='bbox 1732 753 2293 819; x_wconf 84' lang='lat' dir='ltr'><strong>reformamini</strong></span> <span class='ocrx_word' id='word_1_20' title='bbox 2356 754 2434 819; x_wconf 87' lang='lat' dir='ltr'><strong>in</strong></span> <span class='ocrx_word' id='word_1_21' title='bbox 2502 752 2885 819; x_wconf 86' lang='lat' dir='ltr'><strong>nouitate</strong></span> 
     </span>
     <span class='ocr_line' id='line_1_4' title="bbox 579 859 2885 943; baseline -0 -18"><span class='ocrx_word' id='word_1_22' title='bbox 579 860 878 927; x_wconf 85' lang='lat' dir='ltr'><strong>mentis</strong></span> <span class='ocrx_word' id='word_1_23' title='bbox 923 864 1257 927; x_wconf 86' lang='lat' dir='ltr'><strong>uestrae</strong></span> <span class='ocrx_word' id='word_1_24' title='bbox 1305 860 1398 926; x_wconf 85' lang='lat' dir='ltr'><strong>ad</strong></span> <span class='ocrx_word' id='word_1_25' title='bbox 1441 859 1947 943; x_wconf 82' lang='lat' dir='ltr'><strong>probandum</strong></span> <span class='ocrx_word' id='word_1_26' title='bbox 1984 879 2151 938; x_wconf 91' lang='lat' dir='ltr'><strong>uos,</strong></span> <span class='ocrx_word' id='word_1_27' title='bbox 2194 879 2393 943; x_wconf 86' lang='lat' dir='ltr'><strong>quae</strong></span> <span class='ocrx_word' id='word_1_28' title='bbox 2442 859 2557 925; x_wconf 89' lang='lat' dir='ltr'><strong>sit</strong></span> <span class='ocrx_word' id='word_1_29' title='bbox 2600 859 2885 925; x_wconf 86' lang='lat' dir='ltr'><strong>uolun-</strong></span> 
     </span>
     <span class='ocr_line' id='line_1_5' title="bbox 577 966 2887 1051; baseline -0 -19"><span class='ocrx_word' id='word_1_30' title='bbox 577 972 704 1033; x_wconf 88' lang='lat' dir='ltr'><strong>tas</strong></span> <span class='ocrx_word' id='word_1_31' title='bbox 763 966 912 1047; x_wconf 88' lang='lat' dir='ltr'><strong>dei,</strong></span> <span class='ocrx_word' id='word_1_32' title='bbox 971 969 1180 1051; x_wconf 90' lang='lat' dir='ltr'><strong>quod</strong></span> <span class='ocrx_word' id='word_1_33' title='bbox 1235 966 1526 1033; x_wconf 89' lang='lat' dir='ltr'><strong>bonum</strong></span> <span class='ocrx_word' id='word_1_34' title='bbox 1573 970 1653 1033; x_wconf 87' lang='lat' dir='ltr'><strong>et</strong></span> <span class='ocrx_word' id='word_1_35' title='bbox 1704 967 2107 1050; x_wconf 86' lang='lat' dir='ltr'><strong>placitum</strong></span> <span class='ocrx_word' id='word_1_36' title='bbox 2155 969 2233 1032; x_wconf 92' lang='lat' dir='ltr'><strong>et</strong></span> <span class='ocrx_word' id='word_1_37' title='bbox 2288 967 2763 1050; x_wconf 86' lang='lat' dir='ltr'><strong>perfectum.</strong></span> <span class='ocrx_word' id='word_1_38' title='bbox 2825 967 2887 1031; x_wconf 92' lang='lat' dir='ltr'><strong>si</strong></span> 
     </span>
     <span class='ocr_line' id='line_1_6' title="bbox 577 1071 2974 1161; baseline -0.002 -20"><span class='ocrx_word' id='word_1_39' title='bbox 577 1095 726 1161; x_wconf 88' lang='lat' dir='ltr'><strong>ergo</strong></span> <span class='ocrx_word' id='word_1_40' title='bbox 773 1094 896 1141; x_wconf 92' lang='lat' dir='ltr'><strong>non</strong></span> <span class='ocrx_word' id='word_1_41' title='bbox 950 1074 1015 1139; x_wconf 90' lang='lat' dir='ltr'><strong>in</strong></span> <span class='ocrx_word' id='word_1_42' title='bbox 1062 1074 1230 1139; x_wconf 89' lang='lat' dir='ltr'><strong>mole</strong></span> <span class='ocrx_word' id='word_1_43' title='bbox 1275 1092 1476 1157; x_wconf 88' lang='lat' dir='ltr'><strong>neque</strong></span> <span class='ocrx_word' id='word_1_44' title='bbox 1523 1072 1587 1138; x_wconf 90' lang='lat' dir='ltr'><strong>in</strong></span> <span class='ocrx_word' id='word_1_45' title='bbox 1635 1072 2021 1139; x_wconf 86' lang='lat' dir='ltr'><strong>distantibus</strong></span> <span class='ocrx_word' id='word_1_46' title='bbox 2059 1092 2171 1157; x_wconf 91' lang='lat' dir='ltr'><strong>per</strong></span> <span class='ocrx_word' id='word_1_47' title='bbox 2213 1073 2358 1139; x_wconf 82' lang='lat' dir='ltr'><strong>loca</strong></span> <span class='ocrx_word' id='word_1_48' title='bbox 2403 1092 2519 1137; x_wconf 87' lang='lat' dir='ltr'><strong>sua</strong></span> <span class='ocrx_word' id='word_1_49' title='bbox 2564 1071 2885 1155; x_wconf 76' lang='lat' dir='ltr'><strong>partibu8‚</strong></span> <span class='ocrx_word' id='word_1_50' title='bbox 2944 1099 2974 1137; x_wconf 72' lang='lat' dir='ltr'><strong>s</strong></span> 
     </span>
     <span class='ocr_line' id='line_1_7' title="bbox 577 1177 2885 1264; baseline -0.002 -17"><span class='ocrx_word' id='word_1_51' title='bbox 577 1182 750 1247; x_wconf 87' lang='lat' dir='ltr'><strong>sicut</strong></span> <span class='ocrx_word' id='word_1_52' title='bbox 803 1200 1062 1264; x_wconf 87' lang='lat' dir='ltr'><strong>corpora</strong></span> <span class='ocrx_word' id='word_1_53' title='bbox 1115 1178 1257 1245; x_wconf 87' lang='lat' dir='ltr'><strong>siue</strong></span> <span class='ocrx_word' id='word_1_54' title='bbox 1313 1181 1655 1246; x_wconf 85' lang='lat' dir='ltr'><strong>cernuntur</strong></span> <span class='ocrx_word' id='word_1_55' title='bbox 1708 1179 1847 1244; x_wconf 89' lang='lat' dir='ltr'><strong>siue</strong></span> <span class='ocrx_word' id='word_1_56' title='bbox 1903 1179 2285 1263; x_wconf 76' lang='lat' dir='ltr'>cogitantur,</span> <span class='ocrx_word' id='word_1_57' title='bbox 2352 1177 2467 1243; x_wconf 88' lang='lat' dir='ltr'><strong>sed</strong></span> <span class='ocrx_word' id='word_1_58' title='bbox 2519 1178 2583 1241; x_wconf 89' lang='lat' dir='ltr'><strong>in</strong></span> <span class='ocrx_word' id='word_1_59' title='bbox 2637 1179 2885 1243; x_wconf 84' lang='lat' dir='ltr'><strong>uirtute</strong></span> 
     </span>
     <span class='ocr_line' id='line_1_8' title="bbox 573 1284 2883 1373; baseline -0.001 -20"><span class='ocrx_word' id='word_1_60' title='bbox 573 1286 1000 1373; x_wconf 86' lang='lat' dir='ltr'><strong>intellegibili‚</strong></span> <span class='ocrx_word' id='word_1_61' title='bbox 1050 1286 1256 1370; x_wconf 88' lang='lat' dir='ltr'><strong>qualis</strong></span> <span class='ocrx_word' id='word_1_62' title='bbox 1305 1288 1407 1352; x_wconf 88' lang='lat' dir='ltr'><strong>est</strong></span> <span class='ocrx_word' id='word_1_63' title='bbox 1447 1284 1721 1365; x_wconf 87' lang='lat' dir='ltr'><strong>iustitia,</strong></span> <span class='ocrx_word' id='word_1_64' title='bbox 1764 1288 2044 1351; x_wconf 84' lang='lat' dir='ltr'><strong>mentem</strong></span> <span class='ocrx_word' id='word_1_65' title='bbox 2092 1284 2367 1350; x_wconf 84' lang='lat' dir='ltr'><strong>dicimus</strong></span> <span class='ocrx_word' id='word_1_66' title='bbox 2414 1302 2531 1350; x_wconf 88' lang='lat' dir='ltr'><strong>seu</strong></span> <span class='ocrx_word' id='word_1_67' title='bbox 2578 1284 2883 1350; x_wconf 90' lang='lat' dir='ltr'><strong>nouimus</strong></span> 
     </span>
     <span class='ocr_line' id='line_1_9' title="bbox 577 1390 2884 1475; baseline -0.002 -15"><span class='ocrx_word' id='word_1_68' title='bbox 577 1415 692 1460; x_wconf 89' lang='lat' dir='ltr'><strong>seu</strong></span> <span class='ocrx_word' id='word_1_69' title='bbox 763 1395 1066 1459; x_wconf 84' lang='lat' dir='ltr'><strong>uolumus</strong></span> <span class='ocrx_word' id='word_1_70' title='bbox 1138 1392 1470 1475; x_wconf 84' lang='lat' dir='ltr'><strong>pulchram</strong></span> <span class='ocrx_word' id='word_1_71' title='bbox 1543 1395 1609 1457; x_wconf 87' lang='lat' dir='ltr'><strong>et</strong></span> <span class='ocrx_word' id='word_1_72' title='bbox 1680 1391 2031 1458; x_wconf 87' lang='lat' dir='ltr'><strong>secundum</strong></span> <span class='ocrx_word' id='word_1_73' title='bbox 2102 1393 2263 1456; x_wconf 87' lang='lat' dir='ltr'><strong>hanc</strong></span> <span class='ocrx_word' id='word_1_74' title='bbox 2336 1390 2884 1474; x_wconf 85' lang='lat' dir='ltr'><strong>pulchritudinem</strong></span> 
     </span>
     <span class='ocr_line' id='line_1_10' title="bbox 574 1498 2880 1586; baseline -0.001 -19"><span class='ocrx_word' id='word_1_75' title='bbox 574 1500 992 1567; x_wconf 85' lang='lat' dir='ltr'><strong>reformamur</strong></span> <span class='ocrx_word' id='word_1_76' title='bbox 1055 1500 1132 1565; x_wconf 88' lang='lat' dir='ltr'><strong>ad</strong></span> <span class='ocrx_word' id='word_1_77' title='bbox 1195 1498 1538 1586; x_wconf 87' lang='lat' dir='ltr'><strong>imaginem</strong></span> <span class='ocrx_word' id='word_1_78' title='bbox 1598 1498 1720 1576; x_wconf 91' lang='lat' dir='ltr'><strong>dei,</strong></span> <span class='ocrx_word' id='word_1_79' title='bbox 1784 1498 2067 1582; x_wconf 82' lang='lat' dir='ltr'><strong>profecto</strong></span> <span class='ocrx_word' id='word_1_80' title='bbox 2132 1498 2339 1582; x_wconf 89' lang='lat' dir='ltr'><strong>ipsius</strong></span> <span class='ocrx_word' id='word_1_81' title='bbox 2396 1498 2517 1577; x_wconf 84' lang='lat' dir='ltr'><strong>dei,</strong></span> <span class='ocrx_word' id='word_1_82' title='bbox 2585 1499 2698 1582; x_wconf 91' lang='lat' dir='ltr'><strong>qui</strong></span> <span class='ocrx_word' id='word_1_83' title='bbox 2758 1518 2880 1565; x_wconf 88' lang='lat' dir='ltr'><strong>nos</strong></span> 
     </span>
     <span class='ocr_line' id='line_1_11' title="bbox 575 1603 2973 1688; baseline -0 -17"><span class='ocrx_word' id='word_1_84' title='bbox 575 1605 879 1672; x_wconf 87' lang='lat' dir='ltr'><strong>formauit</strong></span> <span class='ocrx_word' id='word_1_85' title='bbox 925 1608 992 1671; x_wconf 88' lang='lat' dir='ltr'><strong>et</strong></span> <span class='ocrx_word' id='word_1_86' title='bbox 1033 1606 1337 1671; x_wconf 86' lang='lat' dir='ltr'><strong>reformat</strong></span> <span class='ocrx_word' id='word_1_87' title='bbox 1380 1604 1460 1670; x_wconf 87' lang='lat' dir='ltr'><strong>ad</strong></span> <span class='ocrx_word' id='word_1_88' title='bbox 1511 1603 1859 1688; x_wconf 86' lang='lat' dir='ltr'><strong>imaginem</strong></span> <span class='ocrx_word' id='word_1_89' title='bbox 1914 1622 2116 1682; x_wconf 84' lang='lat' dir='ltr'><strong>suam,</strong></span> <span class='ocrx_word' id='word_1_90' title='bbox 2172 1623 2295 1668; x_wconf 91' lang='lat' dir='ltr'><strong>nou</strong></span> <span class='ocrx_word' id='word_1_91' title='bbox 2338 1604 2405 1669; x_wconf 89' lang='lat' dir='ltr'><strong>in</strong></span> <span class='ocrx_word' id='word_1_92' title='bbox 2450 1604 2665 1687; x_wconf 83' lang='lat' dir='ltr'><strong>aliqua</strong></span> <span class='ocrx_word' id='word_1_93' title='bbox 2708 1605 2881 1670; x_wconf 84' lang='lat' dir='ltr'><strong>mole</strong></span> <span class='ocrx_word' id='word_1_94' title='bbox 2918 1630 2973 1670; x_wconf 83' lang='grc' dir='ltr'><strong>ιο</strong></span> 
     </span>
     <span class='ocr_line' id='line_1_12' title="bbox 576 1709 2877 1797; baseline -0 -18"><span class='ocrx_word' id='word_1_95' title='bbox 576 1731 875 1797; x_wconf 86' lang='lat' dir='ltr'><strong>corporea</strong></span> <span class='ocrx_word' id='word_1_96' title='bbox 920 1712 1303 1797; x_wconf 84' lang='lat' dir='ltr'><strong>suspicanda</strong></span> <span class='ocrx_word' id='word_1_97' title='bbox 1339 1714 1442 1777; x_wconf 87' lang='lat' dir='ltr'><strong>est</strong></span> <span class='ocrx_word' id='word_1_98' title='bbox 1483 1709 1891 1794; x_wconf 79' lang='lat' dir='ltr'><strong>pulchritudo</strong></span> <span class='ocrx_word' id='word_1_99' title='bbox 1940 1729 2143 1792; x_wconf 88' lang='lat' dir='ltr'><strong>eoque</strong></span> <span class='ocrx_word' id='word_1_100' title='bbox 2188 1710 2507 1775; x_wconf 88' lang='lat' dir='ltr'><strong>iustorum</strong></span> <span class='ocrx_word' id='word_1_101' title='bbox 2553 1712 2877 1779; x_wconf 82' lang='lat' dir='ltr'><strong>mentibus</strong></span> 
     </span>
     <span class='ocr_line' id='line_1_13' title="bbox 575 1816 2879 1903; baseline 0 -19"><span class='ocrx_word' id='word_1_102' title='bbox 575 1818 923 1885; x_wconf 89' lang='lat' dir='ltr'><strong>credendus</strong></span> <span class='ocrx_word' id='word_1_103' title='bbox 979 1823 1080 1885; x_wconf 90' lang='lat' dir='ltr'><strong>est</strong></span> <span class='ocrx_word' id='word_1_104' title='bbox 1130 1816 1711 1903; x_wconf 84' lang='lat' dir='ltr'><strong>incomparabiliter</strong></span> <span class='ocrx_word' id='word_1_105' title='bbox 1762 1816 2104 1899; x_wconf 88' lang='lat' dir='ltr'><strong>pulchrior,</strong></span> <span class='ocrx_word' id='word_1_106' title='bbox 2162 1836 2285 1899; x_wconf 90' lang='lat' dir='ltr'><strong>quo</strong></span> <span class='ocrx_word' id='word_1_107' title='bbox 2334 1821 2435 1882; x_wconf 88' lang='lat' dir='ltr'><strong>est</strong></span> <span class='ocrx_word' id='word_1_108' title='bbox 2484 1818 2879 1902; x_wconf 81' lang='lat' dir='ltr'><strong>incompara-</strong></span> 
     </span>
     <span class='ocr_line' id='line_1_14' title="bbox 573 1924 2877 2006; baseline -0 -14"><span class='ocrx_word' id='word_1_109' title='bbox 573 1926 787 1992; x_wconf 85' lang='lat' dir='ltr'><strong>biliter</strong></span> <span class='ocrx_word' id='word_1_110' title='bbox 838 1925 1088 1991; x_wconf 89' lang='lat' dir='ltr'><strong>iustior.</strong></span> <span class='ocrx_word' id='word_1_111' title='bbox 1146 1926 1302 1991; x_wconf 85' lang='lat' dir='ltr'><strong>haec</strong></span> <span class='ocrx_word' id='word_1_112' title='bbox 1349 1924 1753 1991; x_wconf 88' lang='lat' dir='ltr'><strong>dilectionem</strong></span> <span class='ocrx_word' id='word_1_113' title='bbox 1806 1926 2004 2001; x_wconf 86' lang='lat' dir='ltr'><strong>tuam,</strong></span> <span class='ocrx_word' id='word_1_114' title='bbox 2062 1926 2370 2006; x_wconf 86' lang='lat' dir='ltr'><strong>quantum</strong></span> <span class='ocrx_word' id='word_1_115' title='bbox 2426 1924 2505 1989; x_wconf 86' lang='lat' dir='ltr'><strong>ad</strong></span> <span class='ocrx_word' id='word_1_116' title='bbox 2560 1925 2877 1991; x_wconf 85' lang='lat' dir='ltr'><strong>usitatum</strong></span> 
     </span>
     <span class='ocr_line' id='line_1_15' title="bbox 574 2030 2875 2117; baseline 0 -20"><span class='ocrx_word' id='word_1_117' title='bbox 574 2033 993 2117; x_wconf 76' lang='lat' dir='ltr'><strong>epistularum</strong></span> <span class='ocrx_word' id='word_1_118' title='bbox 1011 2030 1272 2097; x_wconf 89' lang='lat' dir='ltr'><strong>modum</strong></span> <span class='ocrx_word' id='word_1_119' title='bbox 1300 2031 1592 2115; x_wconf 76' lang='lat' dir='ltr'><strong>pertinet,</strong></span> <span class='ocrx_word' id='word_1_120' title='bbox 1622 2030 1927 2113; x_wconf 83' lang='lat' dir='ltr'><strong>prolixius</strong></span> <span class='ocrx_word' id='word_1_121' title='bbox 1946 2031 2229 2110; x_wconf 84' lang='lat' dir='ltr'><strong>forsitan,</strong></span> <span class='ocrx_word' id='word_1_122' title='bbox 2263 2050 2450 2113; x_wconf 85' lang='lat' dir='ltr'><strong>quam</strong></span> <span class='ocrx_word' id='word_1_123' title='bbox 2472 2032 2875 2114; x_wconf 83' lang='lat' dir='ltr'><strong>expectabas‚</strong></span> 
     </span>
     <span class='ocr_line' id='line_1_16' title="bbox 575 2136 2968 2223; baseline -0.001 -19"><span class='ocrx_word' id='word_1_124' title='bbox 575 2141 881 2221; x_wconf 82' lang='lat' dir='ltr'><strong>quantum</strong></span> <span class='ocrx_word' id='word_1_125' title='bbox 929 2140 1142 2204; x_wconf 83' lang='lat' dir='ltr'><strong>autem</strong></span> <span class='ocrx_word' id='word_1_126' title='bbox 1189 2136 1270 2203; x_wconf 86' lang='lat' dir='ltr'><strong>ad</strong></span> <span class='ocrx_word' id='word_1_127' title='bbox 1314 2141 1448 2203; x_wconf 85' lang='lat' dir='ltr'><strong>tam</strong></span> <span class='ocrx_word' id='word_1_128' title='bbox 1491 2156 1761 2223; x_wconf 85' lang='lat' dir='ltr'><strong>magnae</strong></span> <span class='ocrx_word' id='word_1_129' title='bbox 1808 2138 1899 2203; x_wconf 88' lang='lat' dir='ltr'><strong>rei</strong></span> <span class='ocrx_word' id='word_1_130' title='bbox 1937 2136 2395 2220; x_wconf 87' lang='lat' dir='ltr'><strong>quaestionem,</strong></span> <span class='ocrx_word' id='word_1_131' title='bbox 2441 2136 2723 2203; x_wconf 87' lang='lat' dir='ltr'><strong>breuiter</strong></span> <span class='ocrx_word' id='word_1_132' title='bbox 2766 2139 2873 2203; x_wconf 88' lang='lat' dir='ltr'><strong>ad·</strong></span> <span class='ocrx_word' id='word_1_133' title='bbox 2912 2161 2968 2201; x_wconf 67' lang='grc' dir='ltr'><strong>ιε</strong></span> 
     </span>
     <span class='ocr_line' id='line_1_17' title="bbox 572 2241 2875 2320; baseline -0 -11"><span class='ocrx_word' id='word_1_134' title='bbox 572 2244 896 2311; x_wconf 84' lang='lat' dir='ltr'><strong>monuisse</strong></span> <span class='ocrx_word' id='word_1_135' title='bbox 950 2244 1291 2319; x_wconf 85' lang='lat' dir='ltr'><strong>suffecerit,</strong></span> <span class='ocrx_word' id='word_1_136' title='bbox 1346 2262 1470 2309; x_wconf 89' lang='lat' dir='ltr'><strong>non</strong></span> <span class='ocrx_word' id='word_1_137' title='bbox 1525 2245 1601 2309; x_wconf 89' lang='lat' dir='ltr'><strong>ut</strong></span> <span class='ocrx_word' id='word_1_138' title='bbox 1654 2244 1810 2309; x_wconf 85' lang='lat' dir='ltr'><strong>satis</strong></span> <span class='ocrx_word' id='word_1_139' title='bbox 1868 2243 1955 2309; x_wconf 87' lang='lat' dir='ltr'><strong>sit</strong></span> <span class='ocrx_word' id='word_1_140' title='bbox 2010 2241 2351 2308; x_wconf 89' lang='lat' dir='ltr'><strong>eruditioni</strong></span> <span class='ocrx_word' id='word_1_141' title='bbox 2403 2245 2573 2320; x_wconf 85' lang='lat' dir='ltr'><strong>tuae,</strong></span> <span class='ocrx_word' id='word_1_142' title='bbox 2634 2242 2746 2308; x_wconf 82' lang='lat' dir='ltr'><strong>sed</strong></span> <span class='ocrx_word' id='word_1_143' title='bbox 2800 2246 2875 2308; x_wconf 88' lang='lat' dir='ltr'><strong>ut</strong></span> 
     </span>
     <span class='ocr_line' id='line_1_18' title="bbox 573 2347 2871 2435; baseline -0.002 -18"><span class='ocrx_word' id='word_1_144' title='bbox 573 2352 715 2419; x_wconf 83' lang='lat' dir='ltr'><strong>aliis</strong></span> <span class='ocrx_word' id='word_1_145' title='bbox 755 2370 1005 2435; x_wconf 87' lang='lat' dir='ltr'><strong>quoque</strong></span> <span class='ocrx_word' id='word_1_146' title='bbox 1050 2351 1238 2417; x_wconf 87' lang='lat' dir='ltr'><strong>lectis</strong></span> <span class='ocrx_word' id='word_1_147' title='bbox 1285 2350 1605 2417; x_wconf 80' lang='lat' dir='ltr'><strong>auditisne</strong></span> <span class='ocrx_word' id='word_1_148' title='bbox 1642 2349 1983 2434; x_wconf 87' lang='lat' dir='ltr'><strong>diligenter</strong></span> <span class='ocrx_word' id='word_1_149' title='bbox 2023 2350 2379 2415; x_wconf 88' lang='lat' dir='ltr'><strong>instructus</strong></span> <span class='ocrx_word' id='word_1_150' title='bbox 2424 2348 2563 2431; x_wconf 88' lang='lat' dir='ltr'><strong>ipse</strong></span> <span class='ocrx_word' id='word_1_151' title='bbox 2610 2347 2871 2414; x_wconf 86' lang='lat' dir='ltr'><strong>uberius</strong></span> 
     </span>
     <span class='ocr_line' id='line_1_19' title="bbox 573 2454 2871 2541; baseline -0.001 -18"><span class='ocrx_word' id='word_1_152' title='bbox 573 2460 686 2523; x_wconf 87' lang='lat' dir='ltr'><strong>tua</strong></span> <span class='ocrx_word' id='word_1_153' title='bbox 722 2476 906 2523; x_wconf 89' lang='lat' dir='ltr'><strong>secus</strong></span> <span class='ocrx_word' id='word_1_154' title='bbox 937 2458 1108 2523; x_wconf 87' lang='lat' dir='ltr'><strong>dicta</strong></span> <span class='ocrx_word' id='word_1_155' title='bbox 1134 2458 1496 2541; x_wconf 83' lang='lat' dir='ltr'><strong>redarguas,</strong></span> <span class='ocrx_word' id='word_1_156' title='bbox 1536 2455 1707 2539; x_wconf 90' lang='lat' dir='ltr'><strong>quod</strong></span> <span class='ocrx_word' id='word_1_157' title='bbox 1734 2458 1835 2523; x_wconf 87' lang='lat' dir='ltr'><strong>est</strong></span> <span class='ocrx_word' id='word_1_158' title='bbox 1870 2457 2096 2539; x_wconf 88' lang='lat' dir='ltr'><strong>utique</strong></span> <span class='ocrx_word' id='word_1_159' title='bbox 2124 2459 2300 2521; x_wconf 85' lang='lat' dir='ltr'><strong>tanto</strong></span> <span class='ocrx_word' id='word_1_160' title='bbox 2339 2454 2595 2535; x_wconf 85' lang='lat' dir='ltr'><strong>melius,</strong></span> <span class='ocrx_word' id='word_1_161' title='bbox 2635 2458 2871 2538; x_wconf 84' lang='lat' dir='ltr'><strong>quanto</strong></span> 
     </span>
     <span class='ocr_line' id='line_1_20' title="bbox 570 2562 1431 2631; baseline 0.003 -3"><span class='ocrx_word' id='word_1_162' title='bbox 570 2563 646 2629; x_wconf 89' lang='lat' dir='ltr'><strong>fit</strong></span> <span class='ocrx_word' id='word_1_163' title='bbox 689 2564 1000 2630; x_wconf 86' lang='lat' dir='ltr'><strong>humilius</strong></span> <span class='ocrx_word' id='word_1_164' title='bbox 1047 2566 1114 2629; x_wconf 88' lang='lat' dir='ltr'><strong>et</strong></span> <span class='ocrx_word' id='word_1_165' title='bbox 1157 2562 1431 2631; x_wconf 71' lang='lat' dir='ltr'><strong>fideliuS.</strong></span> 
     </span>
    </p>
   </div>
   <div class='ocr_carea' id='block_1_3' title="bbox 753 2773 1174 2837">
    <p class='ocr_par' dir='ltr' id='par_1_3' title="bbox 753 2773 1174 2837">
     <span class='ocr_line' id='line_1_21' title="bbox 753 2773 1174 2837; baseline -0.002 -10"><span class='ocrx_word' id='word_1_166' title='bbox 753 2774 778 2827; x_wconf 93' lang='lat'>1</span> <span class='ocrx_word' id='word_1_167' title='bbox 819 2774 974 2828; x_wconf 87' lang='lat' dir='ltr'><strong>Rom.</strong></span> <span class='ocrx_word' id='word_1_168' title='bbox 1015 2774 1100 2837; x_wconf 86' lang='lat'><strong>12,</strong></span> <span class='ocrx_word' id='word_1_169' title='bbox 1139 2773 1174 2826; x_wconf 88' lang='grc'>2</span> 
     </span>
    </p>
   </div>
   <div class='ocr_carea' id='block_1_4' title="bbox 569 2892 2875 3495">
    <p class='ocr_par' dir='ltr' id='par_1_4' title="bbox 569 2892 2875 3495">
     <span class='ocr_line' id='line_1_22' title="bbox 643 2892 2874 2966; baseline -0.002 -15"><span class='ocrx_word' id='word_1_170' title='bbox 643 2898 676 2952; x_wconf 87' lang='lat'><strong>3</strong></span> <span class='ocrx_word' id='word_1_171' title='bbox 712 2896 914 2951; x_wconf 84' lang='lat' dir='ltr'><strong>mentis</strong></span> <span class='ocrx_word' id='word_1_172' title='bbox 951 2897 1190 2966; x_wconf 82' lang='lat' dir='ltr'><strong>uestrae]</strong></span> <span class='ocrx_word' id='word_1_173' title='bbox 1231 2910 1420 2950; x_wconf 83' lang='lat' dir='ltr'><strong>sensus</strong></span> <span class='ocrx_word' id='word_1_174' title='bbox 1457 2893 1627 2949; x_wconf 74' lang='lat' dir='ltr'><strong>uentri</strong></span> <span class='ocrx_word' id='word_1_175' title='bbox 1672 2892 1743 2949; x_wconf 77' lang='grc' dir='ltr'><strong>Τ1</strong></span> <span class='ocrx_word' id='word_1_176' title='bbox 1880 2894 1917 2949; x_wconf 85' lang='grc'>4</span> <span class='ocrx_word' id='word_1_177' title='bbox 1954 2896 2012 2948; x_wconf 86' lang='lat' dir='ltr'><strong>et</strong></span> <span class='ocrx_word' id='word_1_178' title='bbox 2046 2908 2152 2949; x_wconf 82' lang='lat' dir='ltr'><strong>om.</strong></span> <span class='ocrx_word' id='word_1_179' title='bbox 2190 2894 2246 2948; x_wconf 90' lang='lat' dir='ltr'><em>P</em></span> <span class='ocrx_word' id='word_1_180' title='bbox 2384 2892 2667 2963; x_wconf 84' lang='lat' dir='ltr'><strong>placitum]</strong></span> <span class='ocrx_word' id='word_1_181' title='bbox 2705 2892 2874 2947; x_wconf 80' lang='lat' dir='ltr'><strong>bene·</strong></span> 
     </span>
     <span class='ocr_line' id='line_1_23' title="bbox 569 2980 2875 3055; baseline -0.001 -15"><span class='ocrx_word' id='word_1_182' title='bbox 569 2986 830 3055; x_wconf 81' lang='lat' dir='ltr'><strong>placitum</strong></span> <span class='ocrx_word' id='word_1_183' title='bbox 871 2985 992 3039; x_wconf 79' lang='lat' dir='ltr'><strong>edd.</strong></span> <span class='ocrx_word' id='word_1_184' title='bbox 1020 2986 1271 3055; x_wconf 74' lang='lat' dir='ltr'><strong>Euyippi</strong></span> <span class='ocrx_word' id='word_1_185' title='bbox 1305 2984 1421 3043; x_wconf 81' lang='lat' dir='ltr'><strong>cod.</strong></span> <span class='ocrx_word' id='word_1_186' title='bbox 1459 2984 1648 3041; x_wconf 74' lang='lat' dir='ltr'><strong>Pan‘s.</strong></span> <span class='ocrx_word' id='word_1_187' title='bbox 1684 2986 1871 3039; x_wconf 74' lang='lat'><strong><em>11642</em></strong></span> <span class='ocrx_word' id='word_1_188' title='bbox 1980 2980 2011 3035; x_wconf 84' lang='lat'>7</span> <span class='ocrx_word' id='word_1_189' title='bbox 2049 2986 2233 3037; x_wconf 83' lang='lat' dir='ltr'><strong>mente</strong></span> <span class='ocrx_word' id='word_1_190' title='bbox 2261 2982 2373 3037; x_wconf 83' lang='lat' dir='ltr'><strong>PT</strong></span> <span class='ocrx_word' id='word_1_191' title='bbox 2406 2982 2555 3051; x_wconf 75' lang='lat' dir='ltr'><strong>(stilo</strong></span> <span class='ocrx_word' id='word_1_192' title='bbox 2592 2987 2875 3037; x_wconf 61' lang='lat' dir='ltr'><strong>commeato</strong></span> 
     </span>
     <span class='ocr_line' id='line_1_24' title="bbox 571 3070 2873 3145; baseline -0.003 -16"><span class='ocrx_word' id='word_1_193' title='bbox 571 3090 710 3129; x_wconf 81' lang='lat' dir='ltr'><strong>corr.</strong></span> <span class='ocrx_word' id='word_1_194' title='bbox 747 3072 954 3143; x_wconf 72' lang='lat' dir='ltr'><strong>mente)</strong></span> <span class='ocrx_word' id='word_1_195' title='bbox 1169 3074 1202 3127; x_wconf 86' lang='lat'>9</span> <span class='ocrx_word' id='word_1_196' title='bbox 1238 3074 1483 3144; x_wconf 80' lang='lat' dir='ltr'><strong>profecto</strong></span> <span class='ocrx_word' id='word_1_197' title='bbox 1519 3072 1694 3145; x_wconf 84' lang='lat' dir='ltr'><strong>ipsius</strong></span> <span class='ocrx_word' id='word_1_198' title='bbox 1733 3072 1821 3127; x_wconf 84' lang='lat' dir='ltr'><strong>dei</strong></span> <span class='ocrx_word' id='word_1_199' title='bbox 1858 3088 1962 3128; x_wconf 83' lang='lat' dir='ltr'><strong>om.</strong></span> <span class='ocrx_word' id='word_1_200' title='bbox 1999 3070 2157 3127; x_wconf 80' lang='lat' dir='ltr'><strong>codd.</strong></span> <span class='ocrx_word' id='word_1_201' title='bbox 2194 3071 2445 3142; x_wconf 60' lang='lat' dir='ltr'><strong>Eumpps·</strong></span> <span class='ocrx_word' id='word_1_202' title='bbox 2478 3070 2595 3126; x_wconf 79' lang='lat' dir='ltr'><strong>eod.</strong></span> <span class='ocrx_word' id='word_1_203' title='bbox 2644 3070 2873 3125; x_wconf 62' lang='grc' dir='ltr'><strong>γενεαὶ.</strong></span> 
     </span>
     <span class='ocr_line' id='line_1_25' title="bbox 573 3158 2874 3231; baseline -0.002 -14"><span class='ocrx_word' id='word_1_204' title='bbox 573 3164 640 3219; x_wconf 94' lang='grc'><strong>10</strong></span> <span class='ocrx_word' id='word_1_205' title='bbox 676 3161 956 3231; x_wconf 79' lang='lat' dir='ltr'><strong>formauit]</strong></span> <span class='ocrx_word' id='word_1_206' title='bbox 995 3162 1314 3217; x_wconf 84' lang='lat' dir='ltr'><strong>reformauit</strong></span> <span class='ocrx_word' id='word_1_207' title='bbox 1348 3162 1471 3217; x_wconf 79' lang='lat' dir='ltr'><strong>edd.</strong></span> <span class='ocrx_word' id='word_1_208' title='bbox 1499 3168 1730 3231; x_wconf 78' lang='lat' dir='ltr'><strong>praeter</strong></span> <span class='ocrx_word' id='word_1_209' title='bbox 1764 3178 1818 3215; x_wconf 86' lang='lat' dir='ltr'><strong>m</strong></span> <span class='ocrx_word' id='word_1_210' title='bbox 1853 3162 1999 3231; x_wconf 73' lang='lat' dir='ltr'><strong>Euy.</strong></span> <span class='ocrx_word' id='word_1_211' title='bbox 2198 3160 2259 3215; x_wconf 92' lang='lat'><strong>11</strong></span> <span class='ocrx_word' id='word_1_212' title='bbox 2303 3158 2648 3230; x_wconf 83' lang='lat' dir='ltr'><strong>suscipienda</strong></span> <span class='ocrx_word' id='word_1_213' title='bbox 2684 3158 2874 3213; x_wconf 72' lang='grc' dir='ltr'><strong>ΡΤΤι</strong></span> 
     </span>
     <span class='ocr_line' id='line_1_26' title="bbox 573 3248 2873 3321; baseline -0.001 -14"><span class='ocrx_word' id='word_1_214' title='bbox 573 3252 640 3307; x_wconf 83' lang='grc'><strong>12</strong></span> <span class='ocrx_word' id='word_1_215' title='bbox 679 3268 784 3320; x_wconf 90' lang='lat' dir='ltr'><strong>quo</strong></span> <span class='ocrx_word' id='word_1_216' title='bbox 826 3254 910 3305; x_wconf 86' lang='lat' dir='ltr'><strong>est</strong></span> <span class='ocrx_word' id='word_1_217' title='bbox 944 3251 1464 3305; x_wconf 73' lang='lat' dir='ltr'><strong>incommutabiliter</strong></span> <span class='ocrx_word' id='word_1_218' title='bbox 1498 3251 1695 3305; x_wconf 84' lang='lat' dir='ltr'><strong>iustior</strong></span> <span class='ocrx_word' id='word_1_219' title='bbox 1728 3249 1978 3321; x_wconf 61' lang='lat' dir='ltr'><strong>Eugippi</strong></span> <span class='ocrx_word' id='word_1_220' title='bbox 2012 3248 2131 3305; x_wconf 80' lang='lat' dir='ltr'><strong>eod.</strong></span> <span class='ocrx_word' id='word_1_221' title='bbox 2173 3248 2301 3303; x_wconf 75' lang='lat' dir='ltr'><strong>Vat.</strong></span> <span class='ocrx_word' id='word_1_222' title='bbox 2404 3249 2471 3304; x_wconf 85' lang='lat'><strong>14</strong></span> <span class='ocrx_word' id='word_1_223' title='bbox 2510 3248 2713 3303; x_wconf 82' lang='lat' dir='ltr'><strong>attinet</strong></span> <span class='ocrx_word' id='word_1_224' title='bbox 2748 3248 2873 3304; x_wconf 77' lang='lat' dir='ltr'><strong>edd.</strong></span> 
     </span>
     <span class='ocr_line' id='line_1_27' title="bbox 572 3336 2872 3395; baseline -0.002 0"><span class='ocrx_word' id='word_1_225' title='bbox 572 3342 638 3395; x_wconf 85' lang='lat'><strong>15</strong></span> <span class='ocrx_word' id='word_1_226' title='bbox 678 3339 1001 3394; x_wconf 82' lang='lat' dir='ltr'><strong>ammonisse</strong></span> <span class='ocrx_word' id='word_1_227' title='bbox 1047 3339 1093 3394; x_wconf 92' lang='grc' dir='ltr'><em>Ο</em></span> <span class='ocrx_word' id='word_1_228' title='bbox 1240 3341 1306 3395; x_wconf 90' lang='grc'><strong>16</strong></span> <span class='ocrx_word' id='word_1_229' title='bbox 1343 3340 1419 3394; x_wconf 87' lang='lat' dir='ltr'><strong>sit</strong></span> <span class='ocrx_word' id='word_1_230' title='bbox 1453 3356 1556 3394; x_wconf 86' lang='lat' dir='ltr'><strong>om.</strong></span> <span class='ocrx_word' id='word_1_231' title='bbox 1600 3338 1705 3393; x_wconf 80' lang='lat'><strong>01⁷</strong></span> <span class='ocrx_word' id='word_1_232' title='bbox 1845 3339 1910 3394; x_wconf 82' lang='lat'><strong>17</strong></span> <span class='ocrx_word' id='word_1_233' title='bbox 1948 3339 2106 3393; x_wconf 82' lang='lat' dir='ltr'><strong>lectis</strong></span> <span class='ocrx_word' id='word_1_234' title='bbox 2146 3336 2349 3393; x_wconf 80' lang='lat' dir='ltr'><strong>auditis</strong></span> <span class='ocrx_word' id='word_1_235' title='bbox 2386 3338 2477 3391; x_wconf 86' lang='lat' dir='ltr'><strong>uel</strong></span> <span class='ocrx_word' id='word_1_236' title='bbox 2513 3336 2673 3393; x_wconf 76' lang='lat' dir='ltr'><strong>codd.</strong></span> <span class='ocrx_word' id='word_1_237' title='bbox 2711 3336 2872 3393; x_wconf 81' lang='lat' dir='ltr'><strong>lectis</strong></span> 
     </span>
     <span class='ocr_line' id='line_1_28' title="bbox 569 3426 2442 3495; baseline -0.002 -12"><span class='ocrx_word' id='word_1_238' title='bbox 569 3428 658 3483; x_wconf 84' lang='lat' dir='ltr'><strong>uel</strong></span> <span class='ocrx_word' id='word_1_239' title='bbox 695 3426 897 3483; x_wconf 85' lang='lat' dir='ltr'><strong>auditis</strong></span> <span class='ocrx_word' id='word_1_240' title='bbox 934 3428 1084 3495; x_wconf 82' lang='lat' dir='ltr'><strong>edd.,·</strong></span> <span class='ocrx_word' id='word_1_241' title='bbox 1124 3427 1416 3483; x_wconf 73' lang='lat' dir='ltr'><strong>emendam*</strong></span> <span class='ocrx_word' id='word_1_242' title='bbox 1451 3429 1611 3483; x_wconf 82' lang='lat' dir='ltr'><strong>lectis</strong></span> <span class='ocrx_word' id='word_1_243' title='bbox 1651 3428 1924 3483; x_wconf 81' lang='lat' dir='ltr'><strong>auditisne</strong></span> <span class='ocrx_word' id='word_1_244' title='bbox 2068 3426 2351 3481; x_wconf 82' lang='lat' dir='ltr'><strong>instructis</strong></span> <span class='ocrx_word' id='word_1_245' title='bbox 2393 3426 2442 3480; x_wconf 91' lang='lat' dir='ltr'><em>O</em></span> 
     </span>
    </p>
   </div>
   <div class='ocr_carea' id='block_1_5' title="bbox 3140 3804 3143 4959">
    <p class='ocr_par' dir='ltr' id='par_1_5' title="bbox 3140 3804 3143 4959">
     <span class='ocr_line' id='line_1_29' title="bbox 3140 3804 3143 4959; baseline 0 0"><span class='ocrx_word' id='word_1_246' title='bbox 3140 3804 3143 4959; x_wconf 95' lang='lat' dir='ltr'><strong> </strong></span> 
     </span>
    </p>
   </div>
  </div>
 </body>
</html>
