3184 4959
600 411 727 476 662
1310 407 1364 460 S.
1421 405 1697 460 Aureli
1753 406 2187 473 Augustini

599 603 773 682 serit,
850 601 958 685 qui
1023 621 1170 666 eum
1243 603 1554 668 tenuerat.
1631 601 1823 666 etiam
1894 601 2051 665 illuc
2124 600 2291 678 misi,
2368 619 2491 684 quo
2569 600 2891 666 dicebatur

598 710 933 776 abductus,
997 708 1110 773 ubi
1163 711 1552 772 memoratus
1611 707 1903 772 officialis
1967 707 2266 773 inuentus
2323 708 2661 773 concedere
2724 727 2891 790 pres-

595 817 838 900 bytero,
878 834 1066 898 quem
1103 813 1418 890 miseram,
1466 813 1693 891 noluit,
1740 817 1814 878 ut
1851 833 1996 878 eum
2044 815 2269 878 saltem
2316 813 2583 880 uideret.
2630 815 2754 878 alio
2792 815 2893 880 die

598 923 746 988 misi
789 922 1037 988 litteras
1085 925 1327 1004 petens,
1375 923 1450 984 ut
1495 921 1554 985 ei
1602 921 2071 999 concederetur,
2120 921 2291 1003 quod
2332 921 2529 986 iussit
2569 921 2634 986 in
2683 921 2895 987 causis

596 1028 833 1094 talibus
869 1028 1232 1110 imperator,
1270 1026 1334 1092 id
1367 1029 1467 1091 est
1501 1030 1576 1092 ut
1612 1026 1774 1092 actis
1810 1027 2307 1109 municipalibus
2344 1027 2897 1112 interrogarentur,
2958 1049 2983 1090 5

600 1135 709 1218 qui
762 1134 1084 1216 praecepti
1138 1133 1375 1198 fuerint
1428 1132 1782 1213 exhibendi,
1846 1137 2064 1200 utrum
2129 1135 2332 1199 uelint
2384 1134 2448 1198 in
2504 1153 2579 1200 ea
2632 1135 2897 1200 ciuitate

599 1241 718 1307 sub
750 1240 1043 1307 custodia
1073 1241 1398 1306 moderata
1424 1241 1688 1324 triginta
1716 1241 1853 1306 dies
1882 1259 2089 1326 agere,
2128 1244 2202 1305 ut
2226 1261 2361 1305 rem
2400 1261 2581 1306 suam
2611 1241 2901 1308 ordinent

597 1349 704 1413 uel
749 1352 1121 1432 praeparent
1167 1352 1484 1430 sumptuS,
1529 1347 1599 1412 id
1644 1348 1869 1431 utique
1914 1348 2303 1426 existimanS‚
2352 1347 2521 1430 quod
2564 1367 2677 1430 per
2718 1349 2899 1432 ipsos

599 1454 735 1520 dies
780 1474 1118 1539 possemus
1163 1455 1434 1520 fortasse
1474 1474 1731 1520 causam
1770 1455 1908 1520 eius
1956 1455 2159 1519 amica
2196 1455 2651 1537 disceptatione
2694 1455 2897 1520 finire.

603 1562 731 1627 iam
771 1581 922 1629 uero
961 1581 1108 1628 cum
1145 1561 1257 1626 illo
1297 1561 1554 1628 officiali
1590 1561 1913 1646 profectus
1952 1561 2184 1626 ductus
2224 1565 2341 1628 est.
2381 1561 2494 1627 sed
2528 1565 2739 1627 metus
2777 1565 2901 1641 est,
2942 1585 2993 1624 ιο

597 1687 676 1732 ne
712 1668 876 1733 forte
912 1669 993 1732 ad
1031 1668 1380 1734 consularis
1419 1668 1765 1751 perductus
1805 1669 2087 1733 officium
2124 1669 2276 1732 mali
2314 1667 2553 1751 aliquid
2598 1669 2903 1752 patiatur.

597 1775 791 1839 habet
865 1774 1032 1839 enim
1105 1793 1363 1840 causam
1435 1793 1584 1841 cum
1656 1775 1909 1841 homine
1979 1774 2530 1857 pecuniosissimo,
2604 1776 2904 1857 quamuis

596 1881 829 1947 iudicis
883 1881 1216 1966 integritas
1271 1883 1440 1946 fama
1483 1881 1839 1948 clarissima
1892 1881 2308 1964 praedicetur.
2362 1900 2441 1945 ne
2488 1881 2643 1964 quid
2686 1885 2905 1948 tamen

600 1988 768 2072 apud
843 1989 1124 2054 officium
1196 1989 1467 2071 pecunia
1536 1989 1923 2073 praeualeat‚
1995 1993 2143 2072 peto
2219 1988 2625 2054 sanctitatem
2698 1991 2905 2068 tuam,

600 2094 852 2161 domine
899 2093 1316 2159 dilectissime
1365 2097 1429 2159 et
1480 2094 1863 2160 uenerabilis
1908 2095 2120 2174 frater,
2174 2097 2251 2160 ut
2294 2093 2645 2160 honorabili
2688 2094 2907 2160 nobis·
2940 2119 3001 2159 ιε

597 2221 720 2284 que
769 2200 1096 2266 carissimo
1147 2201 1463 2266 consulari
1509 2201 1788 2286 digneris
1842 2201 2087 2266 tradere
2140 2201 2387 2266 litteras
2442 2219 2619 2266 meas
2666 2204 2731 2266 et
2783 2201 2906 2266 has

599 2307 657 2372 ei
702 2307 934 2391 legere,
985 2307 1134 2388 quia
1178 2306 1280 2371 bis
1319 2308 1581 2372 eandem
1629 2326 1889 2373 causam
1933 2308 2254 2372 insinuare
2300 2307 2729 2372 necessarium
2776 2327 2908 2374 non

600 2433 740 2478 esse
796 2414 1140 2479 arbitratus
1196 2433 1370 2480 sum:
1421 2417 1486 2478 et
1531 2415 1669 2480 eius
1717 2433 1944 2480 causae
1992 2413 2240 2478 differat
2292 2413 2699 2493 audientiam,
2750 2434 2913 2497 quo-

597 2520 768 2586 niam
821 2520 1059 2600 nescio,
1123 2523 1339 2586 utrum
1403 2521 1470 2586 in
1526 2541 1601 2586 ea
1652 2539 1885 2586 nocens
1944 2541 2019 2586 an
2074 2521 2373 2586 innocens
2429 2519 2536 2601 sit,
2593 2524 2674 2604 et,
2731 2521 2913 2604 quod

599 2627 766 2693 circa
802 2627 1072 2692 eundem
1115 2628 1292 2713 leges
1329 2647 1452 2694 non
1500 2633 1791 2694 seruatae
1836 2631 2006 2706 sunt,
2052 2631 2129 2692 ut
2174 2628 2269 2693 sic
2302 2630 2628 2709 raperetur
2670 2647 2910 2710 neque,
2956 2654 3017 2694 so

598 2737 673 2800 ut
710 2733 786 2798 ab
834 2735 1213 2818 imperatore
1258 2739 1667 2819 praeceptum
1706 2737 1824 2814 est,
1864 2735 1944 2799 ad
1981 2737 2124 2800 acta
2159 2733 2571 2816 municipalia
2602 2733 2916 2817 perduce-

597 2843 772 2906 retur
825 2841 1331 2926 interrogandu8‚
1396 2844 1613 2907 utrum
1668 2840 2046 2907 beneficium
2103 2841 2424 2906 dilationis
2487 2841 2687 2905 uellet
2740 2841 2915 2907 acci-

597 2966 765 3030 pere,
814 2966 938 3012 non
977 2951 1356 3027 contemnat,
1402 2951 1478 3013 ut
1513 2967 1626 3032 per
1660 2948 1782 3014 hoc
1816 2949 2141 3032 possimus
2178 2967 2325 3012 cum
2364 2948 2502 3012 eius
2542 2946 2917 3015 aduersario

595 3072 727 3119 rem
775 3053 974 3120 finire.

673 3247 698 3298 1
742 3246 870 3315 quo]
910 3245 1001 3315 qui
1048 3245 1104 3300 U
1221 3247 1254 3301 8
1295 3245 1412 3301 dies
1449 3245 1597 3317 ipsos
1645 3246 1696 3299 T
1729 3246 1848 3300 edd.
1982 3245 2047 3300 10
2086 3245 2300 3316 pfectus
2334 3245 2386 3299 T
2520 3245 2584 3299 17
2625 3244 2756 3314 quia
2794 3244 2919 3316 bis]

599 3333 846 3403 quamuis
884 3333 1039 3388 codd.
1070 3335 1189 3389 edd.
1219 3342 1444 3404 praeter
1469 3352 1523 3388 m
1626 3334 1691 3388 18
1732 3335 1868 3404 esse]
1901 3341 1929 3388 e
1964 3333 2017 3387 T
2116 3335 2181 3388 19
2222 3335 2312 3404 an]
2344 3336 2442 3389 aut
2473 3332 2526 3386 T
2620 3333 2693 3388 20
2732 3333 2921 3403 circa]

598 3425 786 3477 contra
829 3421 937 3478 VU
1077 3423 1189 3478 sint
1233 3423 1288 3480 U
1389 3424 1453 3478 21
1499 3426 1584 3478 est
1622 3439 1723 3478 om.
1762 3423 1832 3477 H
1864 3425 1950 3478 est
1984 3425 2049 3477 ut
2095 3421 2207 3478 VU
