3184 4959
189 752 274 816 11

287 1629 337 1668 10

288 2159 339 2200 15

973 435 1504 504 epistularum
1562 433 1781 492 CXVII.
1838 433 2082 490 CXVIII.
2542 435 2669 499 665

1381 631 1668 700 CXVIII.

462 755 558 820 Tu
613 774 716 820 me
769 755 1325 820 innumerabilium
1375 756 1819 838 quaestionum
1873 755 2060 821 turba
2104 756 2359 837 repente
2408 750 2673 816 circum-

373 863 740 928 uallandum
795 862 905 928 uel
956 863 1174 944 potius
1223 861 1618 929 obruendum
1665 861 1929 947 putasti,
1989 861 2178 926 etiam
2230 859 2283 923 si
2340 861 2673 922 uacantem

373 969 780 1052 otiosumque
839 968 1188 1034 credidisti.
1246 969 1494 1052 qnando
1552 969 1720 1033 enim
1771 987 1886 1052 ego
1942 967 2007 1031 in
2055 965 2346 1050 quolibet
2393 965 2522 1031 otio
2578 965 2678 1030 tot

372 1093 581 1139 rerum
636 1073 837 1139 nodos
883 1076 1018 1139 tam
1071 1074 1400 1139 festinanti
1447 1076 1531 1150 et,
1587 1076 1663 1138 ut
1708 1073 1956 1149 scribis,
2012 1073 2140 1137 iam
2184 1089 2382 1155 paene
2426 1069 2674 1154 profici-

373 1181 576 1247 scenti
636 1199 895 1263 possem
961 1181 1352 1246 dissoluere‘?
1417 1199 1679 1247 numero
1746 1179 1912 1245 enim
1976 1198 2187 1244 rerum
2232 1179 2514 1262 ipsarum
2558 1177 2675 1241 im-

371 1287 637 1372 pedirer,
686 1287 878 1351 etiam
925 1287 979 1350 si
1015 1287 1165 1352 nodi
1208 1285 1431 1352 faciles
1471 1286 1551 1350 ad
1598 1285 1973 1352 soluendum
2020 1285 2253 1360 forent3
2302 1285 2479 1348 tanta
2525 1285 2675 1348 sunt

375 1395 589 1458 autem
641 1393 1053 1475 perplexitate
1108 1391 1384 1457 inuoluti
1432 1395 1497 1456 et
1543 1393 1885 1458 tenacitate
1934 1391 2281 1468 constricti,
2338 1394 2431 1466 ut,
2480 1389 2673 1454 etiam

374 1498 430 1564 si
501 1499 688 1581 pauci
752 1503 986 1577 essent,
1053 1499 1514 1565 otiosissimum
1579 1517 1681 1562 me
1748 1500 2129 1582 occupantes
2204 1515 2433 1580 magna
2496 1513 2677 1561 mora

374 1603 678 1686 temporis
727 1604 1067 1688 fatigarent
1109 1605 1524 1670 intentionem
1563 1608 1753 1688 atque
1792 1605 2136 1668 attererent
2179 1621 2428 1687 ungues
2474 1609 2673 1667 nisos·

375 1728 492 1794 ego
547 1713 614 1774 te
669 1713 883 1775 autem
937 1711 1171 1776 uellem
1228 1712 1510 1794 abripere
1569 1711 1647 1775 de
1702 1711 1911 1776 medio
1971 1709 2415 1775 deliciosarum
2468 1709 2675 1791 inqui-

375 1815 680 1882 sitionum
725 1820 981 1882 tuarum
1018 1821 1082 1883 et
1119 1818 1471 1902 constipare
1517 1818 1683 1882 inter
1728 1837 1910 1883 curas
1958 1835 2155 1895 meas,
2204 1819 2278 1880 ut
2320 1814 2428 1881 uel
2474 1813 2675 1880 disce-

375 1941 474 1987 res
510 1942 634 1988 non
673 1943 814 1989 esse
859 1925 1129 1990 inaniter
1165 1925 1454 1991 curiosus
1501 1925 1607 1990 uel
1646 1923 2081 1989 curiositatem
2125 1926 2304 1988 tuam
2345 1921 2676 1986 cibandam

376 2032 564 2111 atque
635 2031 1035 2095 nutriendam
1107 2031 1404 2114 inponere
1477 2051 1601 2096 non
1667 2031 1929 2095 auderes
1996 2031 2109 2108 eie,
2177 2048 2445 2112 quorum
2508 2028 2675 2092 inter

375 2154 556 2201 curas
620 2137 728 2202 uel
781 2139 1052 2202 maxima
1109 2157 1259 2202 cura
1313 2141 1412 2205 est
1474 2137 1814 2221 reprimere
1869 2155 1941 2202 ac
1995 2137 2306 2202 refrenare
2364 2135 2672 2201 curiosos.

317 2324 320 2330 Ι
375 2248 606 2324 quanto
647 2244 812 2308 enim
858 2245 1090 2310 melius
1130 2248 1489 2327 quantoque
1535 2243 1952 2320 fructuosiuS,
2002 2244 2055 2308 si
2102 2243 2167 2307 in
2216 2242 2436 2308 dandis
2484 2241 2563 2305 ad
2609 2245 2673 2305 te

283 2697 336 2737 20

371 2349 523 2414 ullis
587 2351 820 2416 litteris
878 2355 1130 2434 tempus
1197 2355 1387 2434 atque
1443 2370 1633 2433 opera
1693 2351 2079 2434 inpenditur,
2142 2348 2220 2413 ad
2282 2349 2404 2415 hoc
2457 2346 2675 2432 potius

370 2455 754 2538 inpenditur,
801 2461 877 2522 nt
911 2461 1276 2523 resecentur
1313 2477 1510 2522 uanae
1549 2461 1737 2541 atque
1784 2457 2044 2522 fallaces
2084 2455 2465 2538 cupiditates
2501 2458 2673 2530 tuae,

373 2581 534 2644 quae
595 2567 774 2628 tanto
838 2563 1046 2649 magis
1111 2564 1427 2629 cauendae
1492 2568 1662 2646 sunt,
1730 2567 1963 2648 quanto
2029 2561 2281 2626 facilius
2347 2561 2675 2644 decipiunt

372 2669 583 2735 nescio
635 2689 758 2752 qua
811 2671 1036 2735 umbra
1079 2671 1432 2736 honestatis
1481 2674 1546 2735 et
1590 2669 1949 2736 liberalium
2006 2669 2361 2733 studiorum
2418 2667 2672 2732 nomine

371 2777 620 2840 uelatae
676 2779 867 2859 atque
923 2777 1240 2860 palliatae,
1302 2797 1489 2860 quam
1537 2781 1614 2842 ut
1668 2781 1883 2842 nostro
1929 2775 2282 2841 ministerio
2332 2777 2543 2858 atque,
2599 2777 2675 2839 ut

371 2881 460 2946 ita
517 2882 798 2961 dixerim,
866 2883 1170 2948 satellitio
1233 2884 1298 2948 in
1357 2883 1771 2960 dominatum,
1831 2901 1955 2966 quo
2014 2887 2143 2948 tam
2207 2883 2435 2946 bonam
2492 2885 2671 2945 tuam

373 2992 648 3053 mentem
694 2994 1002 3071 premant,
1049 2990 1496 3056 uehementius
1544 2991 1921 3056 excitentur!

550 3163 707 3217 Idem
744 3163 967 3226 codices,
1007 3163 1104 3232 qui
1139 3163 1202 3217 in
1238 3180 1318 3232 ep.
1364 3163 1613 3218 CXVII.

443 3268 646 3339 Incipit
681 3269 918 3340 epistula
952 3271 1127 3325 sancti
1166 3271 1410 3341 agustini
1448 3270 1518 3324 ad
1555 3271 1859 3325 dioscorum
1894 3271 1971 3325 M
2012 3273 2247 3343 epistula
2290 3272 2465 3326 sancti
2504 3285 2675 3340 augu-

375 3358 506 3411 stini
545 3357 612 3411 ad
651 3357 954 3412 dioscorum
993 3361 1042 3412 A
1090 3360 1286 3428 incipit
1331 3359 1568 3429 epistula
1604 3359 1779 3414 sancti
1818 3361 2097 3429 augustini
2134 3361 2202 3414 ad
2242 3359 2485 3415 dioscoro
2523 3363 2611 3424 (m.
2636 3363 2675 3413 2

374 3446 700 3512 dioscorum)
729 3446 785 3500 P
815 3447 1137 3516 rescriptum
1175 3449 1452 3517 augustini
1483 3447 1552 3501 ad
1581 3448 1880 3502 dioscorum
1910 3449 1966 3504 R
1996 3449 2314 3518 augustinus
2344 3448 2413 3502 ad
2444 3447 2673 3502 eundem

371 3534 533 3602 P¹V;
565 3536 855 3604 inscriptio
895 3535 1040 3590 deest
1073 3538 1138 3590 in
1175 3537 1333 3591 codd.
1371 3543 1424 3590 et
1460 3537 1582 3591 edd.
1693 3538 1728 3590 3
1768 3537 2153 3591 obstruendum
2190 3536 2328 3591 P¹V
2419 3539 2455 3590 4
2490 3535 2672 3590 reddi-

374 3623 506 3678 disti
541 3623 598 3678 R
707 3641 808 3694 ego
847 3625 950 3679 del.
987 3643 1056 3680 m.
1078 3629 1109 3678 1
1143 3625 1219 3679 M
1321 3627 1376 3680 in
1416 3625 1797 3696 quolibet—et
1832 3629 1895 3680 ut
1932 3643 2033 3682 om.
2064 3625 2189 3680 MA
2297 3629 2329 3680 5
2361 3624 2587 3680 scribam
2619 3625 2675 3678 A

373 3711 407 3765 6
441 3713 644 3780 possim
681 3715 737 3768 A
917 3715 948 3767 7
983 3713 1134 3784 nodi]
1175 3714 1422 3768 noditate
1459 3715 1531 3768 M
1564 3715 1815 3768 nuditate
1853 3716 1909 3769 A
2050 3714 2673 3784 faciles-perplexitate

373 3816 477 3855 om.
515 3801 639 3854 MA
739 3803 770 3855 9
808 3803 1066 3872 temporis
1101 3819 1252 3858 mora
1285 3803 1343 3859 R
1455 3804 1519 3859 10
1556 3803 1863 3858 intentione
1904 3805 2003 3870 (ιν
2040 3821 2110 3860 m.
2146 3809 2211 3858 ut
2244 3803 2361 3858 uid.
2403 3805 2465 3870 2)
2499 3803 2556 3856 P
2590 3803 2673 3854 in·-

372 3890 620 3945 tentione
657 3891 838 3946 MAR
1053 3894 1380 3946 atterrerent
1425 3891 1480 3946 V
1689 3909 1877 3962 unges,
1926 3909 2063 3947 corr.
2106 3890 2319 3960 (m.1?)
2358 3907 2567 3960 ungues
2606 3889 2675 3943 M

379 3979 441 4032 11
483 3982 664 4033 autem
703 3982 760 4032 te
797 3980 992 4034 uellem
1019 3980 1075 4035 R
1087 3981 1140 4034 V
1172 3985 1352 4035 autem
1391 3981 1588 4035 uellem
1628 3985 1751 4048 (om.
1788 3982 1869 4052 te)
1895 3982 1967 4036 Ρ1
2010 3983 2191 4035 autem
2228 3981 2425 4034 uellem
2464 3987 2521 4034 te
2551 3981 2672 4034 edd.

377 4067 444 4120 12
483 4067 786 4136 constipare
827 4069 868 4136 (i
907 4085 973 4122 ex
1007 4071 1145 4136 ras.)
1185 4069 1257 4121 M
1473 4070 1538 4123 14
1585 4071 1637 4123 ei
1677 4070 1871 4135 (m.1.9
1906 4085 2046 4125 corr.
2087 4069 2185 4136 eis)
2220 4085 2478 4138 :qnorum
2512 4069 2590 4122 M
2624 4069 2673 4123 ei

375 4173 634 4227 equorum
672 4157 728 4210 A
909 4159 973 4211 15
1014 4173 1077 4212 ac
1113 4159 1176 4212 in
1203 4158 1324 4228 fine
1357 4175 1412 4214 u.
1451 4174 1554 4212 om.
1593 4159 1649 4212 A
1687 4162 1783 4212 aut
1818 4158 1895 4212 M
2032 4175 2087 4212 re
2124 4158 2393 4213 refrenare
2433 4158 2673 4212 curiosus

374 4247 534 4318 (corr.
573 4246 834 4308 curiosos)
872 4245 946 4299 M
1054 4248 1120 4302 16
1157 4247 1474 4301 {luctuosius
1507 4247 1566 4302 R
1688 4251 1760 4312 at,
1800 4265 1867 4302 m.
1890 4251 1929 4302 2
1967 4247 2037 4302 ad
2073 4247 2128 4302 P
2232 4247 2301 4302 20
2338 4248 2671 4312 honestates,

376 4351 511 4388 corr.
551 4334 856 4388 honestatis
893 4334 967 4388 M
1106 4337 1338 4398 nomina,
1378 4352 1514 4392 corr.
1552 4337 1803 4390 nominee
1838 4336 1915 4391 M
