3184 4959
466 395 602 458 424
1202 395 1254 446 S.
1313 391 1586 448 Aureli
1647 393 2080 463 Augustini

473 591 563 655 sit
624 609 883 654 necesse
950 593 1049 654 est
1112 589 1402 666 molesta,
1470 588 1622 671 quia
1683 588 1926 653 neutris
1993 591 2091 653 est
2151 589 2430 654 inimica.
2496 607 2642 653 nam
2709 591 2774 653 et

472 696 823 780 phrenetici
894 697 1123 761 nolunt
1194 696 1379 780 ligari
1452 699 1517 760 et
1587 695 1922 780 lethargici
1997 695 2222 761 nolunt
2293 695 2582 772 excitari;
2659 695 2772 761 sed

473 807 842 886 perseuerat
906 804 1237 888 diligentia
1299 803 1583 868 caritatis
1648 803 2088 885 phreneticum
2153 803 2489 887 castigare,
2544 804 2773 866 lethar-

474 910 689 994 gicum
747 910 1097 988 stimulare,
1156 910 1375 975 ambos
1425 929 1654 974 amare.
1721 909 1905 976 ambo
1955 909 2379 986 offenduntur,
2429 909 2542 975 sed
2587 909 2771 974 ambo

474 1016 852 1100 diliguntur;
902 1017 1088 1083 ambo
1132 1017 1479 1095 molestati,
1518 1035 1709 1099 quam
1747 1015 1857 1081 diu
1899 1017 2072 1100 aegri
2119 1020 2288 1090 sunt,
2337 1016 2762 1100 indignantur,
2835 1037 2864 1076 5

477 1123 591 1188 sed
637 1123 823 1187 ambo
872 1123 1077 1189 sanati
1123 1125 1545 1207 gratulantur.

390 1227 427 1290 7
566 1229 855 1312 Denique
902 1249 1047 1307 non,
1098 1230 1269 1294 sicut
1311 1233 1543 1314 putant
1588 1232 1652 1294 et
1699 1231 1869 1294 sicut
1914 1230 2171 1305 iactant,
2219 1229 2380 1294 tales
2431 1249 2538 1295 eos
2578 1229 2778 1294 susci-

475 1335 712 1420 pimuS‚
771 1336 991 1418 quales
1039 1335 1315 1413 fuerunt,
1364 1335 1477 1400 sed
1525 1335 1779 1401 omnino
1827 1339 2131 1414 mutatos,
2181 1336 2329 1419 quia
2376 1354 2518 1402 esse
2566 1335 2779 1401 catho-

474 1443 586 1508 lici
632 1461 756 1508 non
804 1443 1136 1526 incipiunt,
1184 1443 1307 1507 nisi
1354 1442 1658 1508 haeretici
1703 1461 1846 1508 esse
1901 1443 2282 1508 destiterint.
2347 1461 2550 1526 neque
2611 1443 2778 1507 enim

479 1552 874 1614 sacramenta
946 1569 1163 1615 eorum
1240 1549 1422 1613 nobis
1496 1548 1756 1615 inimica
1831 1553 2001 1627 sunt,
2078 1569 2238 1632 quae
2305 1549 2363 1613 in
2429 1549 2562 1613 illis
2629 1551 2777 1613 sunt
2817 1568 2875 1606 ιο

477 1657 661 1722 nobis
709 1657 1090 1732 communia,
1141 1656 1291 1741 quia
1336 1675 1456 1721 non
1504 1657 1782 1722 humana
1828 1660 1981 1722 sunt
2027 1657 2139 1720 sed
2187 1655 2423 1722 diuina.
2489 1656 2779 1739 proprius

481 1782 701 1829 eorum
748 1782 917 1828 error
961 1763 1339 1828 auferendus
1388 1767 1506 1840 est,
1556 1783 1742 1846 quem
1791 1763 1957 1828 male
1994 1763 2377 1841 inbiberunt,
2415 1781 2538 1828 non
2579 1780 2778 1827 sacra-

478 1874 713 1949 menta,
787 1888 949 1952 quae
1024 1871 1319 1936 similiter
1390 1874 1786 1952 acceperunt,
1865 1887 2025 1952 quae
2101 1869 2180 1934 ad
2251 1888 2517 1952 poenam
2599 1887 2780 1933 suam

480 1981 738 2061 portant
782 1985 847 2042 et
892 1978 1148 2056 habent,
1196 1981 1430 2059 quanto
1470 1977 1795 2061 indignius
1835 1978 2088 2054 habent,
2131 1976 2243 2041 sed
2280 1979 2490 2041 tamen
2529 1975 2781 2039 babent.

484 2105 691 2151 errore
763 2085 981 2167 itaque
1056 2085 1378 2161 derelicto,
1456 2083 1874 2168 separationis
1949 2083 2264 2166 prauitate
2343 2085 2623 2147 correcta
2705 2082 2781 2145 ab
2825 2104 2880 2142 ιε»

483 2192 733 2257 haeresi
798 2191 875 2256 ad
942 2191 1250 2256 ecclesiae
1314 2209 1537 2273 pacem
1601 2192 1951 2267 transeunt,
2021 2209 2208 2272 quam
2266 2208 2388 2253 non
2446 2189 2783 2268 habebant,

485 2300 621 2364 sine
670 2319 795 2381 qua
837 2299 967 2364 illis
1012 2298 1441 2381 perniciosum
1488 2298 1717 2374 fuerat,
1767 2296 1935 2379 quod
1983 2296 2320 2362 habebant.
2371 2296 2485 2360 sed
2522 2295 2599 2373 si,
2640 2313 2786 2359 cum

483 2409 832 2480 transeunt,
886 2405 1020 2470 ficti
1076 2409 1243 2483 sunt,
1302 2424 1423 2469 non
1484 2407 1583 2468 est
1637 2405 1762 2468 iam
1809 2405 1930 2470 hoc
1976 2405 2264 2468 nostrum
2315 2401 2428 2467 sed
2475 2401 2578 2466 dei
2623 2401 2786 2466 iudi-

487 2515 685 2590 cium;
755 2516 820 2578 et
873 2515 1081 2576 tamen
1132 2510 1391 2593 quidam
1440 2531 1585 2576 cum
1632 2510 1766 2575 ficti
1813 2513 2207 2592 putarentur,
2256 2509 2556 2592 quoniam
2600 2507 2787 2573 iussi-

488 2622 625 2686 onis
692 2619 771 2684 ad
832 2639 949 2684 nos
1004 2621 1241 2683 terrore
1295 2619 1703 2696 transierunt,
1759 2618 1923 2681 tales
1977 2617 2297 2699 posterius
2344 2617 2408 2678 in
2456 2613 2781 2680 nonnullis
2818 2641 2878 2678 ρο

485 2726 1012 2810 temptationibus
1058 2725 1303 2790 inuenti
1348 2729 1518 2801 sunt,
1558 2727 1633 2788 ut
1670 2722 2050 2806 quibusdam
2089 2723 2415 2787 ueteribus
2455 2721 2788 2787 catholicis

486 2834 962 2918 praeferrentur.
1038 2852 1158 2897 non
1226 2850 1373 2916 ergo
1438 2831 1600 2895 nihil
1664 2831 1896 2915 agitur,
1963 2849 2108 2894 cum
2171 2829 2485 2894 instanter
2547 2829 2784 2913 agitur:

486 2959 691 3022 neque
756 2940 922 3003 enim
979 2940 1133 3004 solis
1190 2939 1485 3003 humanis
1538 2937 1888 3003 terroribus
1943 2955 2162 3002 murus
2213 2935 2404 3000 durae
2452 2937 2788 3000 consuetu·

485 3047 650 3111 dinis
699 3048 1109 3130 expugnatur,
1158 3045 1270 3110 sed
1320 3045 1511 3110 etiam
1560 3045 1794 3109 diuinis
1845 3043 2332 3108 auctoritatibus
2373 3044 2564 3124 atque
2602 3043 2788 3107 ratio-

485 3153 675 3219 nibus
722 3151 879 3218 fides
928 3155 994 3217 et
1038 3153 1477 3236 intellegentia
1522 3152 1756 3216 mentis
1804 3151 2160 3216 instruitur.
2827 3173 2886 3214 ετ»

402 3264 438 3327 8
580 3257 755 3338 Quae
803 3279 949 3324 cum
995 3259 1089 3323 ita
1134 3259 1280 3338 sint,
1329 3260 1579 3323 nouerit
1624 3258 1982 3342 benignitas
2029 3260 2144 3322 tua
2189 3257 2477 3322 homines
2515 3257 2790 3328 uestros,

488 3367 597 3449 qui
665 3367 727 3428 in
794 3366 1052 3450 regione
1108 3365 1526 3449 Hipponiensi
1585 3368 1756 3440 sunt,
1817 3365 2020 3429 adhuc
2072 3385 2209 3430 esse
2255 3363 2627 3428 Donatistas
2674 3381 2788 3426 nec

559 3593 592 3643 2
636 3591 767 3656 noli,
816 3607 951 3645 corr.
1000 3609 1066 3644 m.
1090 3597 1119 3643 1
1164 3591 1361 3645 nolunt
1395 3591 1471 3643 M
1682 3589 1861 3660 ligori,
1910 3605 2047 3645 corr.
2093 3607 2161 3645 m.
2211 3596 2274 3643 ut
2319 3589 2433 3642 uid.
2475 3593 2505 3641 1
2539 3587 2703 3658 ligari
2736 3587 2799 3642 F

489 3682 521 3733 3
558 3684 820 3750 peremat,
859 3697 997 3735 corr.
1028 3698 1095 3734 m.
1117 3685 1148 3733 1
1182 3681 1497 3750 perseuerat
1518 3679 1596 3732 M
1701 3673 1947 3732 caritatis
1979 3677 2268 3748 diligentia
2296 3681 2526 3747 punctis
2551 3694 2692 3732 corr.
2721 3677 2797 3730 M

490 3773 522 3823 5
560 3769 711 3838 aegri
750 3786 850 3824 om.
890 3772 944 3824 Δ.
1052 3771 1084 3823 7
1125 3785 1217 3822 eos
1258 3785 1357 3822 om.
1397 3767 1453 3822 R
1599 3767 1934 3836 suscepimus
1971 3767 2082 3820 ΓΑ
2107 3784 2190 3820 ae
2302 3767 2368 3822 10
2405 3767 2484 3838 in]
2523 3784 2641 3820 cum
2671 3767 2791 3821 edd.

480 3863 767 3926 praetera
872 3859 1029 3913 nobis
1068 3861 1197 3912 sunt
1233 3858 1353 3912 edd.
1470 3858 1531 3911 11
1573 3857 1749 3920 nobis,
1787 3861 1917 3914 ηιξ.)
1955 3861 2012 3911 et
2048 3856 2205 3910 nobis
2235 3857 2308 3909 M
2415 3857 2480 3910 14
2519 3855 2792 3926 indignum

490 3963 627 4001 corr.
665 3952 786 4001 m.1
821 3947 1099 4018 indignius
1137 3947 1199 4001 F
1296 3949 1361 4002 15
1400 3947 1467 4000 ab
1504 3947 1743 4018 haeresi]
1783 3946 1984 4001 habere
2022 3947 2070 3999 si
2105 3945 2224 3999 MA
2333 3948 2397 4000 16
2435 3945 2638 3999 habent
2665 3960 2796 3998 sene

490 4038 651 4106 (corr.
690 4042 812 4090 m.1
851 4038 987 4104 sine)
1028 4035 1090 4090 F
1195 4037 1261 4090 17
1300 4037 1347 4090 si
1386 4055 1487 4089 om.
1519 4035 1697 4090 MFA
1811 4038 1877 4090 18
1914 4036 2100 4090 llllficti
2140 4037 2194 4101 (fi
2235 4052 2373 4089 erae.
2397 4034 2448 4100 ,9)
2479 4035 2556 4089 Μ
2692 4033 2794 4087 hoc

488 4126 597 4178 iam
635 4126 691 4178 P
724 4126 845 4179 edd.
984 4127 1047 4180 19
1086 4126 1350 4179 iussiones
1388 4126 1442 4178 A
1576 4127 1641 4179 21
1685 4125 1964 4179 ueteribus
2003 4141 2103 4179 om.
2142 4126 2198 4179 R
2333 4125 2401 4178 22
2439 4123 2794 4194 prefer-entur,

492 4231 629 4267 corr.
658 4232 725 4267 m.
750 4217 779 4266 1
814 4213 1181 4284 preferrentur
1204 4213 1266 4268 F
1296 4213 1652 4283 proferentur,
1693 4230 1831 4269 corr.
1861 4231 1930 4268 m.
1951 4217 1980 4266 1
2005 4213 2382 4284 praeferentur
2407 4213 2484 4266 M
2550 4213 2620 4266 23
2647 4211 2794 4266 dare.

493 4319 627 4358 corr.
668 4320 735 4356 m.
757 4307 788 4356 1
824 4303 953 4356 dure
983 4302 1043 4357 F
1136 4304 1203 4356 27
1242 4303 1566 4373 hipponensi
1597 4303 1652 4356 A
1689 4302 1809 4358 edd.
1849 4303 2223 4373 hipponiensis
2261 4302 2460 4372 (postr.
2491 4301 2526 4356 1.
2557 4307 2698 4370 exp.)
2727 4299 2802 4354 M
