3184 4959
482 399 611 462 558
1194 391 1248 449 S.
1305 391 1581 448 Aureli
1635 389 2070 464 Augustini

480 589 917 672 ueraciterque
990 589 1405 671 promittitur,
1479 589 1642 654 nulli
1703 608 2009 673 umquam
2073 587 2298 668 defuit,
2372 588 2482 671 qui
2545 587 2778 672 dignus

481 696 625 773 fuit,
666 697 747 776 et,
788 696 892 760 cui
922 695 1143 775 defuit,
1183 695 1413 780 dignus
1450 715 1574 763 non
1613 696 1756 761 fuit.
1806 700 1872 760 et
1909 695 1984 760 ab
2017 695 2265 760 exordio
2303 693 2779 780 propagationis

480 805 793 869 humanae
848 823 1051 887 usque
1106 803 1169 868 in
1216 803 1403 868 finem
1451 803 1834 885 quibusdam
1878 804 1960 868 ad
2005 803 2355 886 praemium
2401 801 2781 886 quibusdam

484 911 564 976 ad
617 910 929 976 iudicium
984 909 1403 995 praedicatur.
1469 929 1543 975 ac
1597 929 1707 992 per
1759 909 1882 976 hoc
1937 913 2021 988 et,
2077 909 2311 992 quibus
2369 908 2620 976 omnino
2675 906 2782 972 ad-

483 1017 777 1083 nuntiata
821 1036 944 1082 non
992 1019 1112 1096 est,
1166 1035 1292 1082 non
1340 1016 1642 1082 credituri
1686 1016 2204 1099 praesciebantur
2247 1019 2331 1097 et,
2381 1016 2614 1099 quibus
2659 1033 2782 1079 non
2845 1032 2874 1072 ⁵

487 1124 820 1190 credituris
877 1127 1088 1188 tamen
1148 1122 1517 1188 adnuntiata
1572 1125 1694 1204 est,
1760 1123 1822 1188 in
1877 1123 2134 1188 illorum
2191 1122 2473 1206 exemplo
2531 1122 2784 1188 demon-

488 1233 799 1309 strantur3
822 1231 1055 1313 quibus
1086 1233 1299 1295 autem
1332 1229 1665 1295 credituris
1695 1229 2127 1310 adnuntiatur,
2147 1229 2215 1294 111
2242 1248 2433 1314 regno
2469 1228 2786 1294 caelorum

488 1339 557 1402 et
600 1340 966 1402 sanctorum
1013 1335 1383 1420 angelorum
1429 1336 1724 1401 societati
1767 1339 2237 1420 praeparantur.

924 1525 1027 1582 111.
1066 1525 1161 1581 DE
1201 1525 1768 1583 SACRIFICIORUM
1803 1525 2346 1583 DISTINCTIONE.

386 1659 469 1724 16
577 1654 713 1718 lam
759 1653 1093 1717 uideamus
1142 1671 1302 1732 eam,
1353 1671 1513 1734 quae
1560 1652 1874 1736 sequitur,
1921 1653 2378 1736 quaestionem.
2423 1653 2788 1718 ‘accusant'.
2827 1673 2882 1713 ιο

488 1760 719 1843 inquit,
760 1759 941 1824 ‘ritus
980 1779 1327 1837 sacromm,
1355 1759 1624 1836 hostiaS,
1663 1763 1808 1826 tura
1845 1764 1908 1826 et
1948 1763 2174 1840 cetera,
2206 1780 2366 1842 quae
2402 1762 2790 1845 templorum

492 1866 706 1932 cultus
755 1865 1053 1944 exercuit,
1102 1884 1247 1930 cum
1292 1864 1461 1930 idem
1510 1865 1725 1931 cultus
1773 1865 1848 1930 ab
1897 1865 2078 1948 111616,
2127 1866 2357 1950 inquit,
2414 1867 2520 1932 uel
2567 1887 2604 1931 a
2650 1866 2788 1944 deo,

492 1991 683 2056 quem
736 1972 975 2052 colunt,
1041 1991 1299 2038 exorsus
1357 1976 1455 2038 est
1510 1973 1904 2056 temporibus
1960 1973 2211 2057 priscis,
2269 1991 2416 2038 cum
2469 1973 2794 2038 inducitur

494 2079 650 2144 deus
696 2077 997 2161 primitiis
1046 2079 1343 2164 eguisse.'

391 2192 470 2257 17
580 2184 750 2250 Huic
805 2185 1241 2267 respondetur,
1300 2185 1598 2268 quoniam
1645 2205 1718 2250 ex
1769 2185 1884 2250 illo
1933 2185 2386 2269 scripturarum
2433 2189 2796 2251 nostrarum
2835 2207 2891 2248 15

492 2292 635 2357 loco
683 2291 838 2356 baec
876 2291 1163 2374 quaestio
1210 2292 1537 2376 proposita
1574 2293 1961 2377 agnoscitur,
2001 2293 2112 2358 ubi
2151 2294 2462 2376 scriptum
2501 2297 2604 2358 est
2639 2293 2794 2360 Cain

497 2417 569 2463 ex
614 2398 931 2464 fructibus
979 2402 1183 2464 terrae
1228 2399 1392 2464 Abel
1438 2402 1656 2464 autem
1704 2419 1775 2464 ex
1819 2400 2167 2484 primitiuis
2216 2401 2436 2466 ouium
2485 2400 2796 2466 obtulisse

495 2525 727 2572 munus
799 2505 939 2582 deo,
1005 2506 1151 2571 hinc
1215 2506 1433 2588 potius
1499 2525 1641 2572 esse
1705 2507 2225 2591 intellegendum,
2292 2527 2482 2589 quam
2547 2509 2635 2573 sit
2693 2527 2798 2573 res

498 2612 759 2695 antiqua
830 2611 1237 2690 sacrificium,
1316 2613 1485 2696 quod
1557 2632 1680 2678 non
1753 2613 1876 2678 nisi
1959 2613 2068 2679 uni
2152 2633 2306 2679 uero
2390 2615 2507 2679 deo
2591 2613 2798 2679 offerri

499 2723 785 2802 oportere
852 2739 1109 2786 ueraces
1177 2723 1242 2785 et
1306 2739 1518 2786 sacrae
1590 2721 1842 2786 litterae
1908 2725 2186 2800 monent,
2261 2740 2385 2786 non
2452 2721 2622 2805 quod
2683 2721 2798 2787 illo
2843 2747 2900 2787 ιο

683 2926 749 2980 15
789 2925 925 2982 Gen.
962 2930 1015 2996 4,
1053 2929 1195 2983 3—-4
1336 2929 1400 2983 19
1438 2929 1604 2982 Dent.
1643 2931 1694 2994 6,
1737 2929 1827 2994 13;
1867 2929 2065 2984 Matth.
2102 2932 2154 2995 4,
2196 2931 2264 2985 10

574 3051 601 3104 1
645 3067 749 3119 que
784 3051 1127 3121 promit-titur
1161 3067 1265 3106 om.
1302 3051 1371 3106 H
1483 3053 1517 3106 6
1557 3052 1934 3107 crediturisam
1973 3057 2021 3120 (s
2060 3053 2318 3124 dilapsa,·
2342 3061 2520 3124 postr.
2560 3055 2594 3109 1.
2633 3071 2800 3110 erasa

498 3154 524 3191 s
559 3140 732 3206 fuisse
766 3139 909 3210 uid.)
944 3141 1019 3195 M
1051 3140 1287 3195 creditur
1330 3140 1416 3196 his
1452 3141 1630 3196 HAG
1877 3144 2174 3213 exemplum
2211 3143 2340 3197 Em
2576 3143 2800 3198 demon·

498 3231 705 3281 stratur
739 3229 793 3281 A
830 3232 1202 3284 monstrantur
1236 3232 1298 3285 E
1448 3232 1479 3285 7
1517 3232 1873 3287 crediturismwn
1915 3237 1962 3299 (s
1999 3233 2254 3302 dilapsa5
2291 3249 2406 3290 ras.
2443 3236 2596 3287 2-3
2634 3233 2696 3302 1.)
2729 3233 2806 3286 M

500 3314 738 3370 creditur
771 3317 858 3370 his
894 3317 1070 3372 HAP
1116 3319 1175 3385 (11
1212 3319 1377 3392 eras)
1421 3321 1473 3375 G
1692 3321 2064 3386 adnuntiatur,
2101 3339 2170 3376 m.
2194 3327 2234 3376 2
2279 3322 2706 3377 adnuntiabatur
2746 3322 2800 3376 G

567 3403 645 3472 hi]
676 3404 733 3459 in
754 3407 866 3461 AG
974 3407 1007 3462 8
1037 3411 1093 3462 et
1120 3412 1446 3475 sanctorum,
1474 3427 1543 3464 m.
1567 3414 1606 3464 2
1634 3417 1942 3464 sanctorum
1970 3416 2027 3466 et
2059 3411 2111 3467 G
2139 3415 2446 3466 sanctorum
2479 3415 2603 3478 (om.
2636 3415 2712 3476 et)
2744 3413 2801 3464 A

499 3495 531 3548 9
551 3494 639 3548 ΙΠ
656 3512 758 3550 om.
778 3495 1003 3550 ACGE
1107 3496 1174 3550 de
1213 3498 1596 3552 sacrificiorum
1625 3498 1978 3555 distinctione
1999 3517 2102 3555 om.
2129 3499 2181 3555 G
2207 3500 2471 3554 insertum
2499 3505 2578 3554 est
2599 3499 2802 3568 primis·

496 3584 677 3652 ip⁸ius
710 3585 1051 3654 quaestionis
1084 3585 1267 3640 uerbis
1304 3587 1435 3654 (iam
1472 3587 1756 3642 uideamus
1795 3605 1932 3660 quae
1970 3589 2217 3660 sequitur
2245 3589 2312 3644 de
2337 3593 2798 3644 sacramentorum

500 3673 853 3728 distinctione
902 3675 1295 3743 quaestionem)
1343 3676 1405 3730 E
1634 3677 1722 3747 de]
1773 3679 1906 3733 item
1955 3678 2020 3734 de
2071 3680 2120 3735 0
2349 3678 2692 3734 distinctioni
2739 3677 2806 3732 H

505 3761 572 3815 10
610 3778 727 3815 eam
766 3779 869 3818 om.
905 3763 968 3816 Ε
1102 3764 1167 3818 12
1206 3765 1385 3835 inquit
1422 3781 1525 3820 om.
1562 3765 1625 3820 Ε
1749 3767 1815 3821 13
1855 3784 1974 3821 611111
2013 3769 2117 3824 del.
2155 3787 2224 3824 m.
2247 3771 2286 3824 2
2320 3768 2376 3822 P
2509 3773 2638 3837 post
2677 3783 2798 3824 cnm

499 3867 569 3904 m.
594 3854 631 3904 3
668 3851 800 3904 add.
837 3852 966 3905 hinc
1008 3852 1055 3906 G
1198 3855 1266 3907 14
1303 3853 1463 3908 deum
1500 3855 1562 3908 Ε
1703 3857 1973 3926 primitiis,
2011 3875 2080 3912 m.
2103 3861 2144 3912 2
2179 3857 2433 3927 primitiis
2471 3855 2557 3911 his
2602 3857 2654 3912 G
2687 3857 2800 3926 pri-

499 3940 665 3994 mitus
716 3939 855 3994 HM
896 3943 1027 4012 (ras.
1076 3942 1355 4012 primitiis)
1408 3944 1521 3998 AP
1701 3946 1768 3999 15
1819 3954 1944 4016 quo,
1990 3949 2122 4000 m.2
2168 3946 2298 4000 add.
2349 3954 2414 4002 cn
2465 3945 2518 4001 G
2565 3945 2712 4016 quod
2745 3945 2808 4000 Ε

574 4028 841 4098 scriptura
874 4031 1061 4084 nostra
1096 4029 1151 4083 A
1242 4031 1306 4084 16
1348 4030 1505 4101 Cain]
1548 4049 1666 4086 eam
1704 4034 1759 4087 A
1861 4036 1925 4089 17
1963 4035 2225 4104 primiciis
2263 4036 2323 4089 Ε
2428 4035 2721 4090 obtulisse·
2753 4039 2800 4100 (t

502 4116 665 4182 era-3.)
709 4117 764 4170 P
812 4117 1104 4172 obtulisset
1153 4119 1402 4176 HMAG
1452 4121 1652 4190 (postr.
1705 4122 1740 4176 Ζ.
1793 4125 1924 4180 m.2
1975 4125 2102 4191 del.)
2302 4125 2366 4179 18
2419 4141 2536 4178 6666
2589 4141 2692 4180 om.
2743 4123 2806 4178 Ε

574 4205 800 4274 antiqua
833 4223 921 4260 res
956 4207 1031 4260 sit
1066 4207 1128 4261 E
1235 4210 1299 4264 19
1336 4227 1443 4263 non
1482 4209 1585 4264 nisi
1625 4227 1725 4265 om.
1765 4211 1826 4265 Ε
1965 4212 2067 4266 (166
2106 4229 2233 4267 uero
2271 4213 2333 4267 E
2361 4212 2484 4268 edd.
2593 4213 2664 4268 20
2701 4211 2799 4268 ad—

502 4297 727 4347 monent
762 4295 823 4348 Ε
