3184 4959
557 407 687 470 534
1298 405 1352 461 S.
1406 405 1680 460 Aureli
1736 405 2171 477 Augustini

555 615 669 660 nec
736 597 1015 680 epistula
1077 601 1189 662 tua
1252 599 1593 683 quicquam
1657 599 1842 666 nobis
1909 601 1987 666 de
2061 603 2258 667 tantis
2334 603 2862 672 tribulationibus

555 705 789 768 uestris
863 705 1301 784 insinuauerit,
1388 725 1547 789 quae
1619 706 1844 790 utique
1927 727 2042 790 per
2113 709 2363 775 uiscera
2435 711 2716 776 caritatis
2797 716 2865 784 et

552 814 809 876 nostrae
865 814 1035 890 sunt,
1102 813 1225 877 nisi
1291 812 1453 878 forte
1517 814 1880 879 faciendum
1947 835 2070 881 non
2134 819 2401 899 putasti,
2469 819 2640 901 quod
2695 821 2860 884 nihil

552 918 854 1000 prodesse
921 919 1159 984 duxisti
1242 923 1353 985 aut
1414 939 1529 986 nos
1597 922 1728 986 tuis
1793 922 2027 987 litteris
2093 923 2500 990 maestificari
2564 927 2858 994 noluisti.

552 1025 811 1107 prodest
858 1026 1117 1109 aliquid,
1168 1029 1477 1109 quantum
1537 1047 1654 1114 ego
1703 1029 1989 1107 arbitror,
2047 1031 2239 1095 etiam
2284 1032 2410 1096 ista
2458 1051 2858 1116 cognoscere,
2928 1055 2956 1097 5

554 1131 755 1213 primo
796 1133 947 1214 quia
982 1133 1297 1198 iniustum
1335 1138 1435 1200 est
1482 1135 1837 1220 gaudere
1877 1137 2043 1201 uelle
2085 1157 2252 1202 cum
2296 1139 2856 1220 gaudentibus

554 1242 621 1302 et
667 1237 872 1303 flere
912 1259 1034 1304 non
1071 1241 1241 1305 uelle
1280 1261 1451 1306 cum
1491 1241 1924 1320 flentibus,
1965 1244 2188 1308 deinde
2219 1245 2370 1326 quia
2406 1245 2857 1311 tribulatio

552 1346 1043 1426 patientiam
1112 1351 1516 1431 operatur,
1575 1350 1988 1432 patientia
2052 1351 2639 1434 probationem,
2689 1374 2858 1436 pro-

558 1451 781 1518 batio
844 1473 1082 1536 spem,
1142 1474 1327 1538 spes
1385 1459 1651 1521 autem
1707 1478 1853 1523 non
1904 1458 2360 1537 confundit,
2421 1461 2612 1540 quia
2659 1462 2854 1525 cari-

556 1561 679 1623 tas
731 1559 857 1624 dei
916 1561 1235 1626 diffusa
1294 1565 1419 1627 est
1474 1563 1549 1627 in
1611 1564 1998 1629 cordibus
2056 1565 2371 1630 nostris
2427 1585 2567 1648 per
2623 1565 2856 1649 spiri-
2903 1591 2952 1627 ιο

555 1671 721 1731 tum
770 1673 1160 1745 sanctum,
1210 1669 1345 1751 qui
1392 1669 1634 1734 datus
1685 1674 1810 1735 est
1855 1671 2108 1735 nobiS.

641 1773 832 1838 Absit
884 1775 1121 1858 itaque,
1188 1779 1263 1840 ut
1325 1796 1693 1842 recusemus
1753 1778 1990 1856 audire,
2058 1778 2250 1843 etiam
2311 1797 2470 1860 quae
2527 1798 2738 1844 amara
2793 1783 2860 1844 et

554 1882 764 1948 tristia
820 1886 970 1948 sunt
1026 1901 1174 1966 erga
1229 1884 1601 1949 carissimos
1658 1888 1929 1950 nostros.
1997 1885 2212 1950 nescio
2263 1905 2388 1968 quo
2445 1885 2612 1950 enim
2667 1887 2854 1951 modo

552 1989 766 2054 minus
833 1989 925 2065 fit,
993 1989 1165 2072 quod
1226 1990 1547 2072 patitur
1609 2011 1848 2055 unum
1913 1991 2369 2070 membrum,
2437 1993 2492 2057 si
2549 2013 2854 2076 compa-

553 2097 877 2162 tiuntur
953 2097 1114 2161 alia
1184 2097 1554 2162 membra.
1629 2117 1743 2162 nec
1807 2098 1951 2180 ipsa
2015 2098 2167 2162 mali
2229 2098 2536 2165 releuatio
2604 2099 2680 2163 fit
2743 2118 2856 2182 per
2893 2121 2947 2161 ιτ,

554 2204 1063 2268 communionem
1110 2203 1309 2268 cladis
1368 2204 1483 2269 sed
1537 2223 1652 2286 per
1699 2203 2000 2270 solatium
2049 2205 2354 2282 caritatis,
2410 2209 2502 2283 ut,
2561 2206 2855 2288 quamuis

554 2310 663 2374 alii
728 2309 983 2375 ferendo
1048 2311 1396 2394 patiuntur,
1464 2311 1571 2375 alii
1631 2311 2070 2396 cognoscendo
2128 2311 2620 2393 compatiuntur,
2689 2330 2858 2377 com-

554 2417 763 2481 munis
832 2415 919 2482 sit
980 2420 1189 2482 tamen
1255 2417 1608 2496 tribulatio,
1676 2417 1909 2499 quibus
1974 2417 2288 2501 probati0,
2363 2437 2531 2500 speS,
2599 2417 2854 2483 dilectio

554 2523 943 2608 spiritusque
992 2525 1348 2590 communis
1408 2527 1527 2589 est.
1586 2543 1802 2590 omnes
1861 2528 2076 2590 autem
2131 2543 2246 2589 nos
2295 2524 2588 2590 dominus
2636 2543 2856 2589 conso·

551 2631 742 2709 latur,
808 2631 917 2714 qui
973 2633 1036 2696 et
1100 2631 1254 2696 haec
1318 2632 1698 2715 temporalia
1759 2633 1928 2696 mala
1989 2631 2298 2714 praedixit
2361 2635 2427 2696 ct
2489 2635 2640 2714 post
2700 2632 2856 2696 haec
2891 2655 2948 2697 20

552 2737 717 2802 bona
754 2740 1005 2802 aeterna
1039 2738 1353 2820 promisit.
1393 2757 1507 2804 nec
1548 2738 1755 2816 debet,
1804 2758 1948 2804 cum
1995 2737 2361 2822 proelia-tur,
2409 2737 2693 2822 infringi,
2743 2739 2852 2821 qui

552 2845 701 2908 uult
744 2846 893 2927 post
936 2845 1251 2928 proelium
1299 2845 1604 2922 coronari,
1661 2845 1798 2910 uire
1821 2867 1852 2914 t·
1877 2845 1990 2910 illo
2049 2844 2569 2909 subministrante
2617 2847 2854 2910 certan-

556 2951 751 3026 tibuS,
803 2951 911 3034 qui
956 2956 1288 3035 praeparat
1330 2952 1677 3018 ineffabilia
1724 2953 1886 3018 dona
1933 2951 2306 3017 uictoribus

732 3197 765 3248 6
802 3196 953 3248 Rom.
998 3195 1080 3259 12,
1124 3197 1187 3250 15
1299 3198 1329 3249 7
1368 3197 1521 3250 Rom.
1560 3199 1612 3262 5,
1650 3197 1792 3252 3—5
1908 3199 1974 3250 14
2010 3197 2038 3250 I
2075 3197 2194 3252 Cor.
2239 3199 2322 3254 12.
2361 3199 2430 3251 26

630 3338 653 3389 1
696 3336 856 3390 nobis
895 3337 1179 3406 quicquam
1217 3335 1273 3391 R
1417 3339 1450 3390 2
1491 3341 1547 3392 et
1584 3354 1686 3394 om.
1724 3336 1836 3391 PF
1870 3337 2025 3402 (add.
2063 3355 2132 3391 m.
2153 3343 2201 3404 1)
2347 3339 2380 3392 3
2419 3338 2648 3407 putasti]
2689 3341 2850 3406 putas

553 3425 657 3479 tibi
695 3425 767 3478 P¹
914 3427 950 3479 4
988 3424 1171 3478 dixisti
1208 3425 1460 3480 ΜΕἈΡι
1486 3443 1523 3480 a
1694 3427 2052 3480 maestificare
2089 3427 2162 3480 Μ
2301 3429 2335 3482 5
2375 3427 2538 3481 etiam
2575 3443 2696 3490 om„
2733 3430 2851 3479 m.1

556 3514 687 3570 add.
725 3513 800 3568 M
977 3516 1009 3569 6
1046 3515 1277 3584 primum
1314 3515 1369 3570 R
1548 3516 1579 3568 7
1620 3531 1730 3569 non
1767 3515 1932 3584 uelle]
1973 3515 2118 3568 nolle
2155 3517 2209 3570 Β,
2361 3517 2396 3570 8
2432 3515 2681 3586 probatio
2721 3531 2848 3570 uero

554 3620 705 3674 spem
740 3603 816 3656 M
956 3605 987 3656 9
1028 3607 1207 3658 autem
1244 3621 1351 3657 non
1389 3604 1473 3658 bis
1506 3605 1563 3658 A
1704 3605 1770 3658 12
1805 3620 2061 3668 resemuS,
2099 3619 2236 3658 corr.
2275 3610 2398 3659 m.1
2433 3621 2736 3658 recusemus
2774 3603 2850 3658 P¹

560 3693 623 3746 13
659 3692 890 3746 tristitia
924 3691 1056 3745 PP¹
1096 3693 1163 3758 (ti
1202 3707 1320 3760 exp.
1357 3709 1425 3745 m.
1450 3695 1507 3758 2)
1734 3710 1839 3761 quo
1879 3693 2044 3761 enim]
2087 3693 2228 3746 enim
2268 3693 2395 3760 (del.
2431 3711 2501 3747 m.
2539 3698 2605 3746 ut
2637 3692 2754 3747 uid.
2793 3697 2845 3760 1)

556 3798 659 3851 quo
700 3782 841 3835 enim
876 3781 953 3836 M
1060 3783 1125 3836 15
1164 3781 1287 3847 alia,
1326 3785 1442 3836 m.1
1474 3798 1652 3850 supra
1686 3781 1714 3835 λ’
1749 3783 1928 3836 omnia
1955 3781 2010 3836 R
2154 3783 2414 3837 releuatio
2456 3782 2568 3842 (leu
2606 3799 2672 3836 ex
2708 3798 2845 3838 corr.

552 3888 622 3924 m.
658 3877 724 3924 ut
758 3871 873 3927 uid.
914 3875 971 3936 1;
1004 3871 1179 3938 fuisse
1212 3870 1332 3924 uid.
1363 3870 1472 3938 uel)
1499 3870 1556 3924 P
1588 3871 1854 3926 reuelatio
1881 3870 2063 3925 MFA
2101 3871 2191 3940 (m.
2215 3875 2254 3926 2
2287 3871 2572 3938 releuatio)
2597 3871 2674 3926 P¹
2713 3873 2846 3934 (ra-3.

552 3965 605 4014 ct
641 3975 777 4014 corr.
814 3959 1101 4026 releuatio)
1286 3959 1351 4013 16
1390 3958 1532 4014 cladi
1566 3958 1702 4013 ΕΡι
1741 3963 1831 4028 (m.
1851 3964 1892 4014 2
1930 3959 2121 4020 cladis)
2288 3961 2558 4030 quamuis]
2599 3977 2737 4030 quas
2770 3961 2844 4016 P¹

558 4050 621 4102 17
658 4047 939 4118 patiantur
972 4047 1029 4102 P
1206 4049 1608 4117 compatiantur
1641 4048 1698 4102 P
1730 4048 2012 4118 patiuntur
2047 4048 2103 4104 R
2285 4051 2350 4104 19
2388 4050 2752 4119 ερίτίωιῳιαο
2793 4053 2849 4117 (a

540 4137 680 4202 del.)
734 4137 789 4190 P
963 4137 1153 4206 omnis,
1202 4153 1342 4192 corr.
1390 4155 1459 4192 m.
1510 4143 1576 4192 ut
1625 4137 1743 4192 uid.
1795 4143 1827 4192 1
1877 4155 2060 4194 omnes
2111 4139 2172 4193 F
2311 4139 2380 4194 20
2429 4141 2485 4192 et
2532 4139 2651 4198 hac.
2701 4156 2771 4193 m.
2807 4143 2849 4193 2

554 4229 609 4280 et
643 4225 780 4279 haec
814 4224 890 4279 P¹
1049 4227 1118 4279 22
1154 4226 1467 4294 praemium,
1506 4241 1646 4281 corr.
1688 4227 1900 4294 (m.1?)
1938 4227 2202 4296 praelium
2240 4226 2294 4280 A
2438 4227 2506 4281 23
2544 4226 2846 4282 ineffabilia

556 4313 695 4367 dona
730 4317 923 4383 prepat
957 4313 1013 4368 R
