3184 4959
572 390 702 454 664
1289 388 1341 443 S.
1401 386 1679 440 Aureli
1732 387 2175 456 Augustini

571 582 736 648 audi.
777 601 962 648 senex
999 581 1268 666 Alypius
1306 585 1572 666 rogatus
1614 601 1649 646 a
1686 601 1788 646 me
1829 583 2084 665 saepius
2122 583 2449 665 pollicitus
2490 587 2623 648 erat
2657 588 2879 650 tecum

569 688 944 772 respondere
992 688 1390 772 dialogorum
1436 687 1729 771 pauculis
1775 687 2405 772 interrogatiunculis
2442 692 2526 772 et,
2574 693 2877 774 quoniam

568 795 632 859 in
677 793 1074 859 Mauretania
1119 793 1355 858 dicitur
1397 793 1713 876 hodieque
1761 811 1921 868 esse,
1978 796 2125 874 peto
2172 794 2419 858 uiribus
2467 796 2759 861 omnibus
2811 800 2881 862 et

567 919 746 986 roge,
801 904 876 966 ut
929 904 1001 965 tu
1059 900 1236 966 solus
1293 899 1674 984 respondere
1722 899 2021 984 digneris,
2078 899 2247 982 quod
2295 901 2487 966 etiam
2540 908 2879 984 praesente

567 1007 705 1090 ipso
752 1007 945 1072 fratre
991 1009 1103 1072 tuo
1153 1007 1288 1071 sine
1338 1006 1530 1071 dubio
1577 1005 1862 1070 facturus
1903 1025 2061 1073 eras,
2111 1026 2233 1071 non
2272 1011 2373 1072 est
2416 1010 2701 1091 pecunia,
2746 1031 2879 1076 non
2946 1033 2975 1074 5

569 1115 669 1178 est
731 1132 974 1192 aurum,
1040 1113 1209 1197 quod
1271 1132 1380 1197 pro
1441 1113 1671 1196 quouis
1730 1111 1991 1176 daturus
2050 1131 2187 1178 eras
2251 1114 2475 1195 procul
2532 1115 2747 1192 dubi0‚
2818 1117 2879 1180 si

565 1220 860 1296 haberes;
907 1237 1074 1284 nunc
1110 1237 1261 1284 uero
1303 1219 1435 1283 sine
1479 1218 1695 1284 labore
1742 1219 2043 1302 loqueris,
2091 1219 2259 1302 qnod
2296 1221 2568 1303 requiro.
2614 1242 2879 1306 possem

567 1330 632 1392 te
686 1327 834 1410 plus
883 1329 948 1390 et
1001 1345 1113 1410 per
1167 1327 1405 1392 multos
1455 1345 1633 1392 caros
1690 1329 1837 1391 tuos
1887 1345 2159 1404 exorare,
2215 1325 2329 1391 sed
2382 1328 2535 1393 noui
2590 1329 2877 1394 animum

565 1439 772 1512 tuum,
841 1433 947 1516 qui
1021 1452 1142 1498 non
1205 1433 1412 1518 rogari
1480 1432 1798 1498 desiderat
1862 1433 1976 1498 sed
2040 1433 2336 1498 omnibus
2399 1437 2735 1516 praestare,
2816 1435 2881 1501 si

565 1545 817 1606 tantum
873 1539 1059 1619 absit,
1111 1540 1281 1623 quod
1327 1539 1609 1620 dedecet,
1660 1540 1828 1624 quod
1872 1540 1937 1605 in
1982 1541 2099 1604 hac
2146 1559 2213 1605 re
2267 1541 2520 1623 penitus
2567 1541 2727 1606 nihil
2774 1546 2879 1606 est
2918 1567 2973 1607 ιο

567 1647 911 1714 dedecoris,
977 1651 1189 1712 tamen
1245 1646 1685 1732 quodcumque
1744 1650 1861 1725 est,
1928 1649 2075 1730 peto
2130 1650 2415 1730 praestes
2470 1648 2875 1734 nauigaturo.

567 1755 758 1835 nosti,
816 1774 1006 1838 quam
1078 1753 1238 1819 mihi
1312 1753 1843 1820 molestissimum
1918 1758 2017 1819 est
2091 1755 2261 1818 oneri
2326 1774 2467 1820 esse
2538 1775 2661 1820 non
2726 1755 2877 1820 dico

567 1861 916 1930 sinceritati
980 1864 1128 1926 tuae
1195 1861 1309 1926 sed
1374 1861 1670 1942 cuipiam.
1740 1861 1914 1926 solus
1981 1863 2195 1926 autem
2252 1861 2409 1927 deus
2474 1863 2675 1940 nouit,
2743 1881 2875 1945 quo

565 1969 754 2036 modo
810 1968 1007 2032 nimia
1059 1967 1437 2032 necessitate
1493 1967 1789 2050 inpulsus
1844 1967 1966 2033 hoc
2011 1969 2154 2036 feci.
2214 1967 2399 2034 uobis
2447 1969 2613 2034 enim
2670 1969 2875 2036 saluis

566 2081 632 2143 et
694 2077 951 2141 fauente
1017 2075 1131 2140 deo
1196 2075 1615 2158 nauigaturus
1682 2095 1855 2151 sum;
1933 2079 1996 2140 et
2071 2095 2281 2141 mores
2344 2076 2677 2140 hominum
2741 2096 2873 2142 non
2916 2095 2971 2136 ιε,

565 2183 894 2268 ignoratis,
953 2182 1063 2265 qui
1115 2181 1434 2266 procliues
1492 2184 1645 2246 sunt
1700 2182 1778 2246 ad
1833 2181 2347 2265 uituperandum,
2404 2185 2488 2259 et,
2544 2202 2753 2265 quam,
2810 2184 2877 2249 si

565 2292 992 2374 interrogatus
1033 2289 1174 2371 quis
1213 2308 1337 2354 non
1375 2288 1789 2372 responderit,
1837 2288 2132 2353 indoctus
2173 2292 2237 2353 et
2273 2288 2467 2354 hebes
2512 2290 2873 2371 putabitur,

565 2397 768 2463 uideS.
828 2416 997 2481 ergo,
1057 2397 1316 2462 obsecro
1374 2398 1457 2472 te,
1516 2395 1596 2459 ad
1644 2395 1851 2462 omnia
1898 2395 2034 2460 sine
2082 2395 2481 2462 cunctatione
2534 2397 2875 2479 responde,

565 2524 645 2570 ne
717 2524 820 2570 me
893 2503 1144 2570 tristem
1212 2503 1527 2578 dimittas;
1594 2501 1687 2566 sic
1760 2501 2013 2566 uideam
2086 2505 2379 2586 parentes
2452 2522 2655 2581 meos,
2720 2503 2879 2586 quia

565 2615 821 2698 propter
882 2611 1002 2676 hoc
1059 2609 1270 2676 solum
1326 2608 1675 2675 Cerdonem
1730 2608 1882 2673 misi
1937 2611 2003 2673 et
2052 2609 2269 2690 ipsum
2326 2612 2582 2692 expecto
2640 2611 2878 2678 solum.
2916 2631 2979 2670 ευ

565 2720 759 2784 frater
802 2717 1118 2783 Zenobius
1173 2715 1480 2800 magister
1533 2714 1873 2780 memoriae
1927 2715 2135 2780 faetus
2186 2718 2286 2780 est
2332 2719 2397 2782 et
2448 2716 2630 2780 misit
2682 2717 2876 2783 nobis

567 2827 960 2892 euectionem
998 2842 1142 2888 cum
1183 2822 1468 2887 annonis.
1507 2820 1563 2885 si
1593 2839 1710 2905 ego
1741 2820 1970 2906 dignus
2008 2840 2131 2886 non
2172 2841 2337 2900 sum,
2376 2823 2451 2885 ut
2486 2822 2875 2905 respondeas

565 2929 1192 3015 interrogatiunculis
1239 2927 1422 3008 meis,
1472 2927 1701 2992 saltem
1744 2927 2090 2992 timeantur
2134 2947 2431 2995 annonae.
2484 2929 2879 2992 incolumem

563 3042 628 3104 te
668 3057 920 3103 summa
947 3035 1249 3100 diuinitas
1286 3035 1479 3117 longa
1514 3034 1698 3100 nobis
1733 3036 1992 3100 tueatur
2028 3037 2250 3101 aetate.
2288 3035 2495 3119 Papas
2521 3034 2877 3119 plurimum

566 3145 996 3230 dignationem
1041 3147 1218 3208 tuam
1265 3143 1523 3207 salutat.
2729 3192 2736 3199 .
2912 3165 2979 3206 25

741 3300 913 3354 7-11
954 3325 1023 3346 =
1060 3316 1115 3370 p.
1153 3299 1274 3360 666,
1316 3299 1486 3352 7-11
1648 3299 1859 3354 12-14
1896 3298 1964 3354 cf.
2003 3317 2055 3369 p.
2094 3301 2217 3366 667,
2254 3301 2398 3354 4-6
2556 3301 2767 3356 15-17
2796 3325 2875 3348 ==

564 3408 617 3460 p.
653 3389 776 3451 667,
817 3387 1017 3452 8—10;
1060 3386 1183 3452 668,
1222 3387 1436 3440 22-25

638 3478 665 3532 1
717 3477 956 3547 alipium,
1002 3491 1140 3533 corr.
1185 3492 1253 3529 m.
1274 3480 1306 3530 1
1353 3475 1550 3546 alipius
1597 3477 1653 3530 A
1867 3491 2012 3531 moe·
2060 3476 2145 3542 (in
2178 3477 2375 3545 priore
2417 3493 2533 3532 ras.
2570 3479 2687 3547 fuit
2724 3483 2775 3546 a)
2819 3479 2877 3533 P

563 3567 596 3620 3
633 3566 962 3620 mauritania
995 3565 1149 3619 codd.
1189 3564 1310 3618 edd.
1526 3580 1661 3634 rogo
1698 3564 1907 3618 uiribus
1946 3564 2195 3618 omnibus
2236 3571 2292 3619 et
2327 3569 2456 3636 peto
2494 3566 2551 3620 R
2670 3569 2707 3622 4
2743 3569 2872 3637 ipso

563 3656 730 3710 fratre
767 3658 864 3709 tuo
901 3657 1152 3724 presente
1181 3655 1238 3709 R
1347 3656 1379 3708 5
1417 3653 1655 3708 facturas
1687 3670 1803 3707 eras
1830 3653 1907 3708 M
2010 3655 2041 3706 6
2082 3652 2308 3708 daturus
2338 3656 2478 3726 eras]
2508 3655 2717 3710 laturus
2750 3673 2873 3711 cras

566 3746 672 3810 (sic
685 3747 731 3810 l)
751 3744 807 3797 A
913 3743 980 3813 si]
1009 3760 1118 3796 non
1147 3742 1200 3796 V
1269 3743 1335 3796 12
1373 3743 1815 3796 molestissimum
1844 3741 2053 3797 mihiR
2164 3745 2250 3796 est
2272 3769 2300 3794 ι
2330 3745 2481 3798 oneri
2518 3751 2568 3810 (n
2598 3745 2763 3814 era-3.)
2790 3746 2871 3799 Ρι

566 3833 634 3888 13
671 3831 900 3902 cupiam.
937 3848 1007 3885 m.
1029 3835 1069 3885 2
1105 3831 1338 3900 cuipiam
1373 3830 1428 3883 P
1538 3832 1603 3884 14
1642 3831 1949 3900 compulsus
1985 3831 2041 3886 R
2186 3831 2390 3898 saluus,
2426 3849 2564 3887 corr.
2603 3833 2771 3888 saluis
2798 3834 2879 3888 M

567 3923 632 3978 15
669 3923 982 3991 negeturne,
1023 3935 1161 3974 corr.
1199 3924 1320 3974 m.1
1355 3921 1711 3989 nauigaturus
1746 3919 1823 3973 ,Ρ1
2006 3920 2069 3974 17
2110 3921 2204 3988 qui
2238 3919 2296 3975 R
2473 3925 2696 3991 putetur
2732 3921 2881 3976 P¹V

567 4038 632 4092 18
669 4036 993 4107 respondere
1041 4035 1088 4088 V
1285 4036 1355 4089 22
1395 4035 1647 4088 annonis-s
1688 4036 1823 4103 (fuit
1856 4036 1897 4103 i)
1935 4035 1991 4089 P
2204 4037 2330 4106 ego]
2369 4001 2405 4105 ἓ
2442 4039 2534 4102 (=
2565 4041 2716 4106 ergo)
2756 4037 2881 4094 PV

635 4142 742 4180 non
782 4143 899 4181 sum
938 4125 1134 4194 dignus
1170 4125 1227 4179 R
1316 4125 1384 4178 23
1423 4123 1773 4178 incolimente
1800 4123 1877 4178 M
1950 4125 2019 4178 25
2059 4123 2385 4194 dignitatem
2413 4124 2524 4179 AR
2631 4125 2877 4196 Explicit

565 4214 802 4284 epistula
849 4213 1079 4268 dioscori
1129 4213 1196 4268 ad
1243 4216 1490 4267 sanctum
1539 4214 1849 4282 agustinum
1898 4214 2208 4284 episcopum
2244 4213 2320 4267 M
2362 4213 2583 4284 explicit
2628 4214 2877 4286 epistula

564 4303 796 4358 dioscori
835 4303 902 4357 ad
941 4306 1185 4356 sanctum
1226 4303 1574 4373 augustinum
1614 4300 1670 4354 P
