3184 4959
1011 467 1530 537 epistularum
1584 467 1804 524 XLVII.
1860 469 2103 524 XLVIII.
2576 471 2701 538 137

1407 663 1696 730 XLVIII.

412 799 704 856 DOMINO
735 799 1046 857 DILECTO
1073 800 1166 856 ΕΤ
1193 799 1775 857 EXOPTATISSIMO
1816 803 2079 858 FRATRI
2116 802 2207 858 ET
2246 801 2699 872 CONPRESBY—

415 889 604 946 ΤΕΒΟ
640 889 972 946 EUDOXIO
1009 890 1105 946 ΕΤ
1136 889 1264 957 QUI
1299 889 1549 948 TECUM
1585 890 1777 948 SUNT
1814 891 2217 948 FRATRIBUS
2244 889 2704 948 AUGUSTINUS

567 977 658 1034 ΕΤ
697 978 827 1046 QUI
862 978 1122 1034 MECUM
1159 979 1344 1036 SUNT
1381 979 1704 1036 FRATRES
1740 979 1823 1036 IN
1857 980 2151 1038 DOMINO
2190 979 2545 1037 SALUTEM.

245 1097 276 1158 1
356 1125 384 1168 5
509 1101 772 1182 Quando
855 1104 1134 1188 quietem
1219 1109 1502 1171 uestram
1587 1105 1968 1190 cogitamus,
2053 1125 2241 1192 quam
2319 1107 2570 1172 habetis
2641 1106 2705 1171 in

419 1211 692 1291 Christo,
757 1211 950 1276 etiam
1012 1231 1150 1291 nos,
1217 1213 1515 1297 quamuis
1575 1213 1642 1278 in
1709 1213 2032 1280 laboribus
2088 1215 2285 1280 uariis
2341 1213 2707 1297 asperisque

419 1336 762 1397 uestiemur,
809 1320 874 1383 in
922 1323 1139 1384 uestra
1185 1321 1446 1386 caritate
1493 1319 1977 1404 requiescimus,
2026 1339 2225 1386 unum
2272 1321 2439 1386 enim
2478 1337 2707 1404 corpus

421 1426 540 1490 sub
591 1443 720 1492 uno
777 1425 986 1508 capite
1041 1445 1287 1507 sumus,
1341 1430 1418 1492 ut
1471 1429 1538 1493 et
1587 1445 1705 1493 uos
1758 1427 1825 1492 in
1878 1427 2065 1494 nobis
2120 1428 2435 1514 negotiosi
2484 1430 2549 1492 et
2594 1443 2709 1492 nos

418 1531 482 1597 in
527 1532 714 1597 uobis
761 1532 953 1598 otiosi
1001 1532 1226 1613 simus,
1273 1534 1441 1616 quia,
1491 1533 1559 1599 si
1606 1533 1929 1618 patitur
1970 1553 2204 1599 unum
2254 1533 2708 1606 membrum,

335 1659 390 1700 ιο
425 1639 1041 1721 compatiuntur
1113 1640 1376 1710 omnia
1447 1639 1797 1706 membra
1870 1645 1967 1720 et,
2034 1641 2102 1706 si
2168 1639 2712 1726 glorificatur

423 1763 656 1810 unum
696 1745 1157 1827 membrum,
1207 1746 1724 1832 congaudent
1769 1746 2032 1813 omnia
2076 1747 2445 1812 membra.
2498 1745 2711 1811 admo·

422 1869 649 1917 nemus
694 1870 842 1938 ergo
889 1855 958 1916 et
999 1853 1278 1934 petimus
1325 1856 1390 1918 et
1436 1853 1843 1919 obsecramus
1890 1873 2005 1936 per
2046 1851 2285 1920 Christi
2332 1851 2711 1917 altissimam

423 1957 853 2024 humilitatem
928 1961 995 2023 et
1062 1959 1725 2024 misericordissimam
1808 1959 2275 2039 celsitudinem,
2356 1961 2433 2024 ut
2512 1958 2715 2023 nostri

424 2081 734 2130 memores
789 2065 934 2131 sitis
988 2064 1052 2130 in
1109 2065 1346 2132 sanctis
1409 2067 1801 2133 orationibus
1858 2067 2114 2141 uestriS,
2173 2085 2332 2150 quas
2387 2084 2506 2131 uos
2552 2065 2715 2149 uigi-

338 2169 720 2238 minutiores
783 2175 852 2236 et
915 2172 1122 2256 magis
1189 2173 1432 2238 sobrias
1497 2173 1727 2238 habere
1801 2173 2147 2249 credimus:
2220 2175 2471 2238 nostras
2546 2171 2711 2236 enim

425 2295 612 2360 saepe
685 2278 932 2342 sauciat
1001 2283 1068 2342 et
1139 2277 1434 2344 debilitat
1503 2279 1709 2364 caligo
1784 2282 1849 2346 et
1910 2277 2228 2344 tumultus
2294 2277 2713 2344 saecularium

425 2385 764 2450 actionum.
821 2401 980 2467 quas
1037 2386 1160 2449 etsi
1215 2390 1463 2451 nostras
1512 2406 1634 2452 non
1681 2384 2011 2464 habemuS‚
2060 2405 2278 2451 eorum
2324 2389 2557 2461 tamen,
2604 2383 2713 2466 qui

424 2508 538 2556 nos
603 2491 1037 2576 angariant
1096 2491 1325 2558 mille
1379 2473 1675 2576 passus
1732 2494 1798 2556 et
1848 2491 2143 2556 iubemur
2192 2490 2311 2554 ire
2368 2508 2540 2554 cum
2596 2487 2712 2552 eis

426 2597 591 2662 alia
651 2597 822 2676 duo,
877 2600 1058 2664 tanta
1099 2597 1284 2666 nobis
1329 2599 1721 2684 ingeruntur,
1769 2602 1844 2664 ut
1886 2599 1994 2663 uix
2038 2595 2344 2680 respirare
2390 2596 2713 2680 possimus

337 2702 750 2770 „credentes
797 2707 1034 2784 tamen,
1091 2706 1261 2787 quod
1315 2706 1446 2785 ille,
1492 2704 1568 2770 in
1638 2704 1873 2770 cuius
1940 2705 2390 2787 conspectu
2452 2702 2715 2768 intrat

427 2810 780 2895 gemitus
847 2812 1513 2894 compeditorum,
1579 2813 2061 2894 perseuerantes
2116 2827 2231 2875 nos
2286 2810 2350 2874 in
2409 2828 2483 2874 eo
2529 2807 2713 2874 mini-

427 2917 640 2996 sterio,
712 2918 778 2982 in
854 2937 978 3001 quo
1053 2919 1380 2984 conlocare
1444 2919 1743 3002 dignatus
1808 2919 1909 2982 est
1972 2935 2115 2982 cum
2181 2915 2496 3000 promissa
2556 2934 2715 2980 mer-

429 3021 599 3100 cede,
681 3023 1133 3090 adiuuantibus
1217 3025 1609 3091 orationibus
1690 3023 1925 3089 uestris
2010 3022 2085 3088 ab
2171 3023 2343 3088 omni
2424 3021 2717 3107 angustia

425 3129 740 3196 liberabit.

607 3325 640 3377 9
675 3323 704 3377 Ι
740 3323 860 3379 Cor.
903 3324 986 3388 12,
1025 3326 1094 3379 26
1207 3324 1273 3379 18
1311 3324 1506 3378 Matth.
1545 3325 1596 3388 5,
1633 3325 1699 3378 41
1813 3323 1885 3378 20
1919 3323 2008 3376 Pa.
2050 3322 2133 3385 78,
2176 3321 2238 3374 11

959 3500 1015 3553 Ρ
1067 3523 1134 3545 =
1172 3499 1288 3554 cod.
1327 3497 1631 3553 Parisinus
1665 3499 1850 3552 12193
1884 3514 1927 3552 ε.
1960 3497 2071 3572 IX.

961 3586 1032 3641 ΡΙ
1064 3613 1132 3634 =
1170 3587 1288 3644 cod.
1325 3587 1631 3642 Parisinus
1666 3588 1861 3640 12226
1896 3603 1938 3640 s.
1976 3586 2089 3640 IX.

961 3676 1008 3730 S
1067 3699 1134 3723 ==
1173 3676 1290 3731 cod.
1329 3675 1716 3745 Sanyanemie
1750 3677 1863 3728 174
1898 3691 1940 3728 s.
1980 3675 2093 3728 IX.

961 3763 1027 3817 H
1066 3787 1137 3812 =
1175 3765 1291 3818 cod.
1331 3763 1646 3818 Palatinus
1679 3763 1805 3817 209
1840 3779 1883 3820 s.
1922 3764 1995 3816 X.

963 3851 1038 3907 Ρ2
1064 3877 1132 3900 =
1171 3853 1288 3908 cod.
1327 3852 1633 3908 Parisinus
1668 3853 1825 3905 1958
1859 3865 1901 3906 s.
1942 3851 2053 3904 XI.

503 4012 802 4082 Inscriptio
840 4011 982 4066 deest
1017 4013 1080 4064 in
1114 4009 1246 4064 PP²
1387 4009 1420 4062 2
1461 4008 1813 4063 dilectissimo
1852 4007 1920 4060 H
2060 4006 2091 4059 9
2130 4007 2297 4060 simus
2337 4021 2403 4058 ex
2436 4021 2568 4069 ras„
2594 4005 2719 4072 fuit

429 4118 612 4156 sumus
652 4101 718 4155 H
855 4101 1028 4169 quasi,
1065 4117 1134 4154 m.
1157 4101 1196 4152 2
1233 4098 1359 4168 quia
1397 4097 1444 4152 si
1470 4097 1526 4151 P
1634 4098 1701 4152 15
1736 4097 1979 4158 haberet,
2016 4113 2086 4148 m.
2109 4097 2149 4149 2
2182 4093 2383 4148 habere
2414 4092 2459 4148 S
2566 4093 2629 4147 17
2662 4099 2719 4148 et

429 4192 676 4244 sinistras
711 4189 788 4244 Ρ1
827 4197 917 4255 (m.
940 4193 980 4242 2
1018 4189 1122 4242 etsi
1157 4188 1428 4254 sinistras)
1467 4185 1514 4240 S
1549 4189 1642 4252 (m.
1665 4189 1704 4240 2
1741 4185 1845 4240 etsi
1883 4183 2117 4253 nostras)
2275 4183 2341 4236 19
2378 4185 2549 4244 tanta,
2586 4199 2657 4237 m.
2679 4186 2719 4234 2

429 4284 618 4334 tantae
665 4277 713 4334 S
755 4281 914 4334 caute
961 4295 1000 4331 a
1046 4279 1231 4330 tantae
1279 4281 1395 4330 cett.
1443 4275 1562 4330 edd.
1747 4274 1817 4328 22
1866 4273 2124 4343 dignatus
2172 4273 2257 4325 est
2294 4269 2557 4324 collocare
2594 4270 2715 4324 edd.

430 4371 501 4424 24
535 4367 808 4431 liberauit,
845 4383 914 4422 m.
937 4367 977 4420 2
1011 4365 1272 4421 liberabit
1307 4364 1381 4418 Ρι
