3184 4959
1135 389 1668 458 epistularum
1724 384 1921 453 CXXI„
2544 388 2670 451 739

373 584 448 649 de
504 584 708 668 ipsius
763 583 1223 649 resurrectione
1287 598 1723 665 praesumens,
1782 599 1904 662 qna
1970 582 2429 646 subsecuturae
2476 580 2671 646 admi-

367 691 632 756 rationis
715 690 904 755 fidem
978 690 1042 755 in
1115 689 1321 760 oculis
1403 688 1613 773 posita
1683 688 1999 769 passionis
2072 706 2278 769 poena
2349 687 2668 766 caecabat,

372 798 668 881 quamuis
709 798 970 863 eandem
1018 797 1372 862 adstantem
1414 797 1586 862 cruci
1635 814 1789 860 suae
1830 794 2121 860 dominus
2170 814 2289 860 non
2341 794 2667 860 moi-lentis

367 904 733 969 infirmitate
799 904 1120 987 trepidans
1191 903 1553 969 consolatus
1620 902 1728 980 sit,
1795 902 1907 967 sed
1972 902 2202 984 ipsam,
2262 920 2388 984 qua
2452 900 2670 966 obibat

301 1039 326 1077 5
368 1010 612 1088 uolens,
669 1010 736 1074 in
780 1012 1168 1094 potestatem
1231 1011 1466 1075 habens
1525 1013 1794 1075 mortem
1850 1009 2037 1092 plena
2090 1007 2329 1073 uirtute
2384 1006 2665 1072 uiuentis

371 1122 434 1180 et
471 1116 828 1181 constantia
870 1116 1288 1181 resurrecturi
1327 1116 1403 1180 de
1443 1134 1629 1181 cruce
1668 1116 1966 1181 admonet
2003 1114 2217 1179 dicens
2257 1114 2333 1179 de
2374 1114 2665 1195 apostolo

365 1223 550 1287 beato
613 1222 924 1288 Iohanne:
1003 1222 1330 1300 Mulier,
1399 1242 1584 1288 ecce
1648 1222 1892 1288 filius
1957 1225 2149 1287 tuus
2224 1220 2505 1301 itemque
2568 1219 2666 1283 illi

365 1327 606 1394 ibidem
643 1328 1044 1395 consistenti:
1083 1330 1287 1394 Ecce
1324 1332 1580 1395 mater
1616 1334 1771 1395 tua.
1820 1329 1948 1393 iam
1989 1328 2237 1395 scilicet
2274 1327 2350 1392 ab
2388 1326 2667 1391 humana

363 1436 730 1520 fragilitate,
809 1456 931 1519 qua
1007 1440 1143 1501 erat
1212 1439 1401 1502 natus
1468 1454 1538 1501 ex
1610 1436 1866 1515 femina,
1940 1455 2053 1518 per
2114 1436 2321 1501 crucis
2394 1436 2663 1499 mortem

278 1572 325 1608 10
365 1542 724 1627 demigrans
776 1544 841 1607 in
897 1544 1340 1609 aeternitatem
1387 1544 1508 1621 dei,
1567 1546 1643 1609 ut
1688 1547 1863 1609 esset
1915 1543 1981 1607 in
2036 1542 2240 1627 gloria
2286 1540 2388 1606 dei
2441 1539 2661 1625 patris,

367 1650 618 1735 delegat
679 1649 918 1715 homini
979 1650 1122 1715 iura
1183 1649 1444 1732 pietatis
1505 1649 1819 1715 humanae
1876 1653 1941 1714 et
1994 1668 2069 1713 ex
2125 1645 2459 1730 discipulis
2526 1646 2660 1711 suis

364 1757 828 1825 adulescentior
872 1756 1434 1822 adulescentiorem
1485 1757 1702 1840 elegit,
1758 1760 1831 1821 ut
1878 1754 2321 1821 conuenienter
2368 1739 2663 1837 adsignet

361 1863 594 1948 uirgini
669 1862 956 1946 apostolo
1040 1862 1353 1947 uirginem
1435 1866 1703 1927 matrem
1778 1862 1902 1928 duo
1982 1861 2220 1944 pariter
2297 1860 2362 1924 in
2437 1859 2661 1924 eadem

363 1971 673 2036 sententia
729 1969 983 2048 docens,
1041 1970 1308 2034 formam
1363 1969 1622 2052 pietatis
1677 1969 2038 2051 relinquens
2095 1968 2300 2042 nebia,
2358 1986 2505 2031 cum
2558 1968 2659 2030 est

273 2098 323 2137 1⁵
361 2077 436 2142 de
489 2082 690 2144 matre
755 2076 1095 2155 sollicitus,
1153 2079 1246 2154 ut,
1315 2096 1502 2159 quam
1565 2076 1965 2157 relinquebat
2029 2095 2309 2159 corpore,
2374 2094 2495 2140 non
2560 2091 2655 2138 re-

358 2183 675 2265 linqueret
713 2201 864 2247 cura
901 2182 1016 2247 sed
1060 2200 1174 2246 nec
1223 2199 1482 2265 corpore
1529 2182 1893 2262 relicturus,
1942 2182 2112 2265 quia,
2161 2200 2351 2263 quem
2396 2179 2657 2245 uidebat

359 2288 754 2366 morientem,
821 2307 962 2353 mox
1029 2292 1164 2353 erat
1225 2288 1444 2353 uisura
1503 2289 1890 2367 rediuiuum,
1958 2291 2025 2354 et
2082 2288 2264 2366 illud,
2333 2286 2502 2369 quod
2575 2286 2652 2349 ad

360 2394 548 2459 fldem
624 2396 908 2460 omnium
983 2396 1344 2477 pertineret,
1411 2395 1813 2461 salutiferum
1886 2395 2145 2479 pietatis
2220 2414 2373 2459 suae
2447 2412 2654 2459 sacra-

359 2504 644 2565 mentum
693 2519 941 2565 arcana
1017 2500 1220 2565 diuini
1289 2502 1532 2567 ratione
1612 2502 1859 2569 consilii
1932 2502 2052 2567 sub
2126 2503 2244 2565 hac
2315 2518 2475 2566 uoce
2550 2500 2655 2564 de-

267 2631 320 2669 80
359 2606 633 2689 signans,
699 2611 776 2671 ut
839 2611 904 2671 et
965 2608 1076 2671 alii
1139 2610 1406 2673 matrem
1473 2609 1793 2693 delegaret
1856 2630 1967 2693 pro
2032 2614 2232 2673 matre
2295 2606 2647 2671 habendam

533 2815 562 2867 7
601 2814 718 2871 1011.
762 2816 846 2881 19,
884 2816 1096 2869 26—27

425 2940 448 2992 1
502 2938 672 3008 ipsius
719 2956 785 2993 σω
829 2955 966 2995 corr.
1005 2957 1072 2993 m.
1095 2943 1134 2993 2
1167 2938 1225 2994 R
1269 2940 1422 3010 ipsis
1461 2958 1528 2993 m.
1553 2944 1592 2993 2
1627 2941 1798 3011 ipsius
1834 2940 1901 2994 K
2114 2957 2235 3011 qua,
2272 2956 2340 2992 m.
2366 2942 2407 2991 2
2450 2944 2559 3007 qua
2594 2938 2649 2991 P

351 3044 472 3097 qua,
509 3046 576 3084 m.
599 3032 640 3082 2
679 3029 806 3097 quia
849 3028 900 3083 G
937 3031 1066 3099 quia
1114 3030 1165 3082 V
1196 3030 1316 3085 edd.
1463 3031 1819 3085 subsecutura
1842 3032 1896 3083 A
1995 3030 2028 3084 3
2069 3029 2239 3083 crucis
2276 3027 2347 3081 M
2444 3028 2480 3081 4
2518 3042 2644 3081 con-

349 3116 578 3179 sulatus.
623 3134 691 3171 m.
716 3120 754 3169 2
802 3118 1114 3171 consolatus
1151 3120 1206 3171 A
1421 3119 1542 3188 ipsa
1575 3118 1696 3173 AV
1907 3120 1939 3171 5
1976 3118 2184 3185 uolens,
2220 3135 2289 3173 m.
2311 3120 2351 3170 2
2399 3117 2551 3169 uelut
2593 3116 2645 3170 G

416 3208 744 3274 potestatem
781 3206 857 3275 (m
893 3224 960 3261 m.
985 3210 1024 3260 2
1061 3206 1186 3277 del.)
1224 3206 1336 3261 PG-
1371 3209 1646 3276 potestate
1690 3206 1845 3262 CVR
1883 3206 2002 3260 edd.
2032 3212 2258 3275 praeter
2296 3222 2334 3259 α
2502 3207 2536 3258 6
2575 3204 2641 3259 de

347 3294 594 3362 apostolo
634 3294 867 3349 iohanne
903 3295 978 3348 M
1013 3294 1079 3349 de
1116 3295 1278 3350 beato
1317 3296 1552 3350 iohanne
1592 3296 1841 3365 apostolo
1882 3295 1935 3350 R
1972 3294 2039 3349 de
2075 3296 2236 3349 beato
2275 3294 2521 3365 apostolo
2550 3292 2642 3347 Io·

342 3383 524 3435 banne
563 3382 684 3437 edd.
817 3385 849 3437 9
885 3382 1105 3452 femine,
1143 3401 1280 3439 corr.
1319 3389 1439 3439 m.1
1474 3384 1679 3438 femina
1716 3386 1769 3437 A
1910 3386 2154 3454 perc-ucis
2190 3389 2362 3437 morte
2398 3384 2473 3445 in,
2510 3400 2579 3436 m.
2602 3384 2643 3435 2

344 3487 440 3538 per
479 3472 646 3525 crucis
683 3476 910 3525 mortem
948 3472 1000 3525 G
1185 3475 1250 3528 10
1287 3474 1458 3543 pat-ris
1497 3473 1587 3526 dei
1621 3474 1797 3542 sae'ynis
1831 3490 1899 3526 m.
1924 3478 1955 3526 1
1995 3489 2133 3527 cor-r.
2178 3472 2230 3527 G
2423 3473 2484 3526 11
2526 3472 2640 3525 suis

342 3558 762 3631 adulescentior]
805 3561 917 3615 suis
955 3562 1358 3617 adulescentior
1395 3564 1506 3615 suis
1542 3560 1729 3616 MAG
1774 3561 2168 3617 adolescentior
2203 3564 2315 3616 suis
2358 3560 2457 3615 GP
2491 3562 2578 3627 (m.
2601 3563 2643 3613 2

341 3647 445 3701 del.
487 3646 903 3719 adolescentior)
941 3651 1051 3703 suis
1087 3649 1140 3703 V
1170 3649 1254 3717 (in
1277 3666 1452 3720 mar-9.
1481 3668 1549 3703 m.
1569 3652 1621 3719 1)
1649 3649 1704 3704 R
1742 3650 1864 3705 edd.
1976 3652 2040 3703 12
2080 3649 2239 3719 eligit
2266 3648 2384 3702 edd.
2414 3648 2637 3702 Hartel.

343 3736 410 3791 14
449 3735 648 3801 dicens,
687 3753 825 3793 cor-r.
865 3742 985 3791 m.1
1021 3737 1218 3793 docens
1262 3738 1313 3793 G
1457 3738 1683 3808 pietatis
1722 3754 1861 3792 corr.
1901 3755 1967 3791 ex
2002 3738 2237 3807 pietates
2265 3737 2331 3791 K
2471 3737 2634 3790 relin-

338 3868 508 3918 quens
545 3868 648 3907 om.
683 3853 740 3906 A
888 3854 952 3907 15
990 3819 1024 3932 ᾆ
1061 3853 1132 3910 R.
1265 3856 1330 3908 16
1369 3862 1496 3909 cura
1531 3855 1632 3926 (Μ
1674 3856 1801 3923 del.)
1846 3856 1893 3910 0
2031 3858 2163 3922 post
2199 3852 2295 3907 sed
2332 3870 2399 3907 m.
2422 3856 2463 3905 2
2496 3869 2539 3906 3.
2576 3870 2633 3909 u.

336 3956 393 3993 se
433 3939 562 3995 add.
607 3940 660 3995 G
837 3940 1094 3997 relictura
1117 3942 1352 3997 MAGP
1389 3948 1478 4010 (m.
1501 3948 1543 3999 2
1577 3944 1863 3999 relicturus
1901 3948 1951 3998 et
1985 3958 2163 4011 supra
2196 3943 2223 3995 1
2260 3941 2453 3996 relicta
2488 3942 2514 3995 1
2548 3958 2631 3995 re-

333 4028 650 4098 linquenda)
702 4030 754 4085 G
805 4034 894 4095 (m.
928 4034 968 4085 2
1012 4032 1286 4098 relictura)
1332 4031 1400 4086 K
1418 4050 1501 4087 ae
1545 4034 1805 4088 relictura
1858 4032 1961 4087 VR
2009 4032 2296 4085 relicturus
2346 4036 2466 4087 cett.
2507 4030 2629 4085 edd.

337 4117 402 4171 17
437 4119 581 4188 mox]
620 4134 763 4172 mors
799 4120 856 4173 A
963 4120 1168 4189 uisura]
1207 4121 1418 4175 uiscera
1443 4123 1500 4174 A
1610 4126 1669 4175 et
1704 4121 1774 4176 ad
1808 4120 1948 4175 illud
1977 4118 2044 4173 K
2116 4120 2182 4175 18
2222 4122 2549 4173 crementum
2580 4124 2627 4172 A

339 4206 406 4259 19
445 4207 768 4276 consignans
807 4225 862 4261 m
897 4224 966 4263 ex
1001 4208 1236 4277 ‘aliquot
1272 4210 1448 4264 codd?
1611 4212 1682 4266 20
1720 4215 1779 4265 et
1813 4226 1917 4267 om.
1953 4226 2007 4263 m
2178 4208 2456 4277 delegeret
2492 4224 2631 4263 corr.

331 4301 449 4350 m.1
485 4310 551 4350 ex
588 4295 865 4365 delegerat
900 4298 953 4349 A
1116 4304 1348 4353 „matre
1387 4300 1531 4368 (suit
1565 4301 1675 4369 ma)
1722 4300 1775 4353 V

2412 4406 2545 4469 ,47*
