3184 4959
1225 455 1755 525 epistularum
1812 455 1920 510 CV.
2580 458 2703 522 607

419 653 662 734 psalmo
729 651 869 733 ipso
937 650 1202 716 dicitur:
1267 651 1845 717 Dominabitur
1918 670 1955 715 a
2017 651 2214 715 mari
2290 669 2543 732 usque
2616 651 2709 715 ad

421 777 628 822 mare
667 760 746 822 et
791 776 830 822 a
870 757 1216 823 flumine
1262 777 1518 840 usque
1565 758 1658 822 ad
1704 757 2101 823 terminos
2150 758 2372 822 orbis
2422 760 2707 838 terrae,

421 883 680 930 coram
755 865 908 929 illo
983 863 1416 948 procident
1477 863 1933 948 Aethiopes
2003 869 2081 929 et
2152 864 2472 928 inimici
2537 864 2709 929 eius

419 977 714 1036 terram
771 970 1117 1056 lingent,
1185 990 1418 1056 reges
1477 971 1817 1037 Tharsis
1876 974 1955 1036 et
2006 973 2331 1036 insulae
2386 989 2714 1036 munera

357 1103 382 1142 5
423 1077 798 1156 offerent,
855 1097 1089 1161 reges
1135 1079 1484 1143 Arabum
1533 1081 1613 1143 et
1660 1077 1863 1144 Saba
1912 1079 2115 1144 dona
2169 1079 2581 1144 adducent
2635 1083 2713 1142 et

421 1183 882 1250 adorabunt
929 1204 1099 1248 eum
1149 1203 1420 1250 omnes
1465 1205 1705 1270 reges
1760 1187 2049 1264 terrae,
2099 1204 2369 1250 omnes
2428 1188 2714 1269 gentes

251 1289 327 1351 15
423 1290 798 1355 seruient
842 1291 997 1355 illi.
1045 1291 1156 1355 ubi
1205 1291 1586 1376 agnouimus
1622 1290 1949 1358 Christum
1985 1292 2050 1356 in
2082 1311 2175 1370 eo,
2210 1292 2379 1375 quod
2406 1292 2715 1374 scriptum

423 1400 522 1462 est
563 1397 838 1481 lapidem
888 1398 966 1462 de
1001 1401 1218 1463 monte
1265 1399 1400 1463 sine
1445 1399 1742 1464 manibus
1790 1399 2147 1482 praecisum
2193 1399 2461 1484 fregisse
2509 1399 2721 1464 omnia

423 1523 614 1588 regna
658 1507 968 1570 terrarum
1005 1505 1226 1588 utique
1262 1505 1394 1586 illa,
1435 1524 1594 1588 quae
1635 1505 1712 1570 de
1750 1506 2018 1572 culturis
2048 1507 2426 1572 daemonum
2464 1525 2720 1590 praesu-

337 1632 388 1671 ιο
423 1610 699 1689 mebant,
747 1612 836 1676 ibi
894 1612 1274 1696 agnouimus
1332 1615 1398 1676 et
1453 1613 1787 1678 ecclesiam
1836 1613 1901 1678 in
1959 1633 2051 1691 eo,
2112 1611 2279 1696 quod
2326 1613 2567 1678 dictum
2620 1613 2723 1676 est

423 1717 702 1800 lapidem
730 1719 943 1800 ipsum
965 1719 1244 1784 creuisse
1273 1723 1338 1784 et
1366 1720 1609 1786 factum
1639 1724 1917 1786 montem
1946 1739 2247 1805 magnum
2281 1721 2343 1784 et
2371 1718 2721 1802 replenisse

428 1842 678 1888 omnem
713 1827 964 1891 terram.
1011 1825 1124 1890 ubi
1161 1827 1540 1910 agnouimus
1582 1825 1907 1893 Christum
1947 1825 2009 1890 in
2050 1843 2147 1902 eo,
2194 1824 2364 1909 quod
2410 1824 2717 1908 scriptum

429 1935 551 1996 est:
619 1932 1153 1998 Praeualcbit
1217 1932 1588 1998 dominus
1657 1931 2057 1998 aduersus
2125 1951 2261 1998 eos
2329 1935 2407 1997 et
2470 1935 2717 1996 exter-

425 2038 773 2104 minabit
827 2057 1098 2105 omnes
1157 2039 1346 2106 deos
1415 2040 1779 2124 gentium
1834 2043 2123 2120 terrae,
2188 2038 2279 2104 ibi
2335 2039 2716 2123 agnouimus

339 2169 388 2210 1⁵
429 2149 495 2209 et
539 2145 872 2210 ecclesiam
929 2147 992 2211 in
1050 2167 1144 2226 eo,
1205 2147 1371 2231 quod
1424 2148 1560 2213 illic
1618 2149 1934 2230 sequitur:
1982 2147 2079 2212 Et
2134 2147 2588 2212 adorabunt
2639 2146 2715 2210 in

429 2256 876 2334 conspectu
943 2254 1118 2319 eius
1185 2254 1754 2338 unusquisque
1829 2255 1920 2319 de
1980 2254 2161 2320 loco
2228 2271 2369 2318 suo
2447 2271 2715 2317 omnes

427 2357 750 2424 insulae
817 2361 1199 2444 gentium.
1266 2362 1378 2426 ubi
1434 2362 1817 2445 agnouimus
1877 2361 2201 2427 Christum
2263 2360 2327 2424 in
2387 2379 2479 2437 eo,
2547 2357 2717 2441 quod

430 2464 738 2546 scriptum
796 2469 926 2530 est:
991 2467 1205 2532 Deus
1273 2468 1362 2532 ab
1419 2468 1698 2534 Africo
1766 2467 2047 2533 ueniet
2102 2472 2181 2532 et
2237 2469 2570 2532 sanctus
2628 2465 2717 2528 de

431 2575 698 2636 monte
771 2573 1182 2652 umbroso;
1270 2575 1589 2658 operiet
1662 2576 1935 2640 caelos
2010 2575 2283 2640 uirtus
2357 2574 2557 2651 eius,
2629 2572 2720 2636 ibi

341 2701 393 2742 ιο
431 2678 812 2761 agnouimus
862 2680 1196 2746 ecclesiam
1241 2680 1305 2746 in
1355 2701 1452 2758 eo,
1502 2681 1671 2765 quod
1718 2682 2035 2765 sequitur:
2082 2682 2179 2747 Et
2223 2680 2495 2746 laudis
2544 2679 2719 2744 cius

431 2785 668 2866 plena
731 2789 858 2850 est
921 2790 1159 2854 terra.
1227 2788 1304 2852 ab
1360 2789 1575 2854 Africo
1634 2789 1803 2854 enim
1866 2789 2077 2871 posita
2141 2791 2244 2854 est
2294 2788 2719 2864 Hierusalem,

433 2891 603 2955 sicut
644 2893 883 2976 legitur
925 2894 987 2957 in
1033 2895 1194 2959 libro
1232 2892 1382 2960 Iesu
1417 2895 1618 2974 Naue,
1667 2896 1832 2960 uude
1876 2913 2103 2961 nomen
2145 2893 2385 2961 Christi
2420 2891 2722 2956 diffusum

433 3001 559 3073 est;
619 3002 684 3063 et
736 3000 825 3063 ibi
873 3005 974 3066 est
1026 3019 1209 3066 mons
1257 3002 1621 3077 umbrosus,
1676 3021 1857 3068 mons
1915 3001 2159 3080 oliueti‚
2217 3000 2385 3065 unde
2442 2997 2725 3064 ascendit

434 3103 496 3166 in
564 3107 829 3184 caelum,
905 3111 978 3173 ut
1041 3108 1394 3190 cooperiret
1455 3110 1666 3174 caelos
1740 3109 1949 3174 uirtus
2016 3109 2154 3174 eius
2220 3112 2281 3173 et
2354 3107 2725 3188 impleretur

341 3234 398 3274 π
437 3212 707 3277 ecclesia
732 3232 844 3295 per
873 3233 1120 3280 omnem
1149 3219 1382 3280 terram
1410 3216 1619 3281 laudis
1652 3217 1808 3282 eius.
1847 3217 1957 3282 ubi
1992 3217 2368 3300 agnouimus
2400 3213 2725 3280 Christum

433 3317 499 3380 in
547 3337 641 3396 ec,
700 3320 870 3402 quod
926 3321 1232 3405 scriptum
1292 3327 1417 3387 est:
1477 3321 1713 3388 Sicut
1770 3322 1949 3388 ouis
2008 3322 2097 3386 ad
2154 3321 2725 3386 immolandum

619 3582 644 3636 1
684 3582 774 3636 Pe.
815 3582 900 3648 71,
938 3583 1109 3637 8—11
1227 3585 1256 3636 7
1295 3583 1435 3637 Dan.
1464 3585 1514 3646 2,
1544 3585 1758 3639 34-35
1864 3585 1955 3648 13;
1988 3585 2055 3638 15
2084 3584 2249 3654 Soph.
2280 3583 2330 3646 2,
2364 3583 2424 3636 11
2533 3581 2623 3647 183
2653 3581 2723 3636 20

435 3669 576 3728 Hah.
605 3672 656 3734 3,
685 3672 718 3726 3
828 3673 891 3725 21
925 3671 1032 3726 Ios.
1067 3673 1150 3734 15.
1180 3672 1236 3736 8;
1273 3673 1354 3735 18,
1385 3673 1475 3736 14;
1505 3672 1633 3728 Luc.
1674 3674 1761 3736 24,
1798 3674 1895 3736 47;
1933 3673 2053 3727 Act.
2096 3675 2143 3734 1,
2185 3672 2251 3725 12
2360 3671 2429 3725 26
2460 3671 2547 3724 Es.
2579 3672 2664 3738 53,
2694 3671 2724 3724 7

512 3831 537 3884 1
578 3831 698 3899 ipso
737 3845 842 3884 om.
881 3829 1004 3884 MR
1215 3831 1605 3901 dominabitur]
1648 3835 1703 3886 et
1738 3831 2109 3885 dominabitur
2145 3829 2263 3884 edd.
2301 3845 2402 3883 sec.
2438 3845 2581 3883 sacr.
2622 3829 2726 3882 litt.

445 3921 478 3973 2
518 3936 550 3972 s
587 3919 804 3974 flumine
831 3936 1030 3990 *usque
1069 3921 1144 3974 M
1317 3925 1580 3974 terrarum
1618 3920 1741 3974 edd.
1776 3935 1877 3974 sec.
1924 3919 2083 3988 Vuly.
2265 3919 2299 3972 3
2336 3915 2591 3972 decident
2624 3917 2735 3971 FP

437 4010 475 4061 4
509 4008 761 4078 linguent
796 4007 858 4062 F
995 4009 1026 4062 7
1067 4010 1410 4078 agnoscimus
1447 4009 1681 4064 MAPR
1824 4025 1867 4070 e,
1908 4024 2043 4062 corr.
2082 4023 2150 4060 m.
2174 4011 2205 4060 1
2245 4023 2308 4061 eo
2345 4005 2406 4059 F
2542 4005 2577 4058 8
2612 4007 2729 4061 sine

439 4097 689 4151 manibus
726 4113 828 4152 mn.
868 4097 942 4150 M
1086 4098 1152 4151 10
1191 4098 1546 4167 cognouimus
1584 4098 1638 4150 A
1784 4101 1839 4151 et
1875 4113 1977 4150 om.
2018 4096 2073 4149 P
2218 4094 2282 4149 13
2320 4095 2727 4164 praeualebit—

440 4187 698 4256 scriptum
751 4189 834 4240 est
880 4203 982 4240 o-m.
1021 4187 1096 4240 M
1305 4187 1609 4257 praeuabit,
1655 4203 1721 4240 m.
1746 4189 1786 4240 2
1828 4183 2169 4256 praeualebit
2204 4185 2259 4236 A
2442 4185 2511 4238 14
2545 4185 2641 4238 ubi
2675 4185 2731 4238 A

444 4277 509 4329 18
547 4280 605 4330 et
640 4293 741 4330 om.
781 4275 946 4330 APR
1065 4277 1132 4330 19
1169 4276 1367 4345 uirtus]
1405 4277 1663 4329 maiestas
1700 4275 1775 4329 M
1887 4273 1951 4328 21
1995 4272 2165 4328 africa
2199 4274 2252 4326 A
2370 4275 2440 4328 22
2474 4275 2531 4328 in
2568 4273 2731 4344 libro]

440 4364 594 4417 inbro
633 4367 687 4418 A
798 4366 867 4418 24
906 4365 1080 4418 uirtus
1119 4365 1218 4428 bis,
1259 4365 1494 4418 alterum
1531 4364 1633 4419 del.
1674 4367 1727 4422 'A
