3184 4959
545 439 674 502 228
1271 438 1324 493 S.
1380 438 1655 494 Aureli
1709 439 2141 511 Augustini

541 636 902 706 nostrorum
986 632 1455 699 misericordiae
1540 635 1641 698 dei
1724 637 2310 704 commendaremus
2396 644 2479 720 et,
2558 643 2613 708 si
2692 645 2850 727 quid

542 740 995 824 indignationis
1062 759 1176 804 nos
1238 741 1685 820 momorderat,
1752 743 1869 806 sub
1936 743 2113 809 illius
2187 745 2629 814 medicinalem
2705 751 2850 816 dex—

540 853 740 911 teram
790 846 1210 930 confugiendo
1261 865 1643 911 sanaremur.
1695 866 1839 912 ecce
1888 869 2075 931 quam
2124 853 2331 917 multa
2366 856 2597 936 partim
2638 856 2849 922 obiur-

541 951 770 1037 gando,
816 953 1050 1034 partim
1097 951 1432 1033 monendo,
1479 954 1709 1036 partim
1759 955 1988 1020 orando
2038 974 2523 1026 correxeramus,

627 1060 712 1123 Et
757 1079 924 1124 nunc
983 1059 1453 1125 considerantes
1501 1060 1831 1125 uinculum
1880 1061 2184 1141 caritatis,
2232 1067 2321 1129 ut
2374 1086 2523 1132 non
2579 1071 2845 1152 possi·
2910 1086 2943 1126 ὁ

539 1167 866 1231 deamur
913 1186 949 1231 a
995 1169 1300 1244 satana,
1339 1185 1488 1231 non
1530 1167 1735 1231 enim
1775 1168 2243 1252 ignoramus
2284 1177 2595 1240 mentes
2638 1177 2839 1256 eius,

539 1275 689 1358 quid
749 1273 924 1339 aliud
979 1274 1183 1338 facere
1243 1273 1578 1338 debuimus
1637 1275 1761 1338 nisi
1818 1275 2249 1360 obtemperare
2304 1283 2626 1346 uoluntati
2672 1287 2843 1364 tuae,

538 1383 648 1465 qui
694 1401 816 1447 non
865 1381 1130 1464 putasti,
1180 1381 1350 1464 quod
1404 1381 1647 1446 factum
1696 1386 1815 1460 est,
1872 1383 2103 1466 corrigi
2148 1385 2459 1466 potuisse,
2508 1389 2633 1454 nisi
2678 1389 2840 1473 ipse,

535 1599 748 1661 retur?
806 1597 924 1660 hoc
983 1595 1173 1659 etiam
1231 1594 1427 1658 frater
1480 1593 1619 1674 ipse
1678 1593 2099 1659 Carcedonius
2158 1596 2452 1678 quamuis
2512 1617 2633 1663 non
2690 1605 2939 1683 postu>

531 1705 742 1768 leuem
809 1701 1002 1765 animi
1067 1700 1629 1783 perturbationem,
1688 1699 1763 1764 de
1823 1720 1947 1782 qua
1999 1703 2147 1784 peto
2204 1705 2280 1766 ut
2334 1723 2473 1768 ores
2528 1725 2641 1788 pro
2697 1707 2835 1783 illo,

535 1817 742 1874 tamen
803 1808 1126 1874 Christum
1191 1807 1253 1870 in
1318 1809 1384 1870 te
1449 1806 1739 1891 cogitans
1807 1807 2263 1888 aequanimiter
2326 1809 2497 1875 fecit.
2566 1816 2634 1877 et
2688 1831 2835 1878 cum

533 1916 740 1981 adhuc
805 1933 946 1999 ego,
1008 1917 1221 1979 utrum
1290 1911 1458 1996 apud
1520 1932 1636 1978 nos
1706 1918 2059 1978 remorante
2126 1913 2461 1982 Timotheo
2528 1919 2687 1984 alias
2756 1923 2833 1986 ad

532 2027 710 2088 tuam
777 2020 1254 2106 germanitatem
1320 2020 1568 2084 litteras
1635 2020 1975 2098 mitterem,
2042 2021 2453 2105 cogitandum
2516 2029 2833 2108 putarem,

531 2130 780 2194 ueritus
845 2135 946 2193 est
1007 2129 1146 2210 ipse
1209 2131 1534 2210 paternam
1603 2128 2091 2192 commotionem
2158 2133 2337 2194 tuam
2403 2134 2467 2194 et
2522 2135 2837 2215 praecidit
2875 2155 2933 2194 ιε»

533 2236 1050 2302 deliberationem
1097 2253 1304 2299 meam
1352 2253 1474 2298 non
1525 2234 1731 2298 solum
1783 2233 1996 2299 sinens
2045 2235 2155 2298 sed
2203 2235 2395 2300 etiam
2443 2237 2709 2316 instans,
2760 2247 2837 2308 ut

531 2343 652 2407 tibi
699 2341 1072 2406 Timotheus
1120 2340 1504 2405 redderetur.

619 2449 754 2534 Ego
797 2453 1030 2529 autem,
1061 2449 1254 2512 frater
1291 2447 1543 2524 Seuere,
1585 2465 1839 2510 causam
1878 2467 2083 2510 meam
2121 2446 2360 2513 iudicio
2400 2452 2511 2514 tuo
2552 2449 2830 2516 dimitte.

531 2561 742 2622 certus
799 2576 942 2621 sum
998 2557 1162 2619 enim
1214 2554 1538 2620 Christum
1597 2553 1879 2618 habitare
1934 2554 1995 2617 in
2055 2554 2241 2618 corde
2298 2558 2433 2630 tuo,
2481 2574 2595 2638 per
2640 2575 2845 2638 quem-

529 2667 594 2728 te
643 2663 924 2738 obsecre,
977 2665 1049 2727 ut
1091 2661 1304 2743 ipsum
1354 2659 1645 2725 consulas
1682 2663 1829 2723 tuae
1866 2659 2063 2723 menti
2102 2660 2226 2724 sibi
2264 2661 2557 2726 subditae
2595 2663 2831 2744 praesi-
2872 2687 2935 2727 20

531 2771 804 2849 dentem,
880 2772 1096 2833 utrum
1168 2768 1382 2844 homo,
1458 2766 1566 2848 qui
1638 2767 1702 2830 in
1778 2766 2048 2830 ecclesia
2120 2785 2295 2831 meae
2371 2767 2833 2851 dispensationi

531 2878 770 2944 credita
814 2877 942 2940 iam
987 2874 1197 2958 legere
1246 2874 1542 2955 coeperat
1588 2875 1654 2936 et
1698 2889 1820 2936 non
1870 2873 2068 2936 semel
2116 2872 2226 2936 sed
2266 2872 2497 2938 iterum
2538 2879 2605 2939 et
2640 2877 2832 2942 tertio

531 2983 696 3066 apud
748 2981 1104 3048 Subsanam
1153 2984 1218 3044 et
1261 2979 1628 3062 presbytero
1678 2977 2099 3044 Subsanensis
2140 2978 2444 3044 ecclesiae
2483 2981 2833 3048 comitatus

531 3093 597 3155 et
649 3089 821 3172 apud
865 3088 1097 3152 Turres
1156 3088 1220 3151 et
1274 3081 1443 3167 apud
1492 3083 1684 3149 Cizan
1733 3087 1797 3148 et
1843 3083 2009 3166 apud
2060 3083 2343 3148 Verbalis
2392 3087 2656 3170 legerat,
2706 3106 2831 3152 non

529 3197 732 3261 fuisse
795 3196 998 3260 lector
1061 3192 1270 3275 possit
1332 3195 1444 3255 aut
1506 3189 1734 3254 debeat
1786 3189 2070 3254 iudicari.
2139 3195 2203 3255 et
2258 3191 2429 3257 sicut
2473 3212 2609 3270 noa,
2660 3194 2829 3276 quod
2870 3219 2933 3260 ss

528 3305 754 3384 postea
817 3299 1014 3366 nobis
1055 3298 1279 3363 inuitis
1334 3297 1574 3361 factum
1635 3298 1753 3373 est,
1802 3295 1919 3360 deo
1976 3296 2233 3361 iubente
2281 3299 2685 3378 correximus,
2738 3301 2831 3364 sic

530 3412 595 3473 et
658 3411 752 3487 tu,
820 3405 988 3489 quod
1052 3405 1230 3488 prius
1295 3406 1358 3468 te
1424 3402 1745 3467 nesciente
1809 3400 2051 3466 factum
2116 3406 2234 3480 est,
2293 3403 2513 3469 eodem
2569 3404 2833 3470 iubente

708 3655 740 3706 5
779 3651 830 3704 Π
869 3650 988 3706 Cor.
1029 3649 1078 3714 2,
1122 3650 1183 3703 11

605 3828 629 3880 1
671 3823 1182 3886 commendaremur,
1223 3840 1358 3878 cor-r.
1399 3839 1463 3874 m.
1487 3825 1518 3874 1
1557 3819 2047 3875 commendaremus
2075 3819 2131 3874 R
2242 3821 2309 3874 10
2346 3821 2463 3890 ipse
2500 3820 2672 3874 frater
2710 3838 2829 3876 car-

528 3915 721 3969 donius
768 3913 823 3968 U
998 3915 1065 3967 12
1103 3913 1157 3965 in
1195 3916 1252 3965 te
1301 3911 1557 3966 christum
1596 3909 1665 3962 H
1874 3908 2095 3973 christo,
2136 3925 2273 3962 corr.
2314 3926 2381 3964 m.
2402 3914 2433 3962 1
2470 3907 2729 3964 christum
2780 3910 2843 3966 U

599 4003 962 4073 equaminiter
1012 4002 1065 4055 V
1279 4001 1343 4056 13
1391 4000 1548 4069 alias]
1600 3999 1659 4052 αἴ
1716 3999 1759 4050 V
1974 4001 2039 4053 15
2089 3997 2564 4052 commonitionem
2608 3999 2658 4052 T
2702 4001 2825 4054 edd.

519 4100 744 4161 praeter
759 4110 812 4146 m
963 4092 1025 4145 16
1065 4091 1268 4159 sinens]
1309 4089 1504 4144 finiens
1541 4087 1609 4142 H
1752 4089 1816 4141 17
1856 4087 1957 4140 tibi
1996 4103 2098 4142 om.
2150 4085 2259 4140 ΓΠ
2401 4087 2467 4140 18
2507 4087 2730 4142 dimicto
2778 4089 2839 4141 V

527 4183 596 4236 20
633 4181 886 4235 subditae
925 4196 1024 4234 om.
1065 4179 1132 4233 H
1164 4177 1414 4233 subdit-e
1452 4179 1507 4249 (a
1545 4182 1709 4244 eras.)
1756 4177 1806 4231 T
1983 4177 2049 4230 22
2088 4176 2211 4246 lege
2258 4177 2307 4229 T
2484 4177 2555 4232 23
2594 4175 2831 4231 subsan-

525 4270 709 4324 nensis
757 4268 867 4324 VU
977 4269 1240 4332 imitatura,
1279 4285 1347 4322 m.
1372 4271 1410 4320 2
1447 4268 1737 4321 comitatus
1785 4266 1839 4321 U
1924 4267 1995 4320 24
2033 4265 2183 4319 cizan
2229 4264 2341 4319 VU
2372 4264 2493 4320 edd.
2588 4267 2657 4320 25
2696 4267 2827 4335 nos]

525 4375 624 4412 uos
671 4357 780 4413 VU
