3184 4959
513 413 645 478 518
1236 410 1288 464 S.
1346 409 1620 464 Aureli
1673 408 2108 478 Augustini

516 603 821 668 stantiam
875 606 1073 680 tuam,
1124 624 1245 668 non
1304 603 1526 671 dubito
1586 605 1866 671 omnium
1925 624 2036 688 per
2090 604 2369 669 Africam
2424 604 2814 690 collegarum

513 729 802 775 meorum
866 709 1001 775 fieri
1066 712 1417 776 uoluntate.
1476 712 1744 776 arbitror
1798 730 2194 795 quacumque
2251 711 2546 794 primitus
2603 714 2816 776 exorta

517 817 846 882 occasione
919 817 1223 882 facillime
1288 837 1479 903 posse
1544 836 1616 882 ac
1683 817 1908 882 debere
1975 819 2298 897 maturari,
2364 820 2441 883 ut
2501 819 2814 894 uenerint,

516 924 687 988 sicut
743 923 889 1002 dixi,
954 924 1239 990 homines
1306 925 1474 1001 uani,
1542 943 1808 1006 quorum
1877 928 1942 990 et
2003 924 2479 990 aduersantium
2544 925 2815 990 salutem

516 1030 917 1114 requirimus,
976 1035 1041 1097 et
1092 1031 1289 1115 legeS,
1351 1050 1509 1114 quae
1563 1051 1678 1114 pro
1737 1031 2006 1097 ecclesia
2063 1031 2300 1098 Christi
2356 1033 2588 1096 missae
2645 1035 2816 1110 sunt,

516 1137 723 1222 magis
768 1135 1109 1202 Theodosii
1165 1138 1369 1202 filium
1426 1158 1617 1221 quam
1667 1137 2078 1204 Stilichonem
2139 1158 2396 1204 curasse
2449 1139 2816 1205 mittendas.

517 1246 848 1329 propterea
904 1244 1137 1328 quippe
1192 1247 1583 1310 memoratus
1649 1246 1977 1329 presbyter
2038 1245 2260 1310 harum
2315 1246 2613 1329 perlator,
2669 1265 2814 1310 cum

519 1352 595 1416 de
652 1350 905 1435 regione
964 1351 1049 1416 sit
1102 1351 1495 1432 Mileuitana,
1562 1353 1640 1416 ab
1697 1353 1992 1434 episcopo
2051 1372 2166 1418 suo
2225 1351 2574 1418 uenerabili
2625 1353 2816 1417 fratre

519 1477 659 1524 meo
728 1457 985 1536 Seuero,
1061 1460 1169 1540 qui
1250 1462 1428 1524 tuam
1510 1478 1764 1524 mecum
1847 1459 2340 1525 sincerissimam
2413 1459 2820 1526 dilectionem

518 1566 796 1629 multum
837 1565 1094 1643 salutat,
1142 1584 1254 1646 per
1287 1565 1974 1649 Hipponem-Regium,
2021 1566 2135 1630 ubi
2181 1585 2298 1651 ego
2337 1585 2503 1645 sum,
2550 1567 2816 1632 transire

517 1674 735 1738 iussus
776 1676 894 1752 est,
944 1672 1113 1754 quia,
1161 1690 1305 1737 cum
1354 1671 1515 1737 forte
1562 1671 1758 1736 simul
1795 1691 2083 1738 essemus
2119 1673 2184 1736 in
2222 1672 2472 1758 magnis
2511 1673 2818 1738 ecclesiae

516 1779 1036 1846 tribulationibus
1104 1782 1169 1843 et
1228 1779 1835 1861 perturbationibuS,
1899 1780 2357 1862 quaerebamus
2423 1780 2818 1845 occasionem

521 1887 839 1952 scribendi
903 1886 981 1950 ad
1046 1885 1469 1952 eximietatem
1544 1889 1720 1950 tuam
1787 1889 1850 1950 et
1920 1906 2044 1952 non
2114 1887 2618 1952 inueniebamus.
2689 1886 2819 1950 iam

523 1993 777 2078 quidem
844 2013 1035 2057 unam
1099 1992 1437 2075 epistulam
1502 1993 1800 2058 miseram
1871 1994 1936 2059 in
2000 1995 2254 2078 negotio
2329 1995 2534 2059 sancti
2604 1993 2820 2058 fratris

522 2103 589 2166 et
642 2101 923 2184 collegae
980 2099 1105 2164 mei
1161 2099 1467 2166 Bonifatii
1522 2100 1806 2184 episcopi
1865 2099 2306 2183 Cataquensis;
2375 2101 2488 2166 sed
2541 2099 2820 2165 nondum

524 2207 601 2272 ad
649 2227 762 2272 nos
809 2211 1224 2288 peruenerant
1270 2207 1580 2290 grauiora,
1631 2226 1791 2288 quae
1837 2225 1952 2272 nos
1999 2208 2440 2272 uehementius
2488 2207 2820 2291 agitarent,

524 2313 755 2396 quibus
795 2314 1278 2396 comprimendis
1324 2314 1432 2379 uel
1470 2313 1860 2398 corrigendis
1897 2333 2084 2396 quem
2133 2313 2211 2379 ad
2257 2313 2516 2378 modum
2563 2313 2822 2378 meliore

526 2420 871 2486 secundum
928 2421 1099 2484 uiam
1150 2419 1385 2485 Christi
1442 2421 1705 2485 consilio
1754 2424 2178 2499 succurratur,
2235 2419 2632 2486 commodius
2692 2420 2822 2502 epi-

526 2528 723 2612 scopi,
772 2528 881 2611 qui
926 2531 1257 2611 propterea
1311 2528 1798 2612 nauigauerunt,
1847 2546 1994 2592 cum
2055 2531 2229 2592 tanta
2281 2527 2670 2611 benignitate
2723 2527 2824 2590 tui

524 2635 730 2700 cordis
778 2635 982 2700 acturi
1028 2637 1199 2715 sunt,
1247 2634 1358 2716 qui
1402 2637 1749 2717 potuerunt
1787 2633 2105 2698 communi
2146 2634 2411 2698 consilio
2451 2634 2820 2718 diligentius

597 2897 629 2948 2
668 2894 1007 2950 uoluntatem
1046 2895 1301 2950 ΜΡΑΡ1
1341 2899 1415 2963 (m
1451 2897 1616 2961 eras.)
1837 2895 2088 2963 arbitror,
2125 2913 2192 2950 m.
2215 2899 2256 2950 2
2293 2897 2350 2948 et
2387 2893 2620 2950 arbitror
2651 2894 2727 2948 Ρι
2766 2901 2826 2948 et

530 2983 763 3036 arbitror
804 2983 861 3036 P
903 2983 1241 3054 arbitrorque
1278 2985 1475 3051 flrm
1694 2984 1916 3037 exhorta
1963 2983 2035 3036 M
2079 2985 2137 3050 (h
2185 2989 2348 3050 eras.)
2399 2983 2530 3037 ΕΡ*
2577 2983 2636 3048 (h
2695 2983 2820 3045 del.)

526 3072 559 3124 3
598 3071 881 3126 occasione
920 3088 1037 3126 cum
1076 3089 1190 3126 ras,
1228 3089 1394 3140 super
1431 3090 1459 3126 e
1496 3071 1573 3126 M
1719 3072 1822 3126 hac
1860 3072 1926 3126 de
1965 3089 2022 3126 re
2063 3078 2150 3138 (m.
2173 3077 2204 3126 1
2237 3089 2413 3141 supra
2447 3073 2476 3126 1
2511 3070 2728 3135 debere)
2769 3071 2824 3125 R

526 3163 561 3214 4
600 3161 733 3214 dixi·
764 3159 824 3214 F
855 3160 993 3214 dixit
1032 3162 1157 3214 AP¹
1196 3163 1357 3230 (corr.
1395 3178 1464 3214 m.
1504 3167 1567 3215 ut
1601 3161 1718 3214 uid.
1762 3166 1791 3214 1
1832 3161 1964 3228 dixi)
2157 3161 2285 3215 uani
2323 3161 2571 3230 quorum]
2612 3159 2822 3214 uanilo-

530 3265 753 3318 quorum
791 3250 846 3303 A
956 3253 989 3304 5
1028 3255 1085 3304 et
1121 3266 1221 3304 om.
1262 3231 1451 3316 f'lrm
1561 3267 1681 3320 que,
1720 3267 1788 3302 m.
1811 3253 1851 3304 2
1889 3267 1992 3320 que
2020 3251 2094 3304 M
2201 3249 2404 3304 Christi
2445 3249 2674 3303 ecclesia
2701 3247 2820 3302 edd.

600 3339 859 3394 ecclesiae
897 3340 973 3393 P¹
1083 3341 1114 3393 6
1152 3340 1402 3394 theodosi
1439 3340 1491 3392 A
1605 3340 1786 3410 quam]
1829 3341 1922 3409 qui
1955 3340 2003 3394 (J
2109 3339 2474 3402 stilichonum‚
2514 3355 2581 3392 m.
2608 3341 2645 3392 3
2681 3337 2821 3391 stili-

531 3429 755 3483 chonem
792 3429 853 3484 F
959 3431 989 3484 7
1027 3429 1214 3483 harum
1254 3431 1345 3498 (ha
1382 3447 1449 3484 ex
1484 3446 1598 3486 ras,
1637 3435 1688 3483 et
1724 3445 1862 3483 corr.
1899 3433 2049 3496 m.2)
2091 3429 2162 3481 M
2304 3445 2481 3498 quam,
2521 3443 2658 3481 corr.
2695 3444 2764 3482 m.
2797 3432 2826 3479 1

530 3534 650 3570 cum
687 3517 761 3571 M
774 3519 780 3525 '
863 3518 896 3571 8
932 3519 1263 3572 meleuitana
1300 3517 1531 3572 PMFA
1570 3535 1656 3572 me
1693 3518 1964 3580 leuitatis,
2001 3522 2128 3571 m.2
2165 3518 2500 3572 meleuitana
2534 3516 2608 3570 12²
2751 3515 2824 3580 ff,

531 3625 597 3662 m.
628 3610 665 3660 3
704 3607 783 3664 sie
826 3609 875 3662 C'
1050 3609 1081 3662 9
1120 3609 1292 3678 tuam]
1330 3612 1485 3670 timemur,
1522 3626 1591 3662 m.
1616 3612 1656 3662 2
1691 3611 1836 3662 tersum
1875 3609 1948 3662 M
2115 3608 2504 3661 sincerissima·
2534 3604 2826 3660 dilectione

534 3697 622 3758 (ω
665 3702 828 3768 eras.)
866 3697 943 3752 M
1120 3699 1182 3750 11
1222 3697 1373 3750 uisus
1412 3697 1487 3749 Ρι
1643 3714 1762 3751 cum
1799 3697 1940 3750 forte
1980 3697 2062 3750 bis
2099 3698 2152 3749 A
2311 3696 2495 3765 simul]
2533 3693 2734 3748 similes
2771 3692 2828 3745 A

539 3787 602 3839 12
642 3784 1027 3854 querci-bamus
1064 3786 1135 3840 M
1244 3786 1308 3839 13
1348 3785 1619 3838 scribendi
1659 3785 1726 3840 ad
1767 3785 2134 3840 eximietatem
2172 3801 2238 3838 em
2273 3800 2388 3837 raa.
2420 3790 2470 3837 ct
2499 3799 2634 3836 corr.
2662 3799 2730 3834 m.
2761 3783 2826 3840 2:

522 3875 706 3942 fuisse
740 3875 858 3930 uid.
898 3875 1203 3928 scribendis
1240 3873 1644 3928 deximietatem
1683 3875 1747 3927 M
1909 3874 1975 3928 15
2015 3873 2260 3942 colligae,
2301 3889 2440 3926 corr.
2481 3871 2722 3940 collegae
2760 3870 2834 3923 M

534 3963 729 4032 collegi
766 3965 822 4018 A
966 3963 1219 4030 bonifati,
1256 3981 1326 4020 m.
1350 3967 1389 4018 2
1424 3963 1678 4017 bonifatii
1715 3965 1772 4017 P
1951 3965 2017 4018 16
2055 3962 2394 4016 uehementis
2439 3960 2486 4014 0
2655 3961 2718 4013 17
2757 3958 2826 4012 ad

530 4053 747 4106 modum
786 4069 853 4106 m.
877 4056 917 4106 2
954 4069 1019 4107 επ
1056 4052 1307 4106 amodum
1343 4053 1419 4106 M
1603 4052 1854 4106 meliores
1889 4052 1963 4104 M
1996 4055 2044 4114 (ι
2083 4051 2226 4121 exp.)
2267 4051 2369 4103 ΕΔ
2557 4049 2622 4104 18
2657 4049 2828 4118 uiam]

534 4159 691 4195 unam
732 4143 801 4194 P*
951 4141 1153 4196 Christi
1191 4144 1336 4196 niam
1380 4143 1519 4195 lrm
1557 4141 1761 4196 Christi
1798 4141 2221 4196 misericordiam
2259 4145 2376 4196 cett.
2415 4139 2535 4192 edd.
2683 4155 2828 4192 com-

532 4230 707 4284 modis
751 4231 797 4284 (J
906 4232 971 4285 19
1008 4233 1407 4300 nauigauerant
1442 4231 1517 4284 M
1548 4235 1890 4300 negauerunt
1926 4232 1979 4283 A
2126 4229 2300 4283 cordis
2337 4229 2420 4282 tui
2458 4227 2514 4283 R
2633 4227 2702 4281 20
2739 4243 2831 4282 ac·

539 4319 669 4382 curi,
708 4336 774 4372 m.
802 4323 837 4372 3
876 4320 1047 4372 acturi
1085 4319 1145 4372 F
1283 4323 1541 4390 poterunt
1576 4319 1632 4373 P

2855 1593 2914 1632 10

2861 2125 2916 2164 15

2855 2661 2921 2700 80
