<?xml version="1.0" encoding="UTF-8"?>
<!DOCTYPE html PUBLIC "-//W3C//DTD XHTML 1.0 Transitional//EN"
    "http://www.w3.org/TR/xhtml1/DTD/xhtml1-transitional.dtd">
<html xmlns="http://www.w3.org/1999/xhtml" xml:lang="en" lang="en">
 <head>
  <title>
</title>
<meta http-equiv="Content-Type" content="text/html;charset=utf-8" />
  <meta name='ocr-system' content='tesseract 3.04.00' />
  <meta name='ocr-capabilities' content='ocr_page ocr_carea ocr_par ocr_line ocrx_word'/>
</head>
<body>
  <div class='ocr_page' id='page_1' title='image "./corpusscriptoru26wiengoog_0373.png"; bbox 0 0 3184 4959; ppageno 0'>
   <div class='ocr_carea' id='block_1_1' title="bbox 322 1635 373 1674">
    <p class='ocr_par' dir='ltr' id='par_1_1' title="bbox 322 1635 373 1674">
     <span class='ocr_line' id='line_1_1' title="bbox 322 1635 373 1674; baseline 0.039 -2"><span class='ocrx_word' id='word_1_1' title='bbox 322 1635 373 1674; x_wconf 86' lang='lat'>10</span> 
     </span>
    </p>
   </div>
   <div class='ocr_carea' id='block_1_2' title="bbox 324 2167 373 2205">
    <p class='ocr_par' dir='ltr' id='par_1_2' title="bbox 324 2167 373 2205">
     <span class='ocr_line' id='line_1_2' title="bbox 324 2167 373 2205; baseline -0.02 0"><span class='ocrx_word' id='word_1_2' title='bbox 324 2167 373 2205; x_wconf 83' lang='lat'>15</span> 
     </span>
    </p>
   </div>
   <div class='ocr_carea' id='block_1_3' title="bbox 318 2703 371 2743">
    <p class='ocr_par' dir='ltr' id='par_1_3' title="bbox 318 2703 371 2743">
     <span class='ocr_line' id='line_1_3' title="bbox 318 2703 371 2743; baseline 0.057 -3"><span class='ocrx_word' id='word_1_3' title='bbox 318 2703 371 2743; x_wconf 74' lang='lat'>20</span> 
     </span>
    </p>
   </div>
   <div class='ocr_carea' id='block_1_4' title="bbox 1138 455 2691 525">
    <p class='ocr_par' dir='ltr' id='par_1_4' title="bbox 1138 455 2691 525">
     <span class='ocr_line' id='line_1_4' title="bbox 1138 455 2691 525; baseline 0.004 -15"><span class='ocrx_word' id='word_1_4' title='bbox 1138 457 1672 525; x_wconf 73' lang='lat' dir='ltr'><strong>epistularum</strong></span> <span class='ocrx_word' id='word_1_5' title='bbox 1729 455 1995 510; x_wconf 84' lang='lat' dir='ltr'>LXXXII.</span> <span class='ocrx_word' id='word_1_6' title='bbox 2565 461 2691 525; x_wconf 72' lang='lat'>357</span> 
     </span>
    </p>
   </div>
   <div class='ocr_carea' id='block_1_5' title="bbox 404 653 2697 2766">
    <p class='ocr_par' dir='ltr' id='par_1_5' title="bbox 404 653 2697 2231">
     <span class='ocr_line' id='line_1_5' title="bbox 407 653 2696 736; baseline 0.001 -20"><span class='ocrx_word' id='word_1_7' title='bbox 407 653 483 716; x_wconf 87' lang='lat' dir='ltr'>ab</span> <span class='ocrx_word' id='word_1_8' title='bbox 538 653 697 735; x_wconf 87' lang='lat' dir='ltr'>ipsis</span> <span class='ocrx_word' id='word_1_9' title='bbox 754 653 1059 736; x_wconf 84' lang='lat' dir='ltr'>apostolis</span> <span class='ocrx_word' id='word_1_10' title='bbox 1119 671 1187 716; x_wconf 90' lang='lat' dir='ltr'>ac</span> <span class='ocrx_word' id='word_1_11' title='bbox 1244 673 1354 735; x_wconf 89' lang='lat' dir='ltr'>per</span> <span class='ocrx_word' id='word_1_12' title='bbox 1410 653 1527 716; x_wconf 88' lang='lat' dir='ltr'>hoc</span> <span class='ocrx_word' id='word_1_13' title='bbox 1584 654 1646 716; x_wconf 92' lang='lat' dir='ltr'>in</span> <span class='ocrx_word' id='word_1_14' title='bbox 1705 653 2072 718; x_wconf 89' lang='lat' dir='ltr'>canonicum</span> <span class='ocrx_word' id='word_1_15' title='bbox 2121 654 2516 718; x_wconf 83' lang='lat' dir='ltr'>auctoritatis</span> <span class='ocrx_word' id='word_1_16' title='bbox 2565 657 2696 719; x_wconf 88' lang='lat' dir='ltr'>cul-</span> 
     </span>
     <span class='ocr_line' id='line_1_6' title="bbox 408 759 2693 844; baseline 0.001 -21"><span class='ocrx_word' id='word_1_17' title='bbox 408 779 547 824; x_wconf 91' lang='lat' dir='ltr'>men</span> <span class='ocrx_word' id='word_1_18' title='bbox 594 763 849 841; x_wconf 89' lang='lat' dir='ltr'>recepta</span> <span class='ocrx_word' id='word_1_19' title='bbox 894 779 965 824; x_wconf 80' lang='lat' dir='ltr'>ex</span> <span class='ocrx_word' id='word_1_20' title='bbox 1012 759 1180 824; x_wconf 85' lang='lat' dir='ltr'>omni</span> <span class='ocrx_word' id='word_1_21' title='bbox 1225 763 1401 841; x_wconf 87' lang='lat' dir='ltr'>parte</span> <span class='ocrx_word' id='word_1_22' title='bbox 1450 779 1638 823; x_wconf 77' lang='lat' dir='ltr'>uei-ax</span> <span class='ocrx_word' id='word_1_23' title='bbox 1685 763 1872 841; x_wconf 86' lang='lat' dir='ltr'>atque</span> <span class='ocrx_word' id='word_1_24' title='bbox 1918 759 2326 824; x_wconf 87' lang='lat' dir='ltr'>indubitanda</span> <span class='ocrx_word' id='word_1_25' title='bbox 2375 761 2693 844; x_wconf 78' lang='lat' dir='ltr'><strong>persistat.</strong></span> 
     </span>
     <span class='ocr_line' id='line_1_7' title="bbox 406 866 2697 949; baseline 0.001 -19"><span class='ocrx_word' id='word_1_26' title='bbox 406 885 549 930; x_wconf 87' lang='lat' dir='ltr'>nam</span> <span class='ocrx_word' id='word_1_27' title='bbox 616 867 670 930; x_wconf 91' lang='lat' dir='ltr'>si</span> <span class='ocrx_word' id='word_1_28' title='bbox 736 867 855 931; x_wconf 88' lang='lat' dir='ltr'>hoc</span> <span class='ocrx_word' id='word_1_29' title='bbox 920 867 1074 931; x_wconf 88' lang='lat' dir='ltr'>fecit</span> <span class='ocrx_word' id='word_1_30' title='bbox 1126 867 1375 944; x_wconf 78' lang='lat' dir='ltr'>Petru8‚</span> <span class='ocrx_word' id='word_1_31' title='bbox 1444 866 1613 949; x_wconf 89' lang='lat' dir='ltr'>quod</span> <span class='ocrx_word' id='word_1_32' title='bbox 1679 867 1882 930; x_wconf 86' lang='lat' dir='ltr'>facere</span> <span class='ocrx_word' id='word_1_33' title='bbox 1939 867 2178 945; x_wconf 87' lang='lat' dir='ltr'>debuit,</span> <span class='ocrx_word' id='word_1_34' title='bbox 2234 867 2538 932; x_wconf 87' lang='lat' dir='ltr'>mentitus</span> <span class='ocrx_word' id='word_1_35' title='bbox 2597 873 2697 932; x_wconf 90' lang='lat' dir='ltr'>est</span> 
     </span>
     <span class='ocr_line' id='line_1_8' title="bbox 405 973 2695 1058; baseline 0.001 -22"><span class='ocrx_word' id='word_1_36' title='bbox 405 974 667 1049; x_wconf 83' lang='lat' dir='ltr'>Paulus,</span> <span class='ocrx_word' id='word_1_37' title='bbox 735 973 902 1056; x_wconf 90' lang='lat' dir='ltr'>quod</span> <span class='ocrx_word' id='word_1_38' title='bbox 969 993 1113 1036; x_wconf 87' lang='lat' dir='ltr'>eum</span> <span class='ocrx_word' id='word_1_39' title='bbox 1180 973 1413 1037; x_wconf 88' lang='lat' dir='ltr'>uiderit</span> <span class='ocrx_word' id='word_1_40' title='bbox 1477 994 1598 1038; x_wconf 88' lang='lat' dir='ltr'>non</span> <span class='ocrx_word' id='word_1_41' title='bbox 1663 977 1832 1037; x_wconf 87' lang='lat' dir='ltr'>recte</span> <span class='ocrx_word' id='word_1_42' title='bbox 1889 975 2347 1058; x_wconf 84' lang='lat' dir='ltr'>ingredientem</span> <span class='ocrx_word' id='word_1_43' title='bbox 2402 975 2479 1038; x_wconf 90' lang='lat' dir='ltr'>ad</span> <span class='ocrx_word' id='word_1_44' title='bbox 2535 976 2695 1039; x_wconf 90' lang='lat' dir='ltr'>ueri-</span> 
     </span>
     <span class='ocr_line' id='line_1_9' title="bbox 406 1080 2693 1164; baseline 0.002 -22"><span class='ocrx_word' id='word_1_45' title='bbox 406 1081 599 1145; x_wconf 87' lang='lat' dir='ltr'>tatem</span> <span class='ocrx_word' id='word_1_46' title='bbox 660 1080 997 1164; x_wconf 85' lang='lat' dir='ltr'>euangelii.</span> <span class='ocrx_word' id='word_1_47' title='bbox 1066 1080 1354 1163; x_wconf 87' lang='lat' dir='ltr'>quisquis</span> <span class='ocrx_word' id='word_1_48' title='bbox 1414 1081 1576 1144; x_wconf 84' lang='lat' dir='ltr'>enirn</span> <span class='ocrx_word' id='word_1_49' title='bbox 1635 1081 1756 1144; x_wconf 89' lang='lat' dir='ltr'>hoc</span> <span class='ocrx_word' id='word_1_50' title='bbox 1801 1081 1974 1157; x_wconf 83' lang='lat' dir='ltr'>facit,</span> <span class='ocrx_word' id='word_1_51' title='bbox 2022 1081 2190 1162; x_wconf 90' lang='lat' dir='ltr'>quod</span> <span class='ocrx_word' id='word_1_52' title='bbox 2238 1082 2438 1146; x_wconf 85' lang='lat' dir='ltr'>facere</span> <span class='ocrx_word' id='word_1_53' title='bbox 2487 1082 2693 1160; x_wconf 84' lang='lat' dir='ltr'>debet,</span> 
     </span>
     <span class='ocr_line' id='line_1_10' title="bbox 406 1187 2692 1271; baseline 0.002 -21"><span class='ocrx_word' id='word_1_54' title='bbox 406 1191 573 1251; x_wconf 86' lang='lat' dir='ltr'>recte</span> <span class='ocrx_word' id='word_1_55' title='bbox 622 1188 842 1270; x_wconf 86' lang='lat' dir='ltr'>utique</span> <span class='ocrx_word' id='word_1_56' title='bbox 888 1189 1043 1252; x_wconf 85' lang='lat' dir='ltr'>facit</span> <span class='ocrx_word' id='word_1_57' title='bbox 1090 1190 1155 1252; x_wconf 88' lang='lat' dir='ltr'>et</span> <span class='ocrx_word' id='word_1_58' title='bbox 1199 1187 1341 1253; x_wconf 86' lang='lat' dir='ltr'>ideo</span> <span class='ocrx_word' id='word_1_59' title='bbox 1390 1189 1624 1253; x_wconf 86' lang='lat' dir='ltr'>falsum</span> <span class='ocrx_word' id='word_1_60' title='bbox 1673 1187 1746 1252; x_wconf 89' lang='lat' dir='ltr'>de</span> <span class='ocrx_word' id='word_1_61' title='bbox 1797 1189 1903 1252; x_wconf 90' lang='lat' dir='ltr'>illo</span> <span class='ocrx_word' id='word_1_62' title='bbox 1955 1189 2129 1262; x_wconf 82' lang='lat' dir='ltr'>dicit,</span> <span class='ocrx_word' id='word_1_63' title='bbox 2180 1189 2287 1271; x_wconf 87' lang='lat' dir='ltr'>qui</span> <span class='ocrx_word' id='word_1_64' title='bbox 2337 1189 2491 1254; x_wconf 87' lang='lat' dir='ltr'>dicit</span> <span class='ocrx_word' id='word_1_65' title='bbox 2549 1209 2692 1254; x_wconf 87' lang='lat' dir='ltr'>eum</span> 
     </span>
     <span class='ocr_line' id='line_1_11' title="bbox 406 1293 2694 1376; baseline 0.002 -20"><span class='ocrx_word' id='word_1_66' title='bbox 406 1311 527 1356; x_wconf 88' lang='lat' dir='ltr'>non</span> <span class='ocrx_word' id='word_1_67' title='bbox 573 1295 741 1357; x_wconf 86' lang='lat' dir='ltr'>recte</span> <span class='ocrx_word' id='word_1_68' title='bbox 788 1293 1037 1368; x_wconf 81' lang='lat' dir='ltr'>fecisse,</span> <span class='ocrx_word' id='word_1_69' title='bbox 1085 1293 1253 1376; x_wconf 89' lang='lat' dir='ltr'>quod</span> <span class='ocrx_word' id='word_1_70' title='bbox 1304 1313 1443 1358; x_wconf 88' lang='lat' dir='ltr'>eum</span> <span class='ocrx_word' id='word_1_71' title='bbox 1502 1295 1682 1358; x_wconf 86' lang='lat' dir='ltr'>nouit</span> <span class='ocrx_word' id='word_1_72' title='bbox 1736 1295 1940 1360; x_wconf 88' lang='lat' dir='ltr'>facere</span> <span class='ocrx_word' id='word_1_73' title='bbox 1997 1295 2310 1360; x_wconf 82' lang='lat' dir='ltr'>debuisse.</span> <span class='ocrx_word' id='word_1_74' title='bbox 2369 1297 2424 1360; x_wconf 89' lang='lat' dir='ltr'>si</span> <span class='ocrx_word' id='word_1_75' title='bbox 2482 1302 2694 1361; x_wconf 90' lang='lat' dir='ltr'>autem</span> 
     </span>
     <span class='ocr_line' id='line_1_12' title="bbox 404 1401 2693 1483; baseline 0.002 -19"><span class='ocrx_word' id='word_1_76' title='bbox 404 1419 627 1464; x_wconf 87' lang='lat' dir='ltr'>uerum</span> <span class='ocrx_word' id='word_1_77' title='bbox 694 1401 951 1482; x_wconf 76' lang='lat' dir='ltr'>scripsit</span> <span class='ocrx_word' id='word_1_78' title='bbox 1012 1401 1274 1480; x_wconf 73' lang='lat' dir='ltr'>PauluS‚</span> <span class='ocrx_word' id='word_1_79' title='bbox 1340 1421 1561 1466; x_wconf 88' lang='lat' dir='ltr'>uerum</span> <span class='ocrx_word' id='word_1_80' title='bbox 1630 1405 1746 1479; x_wconf 81' lang='lat' dir='ltr'>est,</span> <span class='ocrx_word' id='word_1_81' title='bbox 1816 1402 1981 1483; x_wconf 87' lang='lat' dir='ltr'>quod</span> <span class='ocrx_word' id='word_1_82' title='bbox 2027 1403 2256 1467; x_wconf 89' lang='lat' dir='ltr'>Petrus</span> <span class='ocrx_word' id='word_1_83' title='bbox 2331 1424 2449 1468; x_wconf 91' lang='lat' dir='ltr'>non</span> <span class='ocrx_word' id='word_1_84' title='bbox 2523 1408 2693 1468; x_wconf 86' lang='lat' dir='ltr'>recte</span> 
     </span>
     <span class='ocr_line' id='line_1_13' title="bbox 406 1508 2692 1593; baseline 0.002 -23"><span class='ocrx_word' id='word_1_85' title='bbox 406 1511 556 1572; x_wconf 87' lang='lat' dir='ltr'>tunc</span> <span class='ocrx_word' id='word_1_86' title='bbox 613 1508 1081 1591; x_wconf 79' lang='lat' dir='ltr'>ingrediebatur</span> <span class='ocrx_word' id='word_1_87' title='bbox 1136 1508 1213 1572; x_wconf 89' lang='lat' dir='ltr'>ad</span> <span class='ocrx_word' id='word_1_88' title='bbox 1272 1509 1604 1574; x_wconf 76' lang='lat' dir='ltr'>ueritatem</span> <span class='ocrx_word' id='word_1_89' title='bbox 1665 1509 2009 1592; x_wconf 87' lang='lat' dir='ltr'>euangelii:</span> <span class='ocrx_word' id='word_1_90' title='bbox 2078 1509 2141 1573; x_wconf 88' lang='lat' dir='ltr'>id</span> <span class='ocrx_word' id='word_1_91' title='bbox 2199 1529 2346 1593; x_wconf 87' lang='lat' dir='ltr'>ergo</span> <span class='ocrx_word' id='word_1_92' title='bbox 2400 1510 2692 1588; x_wconf 77' lang='lat' dir='ltr'>faciebat,</span> 
     </span>
     <span class='ocr_line' id='line_1_14' title="bbox 411 1613 2690 1699; baseline 0.002 -22"><span class='ocrx_word' id='word_1_93' title='bbox 411 1614 577 1696; x_wconf 89' lang='lat' dir='ltr'>quod</span> <span class='ocrx_word' id='word_1_94' title='bbox 634 1613 839 1678; x_wconf 84' lang='lat' dir='ltr'>facere</span> <span class='ocrx_word' id='word_1_95' title='bbox 896 1634 1015 1678; x_wconf 91' lang='lat' dir='ltr'>non</span> <span class='ocrx_word' id='word_1_96' title='bbox 1076 1614 1361 1680; x_wconf 80' lang='lat' dir='ltr'>debebat.</span> <span class='ocrx_word' id='word_1_97' title='bbox 1422 1619 1485 1678; x_wconf 84' lang='lat' dir='ltr'>et</span> <span class='ocrx_word' id='word_1_98' title='bbox 1532 1616 1586 1678; x_wconf 90' lang='lat' dir='ltr'>si</span> <span class='ocrx_word' id='word_1_99' title='bbox 1635 1615 1762 1678; x_wconf 82' lang='lat' dir='ltr'>tale</span> <span class='ocrx_word' id='word_1_100' title='bbox 1809 1615 2051 1698; x_wconf 87' lang='lat' dir='ltr'>aliquid</span> <span class='ocrx_word' id='word_1_101' title='bbox 2097 1617 2336 1680; x_wconf 89' lang='lat' dir='ltr'>Paulus</span> <span class='ocrx_word' id='word_1_102' title='bbox 2384 1616 2520 1699; x_wconf 89' lang='lat' dir='ltr'>ipse</span> <span class='ocrx_word' id='word_1_103' title='bbox 2565 1617 2690 1681; x_wconf 89' lang='lat' dir='ltr'>iam</span> 
     </span>
     <span class='ocr_line' id='line_1_15' title="bbox 405 1720 2691 1806; baseline 0.002 -24"><span class='ocrx_word' id='word_1_104' title='bbox 405 1720 660 1799; x_wconf 78' lang='lat' dir='ltr'>fecerat,</span> <span class='ocrx_word' id='word_1_105' title='bbox 720 1724 1066 1786; x_wconf 88' lang='lat' dir='ltr'>correctum</span> <span class='ocrx_word' id='word_1_106' title='bbox 1125 1722 1341 1805; x_wconf 89' lang='lat' dir='ltr'>potius</span> <span class='ocrx_word' id='word_1_107' title='bbox 1400 1721 1589 1785; x_wconf 86' lang='lat' dir='ltr'>etiam</span> <span class='ocrx_word' id='word_1_108' title='bbox 1637 1722 1848 1804; x_wconf 88' lang='lat' dir='ltr'>ipsum</span> <span class='ocrx_word' id='word_1_109' title='bbox 1898 1721 2148 1786; x_wconf 86' lang='lat' dir='ltr'>credam</span> <span class='ocrx_word' id='word_1_110' title='bbox 2196 1723 2545 1806; x_wconf 82' lang='lat' dir='ltr'>coapostoli</span> <span class='ocrx_word' id='word_1_111' title='bbox 2593 1725 2691 1788; x_wconf 90' lang='lat' dir='ltr'>sui</span> 
     </span>
     <span class='ocr_line' id='line_1_16' title="bbox 408 1828 2694 1913; baseline 0.001 -22"><span class='ocrx_word' id='word_1_112' title='bbox 408 1828 859 1892; x_wconf 77' lang='lat' dir='ltr'>correctionem</span> <span class='ocrx_word' id='word_1_113' title='bbox 910 1847 1030 1892; x_wconf 88' lang='lat' dir='ltr'>non</span> <span class='ocrx_word' id='word_1_114' title='bbox 1078 1830 1367 1911; x_wconf 83' lang='lat' dir='ltr'>potuisse</span> <span class='ocrx_word' id='word_1_115' title='bbox 1406 1831 1760 1912; x_wconf 83' lang='lat' dir='ltr'>neglegere,</span> <span class='ocrx_word' id='word_1_116' title='bbox 1803 1849 1990 1910; x_wconf 87' lang='lat' dir='ltr'>quam</span> <span class='ocrx_word' id='word_1_117' title='bbox 2031 1829 2418 1908; x_wconf 81' lang='lat' dir='ltr'>mendaciter</span> <span class='ocrx_word' id='word_1_118' title='bbox 2454 1829 2694 1913; x_wconf 88' lang='lat' dir='ltr'>aliquid</span> 
     </span>
     <span class='ocr_line' id='line_1_17' title="bbox 406 1935 2694 2026; baseline 0.002 -28"><span class='ocrx_word' id='word_1_119' title='bbox 406 1935 469 1998; x_wconf 92' lang='lat' dir='ltr'>in</span> <span class='ocrx_word' id='word_1_120' title='bbox 528 1955 643 1999; x_wconf 85' lang='lat' dir='ltr'>sua</span> <span class='ocrx_word' id='word_1_121' title='bbox 700 1937 976 2017; x_wconf 84' lang='lat' dir='ltr'>epistula</span> <span class='ocrx_word' id='word_1_122' title='bbox 1030 1937 1323 2018; x_wconf 82' lang='lat' dir='ltr'>posuisse</span> <span class='ocrx_word' id='word_1_123' title='bbox 1383 1940 1445 2000; x_wconf 88' lang='lat' dir='ltr'>et</span> <span class='ocrx_word' id='word_1_124' title='bbox 1501 1936 1778 2018; x_wconf 85' lang='lat' dir='ltr'>epistula</span> <span class='ocrx_word' id='word_1_125' title='bbox 1834 1936 2133 2017; x_wconf 84' lang='lat' dir='ltr'>qualibet.</span> <span class='ocrx_word' id='word_1_126' title='bbox 2191 1941 2424 2018; x_wconf 85' lang='lat' dir='ltr'>quanto</span> <span class='ocrx_word' id='word_1_127' title='bbox 2489 1939 2694 2026; x_wconf 83' lang='lat' dir='ltr'>magis</span> 
     </span>
     <span class='ocr_line' id='line_1_18' title="bbox 407 2042 2693 2124; baseline 0.001 -19"><span class='ocrx_word' id='word_1_128' title='bbox 407 2043 469 2105; x_wconf 91' lang='lat' dir='ltr'>in</span> <span class='ocrx_word' id='word_1_129' title='bbox 507 2043 637 2118; x_wconf 81' lang='lat' dir='ltr'>illa,</span> <span class='ocrx_word' id='word_1_130' title='bbox 678 2042 741 2105; x_wconf 88' lang='lat' dir='ltr'>in</span> <span class='ocrx_word' id='word_1_131' title='bbox 782 2063 907 2124; x_wconf 85' lang='lat' dir='ltr'>qua</span> <span class='ocrx_word' id='word_1_132' title='bbox 944 2043 1347 2124; x_wconf 84' lang='lat' dir='ltr'>praelocutus</span> <span class='ocrx_word' id='word_1_133' title='bbox 1388 2043 1502 2106; x_wconf 84' lang='lat' dir='ltr'>ait:</span> <span class='ocrx_word' id='word_1_134' title='bbox 1547 2043 1762 2122; x_wconf 81' lang='lat' dir='ltr'>Quae</span> <span class='ocrx_word' id='word_1_135' title='bbox 1803 2049 2068 2106; x_wconf 80' lang='lat' dir='ltr'>autem</span> <span class='ocrx_word' id='word_1_136' title='bbox 2117 2043 2384 2109; x_wconf 87' lang='lat' dir='ltr'>scribo</span> <span class='ocrx_word' id='word_1_137' title='bbox 2433 2045 2693 2119; x_wconf 81' lang='lat' dir='ltr'>uobis,</span> 
     </span>
     <span class='ocr_line' id='line_1_19' title="bbox 414 2149 2110 2231; baseline 0.001 -19"><span class='ocrx_word' id='word_1_138' title='bbox 414 2167 595 2214; x_wconf 86' lang='lat' dir='ltr'>ecce</span> <span class='ocrx_word' id='word_1_139' title='bbox 646 2169 905 2214; x_wconf 85' lang='lat' dir='ltr'>coram</span> <span class='ocrx_word' id='word_1_140' title='bbox 954 2149 1119 2216; x_wconf 85' lang='lat' dir='ltr'>dee.</span> <span class='ocrx_word' id='word_1_141' title='bbox 1170 2149 1357 2231; x_wconf 88' lang='lat' dir='ltr'>quia</span> <span class='ocrx_word' id='word_1_142' title='bbox 1404 2169 1551 2212; x_wconf 89' lang='lat' dir='ltr'>non</span> <span class='ocrx_word' id='word_1_143' title='bbox 1601 2150 1966 2214; x_wconf 89' lang='lat' dir='ltr'>mentior.</span> <span class='ocrx_word' id='word_1_144' title='bbox 2105 2227 2110 2230; x_wconf 14' lang='lat' dir='ltr'><strong><em>q</em></strong></span> 
     </span>
    </p>

    <p class='ocr_par' dir='ltr' id='par_1_6' title="bbox 407 2255 2695 2766">
     <span class='ocr_line' id='line_1_20' title="bbox 495 2255 2694 2342; baseline 0.001 -22"><span class='ocrx_word' id='word_1_145' title='bbox 495 2257 628 2340; x_wconf 87' lang='lat' dir='ltr'>Ego</span> <span class='ocrx_word' id='word_1_146' title='bbox 704 2257 958 2337; x_wconf 89' lang='lat' dir='ltr'>quidem</span> <span class='ocrx_word' id='word_1_147' title='bbox 1034 2256 1193 2320; x_wconf 90' lang='lat' dir='ltr'>illud</span> <span class='ocrx_word' id='word_1_148' title='bbox 1262 2255 1517 2320; x_wconf 83' lang='lat' dir='ltr'>Petrum</span> <span class='ocrx_word' id='word_1_149' title='bbox 1597 2255 1688 2320; x_wconf 89' lang='lat' dir='ltr'>sic</span> <span class='ocrx_word' id='word_1_150' title='bbox 1762 2257 1970 2340; x_wconf 87' lang='lat' dir='ltr'>egisse</span> <span class='ocrx_word' id='word_1_151' title='bbox 2045 2257 2251 2324; x_wconf 80' lang='lat' dir='ltr'>credo,</span> <span class='ocrx_word' id='word_1_152' title='bbox 2327 2261 2398 2321; x_wconf 88' lang='lat' dir='ltr'>ut</span> <span class='ocrx_word' id='word_1_153' title='bbox 2472 2260 2694 2342; x_wconf 84' lang='lat' dir='ltr'>gentes</span> 
     </span>
     <span class='ocr_line' id='line_1_21' title="bbox 410 2363 2694 2448; baseline 0 -20"><span class='ocrx_word' id='word_1_154' title='bbox 410 2367 665 2448; x_wconf 88' lang='lat' dir='ltr'>cogeret</span> <span class='ocrx_word' id='word_1_155' title='bbox 728 2363 1067 2428; x_wconf 87' lang='lat' dir='ltr'>iudaizare.</span> <span class='ocrx_word' id='word_1_156' title='bbox 1131 2363 1251 2427; x_wconf 86' lang='lat' dir='ltr'>boc</span> <span class='ocrx_word' id='word_1_157' title='bbox 1316 2363 1479 2427; x_wconf 88' lang='lat' dir='ltr'>enim</span> <span class='ocrx_word' id='word_1_158' title='bbox 1545 2365 1692 2447; x_wconf 90' lang='lat' dir='ltr'>lego</span> <span class='ocrx_word' id='word_1_159' title='bbox 1760 2363 2092 2445; x_wconf 86' lang='lat' dir='ltr'>scripsisse</span> <span class='ocrx_word' id='word_1_160' title='bbox 2145 2363 2438 2440; x_wconf 81' lang='lat' dir='ltr'>Paulum,</span> <span class='ocrx_word' id='word_1_161' title='bbox 2506 2383 2694 2446; x_wconf 89' lang='lat' dir='ltr'>quem</span> 
     </span>
     <span class='ocr_line' id='line_1_22' title="bbox 408 2469 2694 2554; baseline 0.001 -20"><span class='ocrx_word' id='word_1_162' title='bbox 408 2472 745 2536; x_wconf 87' lang='lat' dir='ltr'>mentitum</span> <span class='ocrx_word' id='word_1_163' title='bbox 821 2489 959 2535; x_wconf 88' lang='lat' dir='ltr'>esse</span> <span class='ocrx_word' id='word_1_164' title='bbox 1033 2489 1153 2534; x_wconf 89' lang='lat' dir='ltr'>non</span> <span class='ocrx_word' id='word_1_165' title='bbox 1232 2469 1434 2534; x_wconf 87' lang='lat' dir='ltr'>credo.</span> <span class='ocrx_word' id='word_1_166' title='bbox 1513 2473 1577 2534; x_wconf 88' lang='lat' dir='ltr'>et</span> <span class='ocrx_word' id='word_1_167' title='bbox 1645 2469 1786 2534; x_wconf 88' lang='lat' dir='ltr'>ideo</span> <span class='ocrx_word' id='word_1_168' title='bbox 1863 2489 1984 2534; x_wconf 90' lang='lat' dir='ltr'>non</span> <span class='ocrx_word' id='word_1_169' title='bbox 2048 2472 2218 2534; x_wconf 87' lang='lat' dir='ltr'>recte</span> <span class='ocrx_word' id='word_1_170' title='bbox 2284 2470 2512 2554; x_wconf 87' lang='lat' dir='ltr'>agebat</span> <span class='ocrx_word' id='word_1_171' title='bbox 2575 2471 2694 2536; x_wconf 90' lang='lat' dir='ltr'>hoc</span> 
     </span>
     <span class='ocr_line' id='line_1_23' title="bbox 407 2576 2695 2661; baseline 0 -20"><span class='ocrx_word' id='word_1_172' title='bbox 407 2578 663 2650; x_wconf 75' lang='lat' dir='ltr'>Petrus:</span> <span class='ocrx_word' id='word_1_173' title='bbox 741 2581 875 2642; x_wconf 87' lang='lat' dir='ltr'>erat</span> <span class='ocrx_word' id='word_1_174' title='bbox 939 2578 1103 2642; x_wconf 90' lang='lat' dir='ltr'>enim</span> <span class='ocrx_word' id='word_1_175' title='bbox 1168 2579 1383 2642; x_wconf 87' lang='lat' dir='ltr'>contra</span> <span class='ocrx_word' id='word_1_176' title='bbox 1447 2576 1760 2661; x_wconf 86' lang='lat' dir='ltr'>euangelii</span> <span class='ocrx_word' id='word_1_177' title='bbox 1825 2577 2178 2654; x_wconf 88' lang='lat' dir='ltr'>ueritatem,</span> <span class='ocrx_word' id='word_1_178' title='bbox 2245 2580 2318 2641; x_wconf 89' lang='lat' dir='ltr'>ut</span> <span class='ocrx_word' id='word_1_179' title='bbox 2381 2579 2695 2660; x_wconf 87' lang='lat' dir='ltr'>putarent,</span> 
     </span>
     <span class='ocr_line' id='line_1_24' title="bbox 410 2683 2695 2766; baseline 0.001 -19"><span class='ocrx_word' id='word_1_180' title='bbox 410 2686 515 2766; x_wconf 85' lang='lat' dir='ltr'>qui</span> <span class='ocrx_word' id='word_1_181' title='bbox 574 2685 914 2750; x_wconf 86' lang='lat' dir='ltr'>credebant</span> <span class='ocrx_word' id='word_1_182' title='bbox 967 2686 1026 2750; x_wconf 92' lang='lat' dir='ltr'>in</span> <span class='ocrx_word' id='word_1_183' title='bbox 1088 2685 1432 2763; x_wconf 56' lang='lat' dir='ltr'>(mustum,</span> <span class='ocrx_word' id='word_1_184' title='bbox 1490 2683 1626 2748; x_wconf 88' lang='lat' dir='ltr'>sine</span> <span class='ocrx_word' id='word_1_185' title='bbox 1691 2684 1820 2748; x_wconf 90' lang='lat' dir='ltr'>illis</span> <span class='ocrx_word' id='word_1_186' title='bbox 1888 2684 2216 2748; x_wconf 87' lang='lat' dir='ltr'>ueteribus</span> <span class='ocrx_word' id='word_1_187' title='bbox 2282 2685 2695 2749; x_wconf 85' lang='lat' dir='ltr'>sacramentis</span> 
     </span>
    </p>
   </div>
   <div class='ocr_carea' id='block_1_6' title="bbox 587 2946 1005 3004">
    <p class='ocr_par' dir='ltr' id='par_1_7' title="bbox 587 2946 1005 3004">
     <span class='ocr_line' id='line_1_25' title="bbox 587 2946 1005 3004; baseline 0.002 -5"><span class='ocrx_word' id='word_1_188' title='bbox 587 2948 651 3000; x_wconf 88' lang='lat'>14</span> <span class='ocrx_word' id='word_1_189' title='bbox 690 2946 807 3000; x_wconf 83' lang='lat' dir='ltr'>Gal.</span> <span class='ocrx_word' id='word_1_190' title='bbox 852 2948 897 3004; x_wconf 83' lang='lat'>1,</span> <span class='ocrx_word' id='word_1_191' title='bbox 938 2948 1005 3000; x_wconf 83' lang='lat'>20</span> 
     </span>
    </p>
   </div>
   <div class='ocr_carea' id='block_1_7' title="bbox 399 3119 2704 4436">
    <p class='ocr_par' dir='ltr' id='par_1_8' title="bbox 404 3119 2698 3281">
     <span class='ocr_line' id='line_1_26' title="bbox 480 3119 2690 3192; baseline -0.001 -16"><span class='ocrx_word' id='word_1_192' title='bbox 480 3125 503 3176; x_wconf 95' lang='lat'>1</span> <span class='ocrx_word' id='word_1_193' title='bbox 548 3124 626 3192; x_wconf 83' lang='lat' dir='ltr'>ac]</span> <span class='ocrx_word' id='word_1_194' title='bbox 666 3124 767 3176; x_wconf 88' lang='lat' dir='ltr'>hac</span> <span class='ocrx_word' id='word_1_195' title='bbox 808 3123 869 3174; x_wconf 86' lang='lat' dir='ltr'><em>H</em></span> <span class='ocrx_word' id='word_1_196' title='bbox 1010 3123 1065 3175; x_wconf 90' lang='lat' dir='ltr'>in</span> <span class='ocrx_word' id='word_1_197' title='bbox 1104 3138 1205 3175; x_wconf 87' lang='lat' dir='ltr'>om.</span> <span class='ocrx_word' id='word_1_198' title='bbox 1242 3120 1494 3174; x_wconf 78' lang='lat' dir='ltr'><strong><em>PMAP¹</em></strong></span> <span class='ocrx_word' id='word_1_199' title='bbox 1643 3121 1927 3175; x_wconf 85' lang='lat' dir='ltr'>cani.cum</span> <span class='ocrx_word' id='word_1_200' title='bbox 1963 3123 2019 3174; x_wconf 86' lang='lat' dir='ltr'><em>P</em></span> <span class='ocrx_word' id='word_1_201' title='bbox 2054 3138 2314 3176; x_wconf 83' lang='lat' dir='ltr'>canonum</span> <span class='ocrx_word' id='word_1_202' title='bbox 2352 3119 2432 3172; x_wconf 77' lang='grc' dir='ltr'>Ρι</span> <span class='ocrx_word' id='word_1_203' title='bbox 2567 3138 2690 3175; x_wconf 83' lang='lat' dir='ltr'>auc-</span> 
     </span>
     <span class='ocr_line' id='line_1_27' title="bbox 404 3209 2698 3281; baseline -0.001 -15"><span class='ocrx_word' id='word_1_204' title='bbox 404 3215 595 3266; x_wconf 85' lang='lat' dir='ltr'>toritas</span> <span class='ocrx_word' id='word_1_205' title='bbox 633 3211 706 3264; x_wconf 82' lang='lat' dir='ltr'>P¹</span> <span class='ocrx_word' id='word_1_206' title='bbox 745 3211 1051 3265; x_wconf 82' lang='lat' dir='ltr'>diuinitatis</span> <span class='ocrx_word' id='word_1_207' title='bbox 1092 3211 1155 3262; x_wconf 79' lang='lat'>11</span> <span class='ocrx_word' id='word_1_208' title='bbox 1306 3211 1513 3264; x_wconf 83' lang='lat' dir='ltr'>culmen</span> <span class='ocrx_word' id='word_1_209' title='bbox 1562 3227 1662 3264; x_wconf 89' lang='lat' dir='ltr'>om.</span> <span class='ocrx_word' id='word_1_210' title='bbox 1703 3211 1778 3263; x_wconf 78' lang='grc' dir='ltr'>Ρι</span> <span class='ocrx_word' id='word_1_211' title='bbox 1921 3213 1954 3264; x_wconf 89' lang='grc'>2</span> <span class='ocrx_word' id='word_1_212' title='bbox 2003 3227 2130 3264; x_wconf 86' lang='lat' dir='ltr'>uera</span> <span class='ocrx_word' id='word_1_213' title='bbox 2171 3210 2278 3281; x_wconf 86' lang='lat' dir='ltr'>QE</span> <span class='ocrx_word' id='word_1_214' title='bbox 2417 3209 2593 3280; x_wconf 82' lang='lat' dir='ltr'>adque</span> <span class='ocrx_word' id='word_1_215' title='bbox 2633 3210 2698 3264; x_wconf 89' lang='lat' dir='ltr'><em>H</em></span> 
     </span>
    </p>

    <p class='ocr_par' dir='ltr' id='par_1_9' title="bbox 476 3299 2704 3370">
     <span class='ocr_line' id='line_1_28' title="bbox 476 3299 2704 3370; baseline -0 -16"><span class='ocrx_word' id='word_1_216' title='bbox 476 3301 785 3356; x_wconf 77' lang='lat' dir='ltr'>indubitata</span> <span class='ocrx_word' id='word_1_217' title='bbox 820 3301 880 3354; x_wconf 87' lang='grc' dir='ltr'><strong><em>Ε</em></strong></span> <span class='ocrx_word' id='word_1_218' title='bbox 974 3303 1007 3356; x_wconf 88' lang='lat'><strong>3</strong></span> <span class='ocrx_word' id='word_1_219' title='bbox 1043 3301 1251 3358; x_wconf 83' lang='lat' dir='ltr'>fecerit.</span> <span class='ocrx_word' id='word_1_220' title='bbox 1290 3316 1427 3355; x_wconf 84' lang='lat' dir='ltr'>corr.</span> <span class='ocrx_word' id='word_1_221' title='bbox 1464 3317 1531 3354; x_wconf 81' lang='lat' dir='ltr'>m.</span> <span class='ocrx_word' id='word_1_222' title='bbox 1556 3305 1585 3352; x_wconf 91' lang='lat'><strong><em>1</em></strong></span> <span class='ocrx_word' id='word_1_223' title='bbox 1622 3300 1754 3353; x_wconf 86' lang='lat' dir='ltr'>fecit</span> <span class='ocrx_word' id='word_1_224' title='bbox 1789 3301 1858 3354; x_wconf 91' lang='lat' dir='ltr'><strong><em>M</em></strong></span> <span class='ocrx_word' id='word_1_225' title='bbox 1958 3303 1988 3354; x_wconf 84' lang='lat'>5</span> <span class='ocrx_word' id='word_1_226' title='bbox 2029 3301 2148 3370; x_wconf 88' lang='lat' dir='ltr'>quis</span> <span class='ocrx_word' id='word_1_227' title='bbox 2185 3301 2227 3354; x_wconf 93' lang='lat' dir='ltr'><strong><em>I</em></strong></span> <span class='ocrx_word' id='word_1_228' title='bbox 2336 3301 2438 3354; x_wconf 90' lang='lat' dir='ltr'>hoc</span> <span class='ocrx_word' id='word_1_229' title='bbox 2467 3315 2568 3354; x_wconf 88' lang='lat' dir='ltr'>om.</span> <span class='ocrx_word' id='word_1_230' title='bbox 2597 3299 2704 3353; x_wconf 91' lang='lat' dir='ltr'>HI</span> 
     </span>
    </p>

    <p class='ocr_par' dir='ltr' id='par_1_10' title="bbox 404 3389 2702 3636">
     <span class='ocr_line' id='line_1_29' title="bbox 477 3389 2696 3460; baseline -0.001 -16"><span class='ocrx_word' id='word_1_231' title='bbox 477 3391 827 3460; x_wconf 77' lang='lat' dir='ltr'>quod—facit</span> <span class='ocrx_word' id='word_1_232' title='bbox 862 3407 964 3444; x_wconf 88' lang='lat' dir='ltr'>om.</span> <span class='ocrx_word' id='word_1_233' title='bbox 1006 3389 1109 3442; x_wconf 88' lang='lat' dir='ltr'>HI</span> <span class='ocrx_word' id='word_1_234' title='bbox 1265 3391 1297 3442; x_wconf 83' lang='lat'>6</span> <span class='ocrx_word' id='word_1_235' title='bbox 1336 3393 1479 3442; x_wconf 87' lang='lat' dir='ltr'>recte</span> <span class='ocrx_word' id='word_1_236' title='bbox 1519 3405 1706 3443; x_wconf 87' lang='lat' dir='ltr'>uerum</span> <span class='ocrx_word' id='word_1_237' title='bbox 1745 3390 1876 3443; x_wconf 86' lang='lat' dir='ltr'>facit</span> <span class='ocrx_word' id='word_1_238' title='bbox 1920 3389 2026 3460; x_wconf 79' lang='lat' dir='ltr'>QE</span> <span class='ocrx_word' id='word_1_239' title='bbox 2061 3395 2094 3455; x_wconf 94' lang='lat'>(.</span> <span class='ocrx_word' id='word_1_240' title='bbox 2122 3433 2130 3442; x_wconf 96' lang='lat'>.</span> <span class='ocrx_word' id='word_1_241' title='bbox 2159 3407 2254 3444; x_wconf 88' lang='lat' dir='ltr'>..e</span> <span class='ocrx_word' id='word_1_242' title='bbox 2295 3395 2393 3443; x_wconf 66' lang='grc' dir='ltr'>ρι’.</span> <span class='ocrx_word' id='word_1_243' title='bbox 2421 3433 2464 3445; x_wconf 94' lang='grc'>..</span> <span class='ocrx_word' id='word_1_244' title='bbox 2507 3407 2594 3443; x_wconf 89' lang='lat' dir='ltr'>um</span> <span class='ocrx_word' id='word_1_245' title='bbox 2633 3391 2696 3442; x_wconf 80' lang='lat' dir='ltr'>in</span> 
     </span>
     <span class='ocr_line' id='line_1_30' title="bbox 406 3477 2694 3544; baseline -0.001 -10"><span class='ocrx_word' id='word_1_246' title='bbox 406 3495 514 3534; x_wconf 75' lang='lat' dir='ltr'>ras.</span> <span class='ocrx_word' id='word_1_247' title='bbox 554 3497 616 3532; x_wconf 84' lang='lat' dir='ltr'>m.</span> <span class='ocrx_word' id='word_1_248' title='bbox 657 3487 719 3532; x_wconf 75' lang='lat' dir='ltr'>ut</span> <span class='ocrx_word' id='word_1_249' title='bbox 755 3479 872 3533; x_wconf 77' lang='lat' dir='ltr'>uid.</span> <span class='ocrx_word' id='word_1_250' title='bbox 918 3483 962 3544; x_wconf 75' lang='lat'>1)</span> <span class='ocrx_word' id='word_1_251' title='bbox 1112 3483 1167 3531; x_wconf 83' lang='lat' dir='ltr'>et</span> <span class='ocrx_word' id='word_1_252' title='bbox 1204 3494 1305 3530; x_wconf 87' lang='lat' dir='ltr'>om.</span> <span class='ocrx_word' id='word_1_253' title='bbox 1342 3477 1410 3530; x_wconf 88' lang='lat' dir='ltr'><strong><em>H</em></strong></span> <span class='ocrx_word' id='word_1_254' title='bbox 1556 3477 1681 3530; x_wconf 84' lang='lat' dir='ltr'>ideo</span> <span class='ocrx_word' id='word_1_255' title='bbox 1723 3477 1788 3531; x_wconf 86' lang='lat' dir='ltr'>de</span> <span class='ocrx_word' id='word_1_256' title='bbox 1825 3477 1920 3530; x_wconf 88' lang='lat' dir='ltr'>illo</span> <span class='ocrx_word' id='word_1_257' title='bbox 1961 3477 2152 3530; x_wconf 83' lang='lat' dir='ltr'>falsum</span> <span class='ocrx_word' id='word_1_258' title='bbox 2191 3477 2296 3530; x_wconf 84' lang='lat' dir='ltr'>PA</span> <span class='ocrx_word' id='word_1_259' title='bbox 2336 3477 2401 3531; x_wconf 86' lang='lat' dir='ltr'>de</span> <span class='ocrx_word' id='word_1_260' title='bbox 2437 3478 2534 3531; x_wconf 88' lang='lat' dir='ltr'>illo</span> <span class='ocrx_word' id='word_1_261' title='bbox 2570 3477 2694 3531; x_wconf 88' lang='lat' dir='ltr'>ideo</span> 
     </span>
     <span class='ocr_line' id='line_1_31' title="bbox 404 3565 2702 3636; baseline -0.001 -13"><span class='ocrx_word' id='word_1_262' title='bbox 404 3569 595 3623; x_wconf 83' lang='lat' dir='ltr'>falsum</span> <span class='ocrx_word' id='word_1_263' title='bbox 634 3569 705 3622; x_wconf 78' lang='lat' dir='ltr'><strong><em>M</em></strong></span> <span class='ocrx_word' id='word_1_264' title='bbox 848 3568 981 3621; x_wconf 89' lang='lat' dir='ltr'>dicit</span> <span class='ocrx_word' id='word_1_265' title='bbox 1016 3585 1117 3621; x_wconf 82' lang='lat' dir='ltr'>om.</span> <span class='ocrx_word' id='word_1_266' title='bbox 1165 3567 1210 3636; x_wconf 99' lang='lat' dir='ltr'><em>Q</em></span> <span class='ocrx_word' id='word_1_267' title='bbox 1354 3567 1443 3635; x_wconf 86' lang='lat' dir='ltr'>qui</span> <span class='ocrx_word' id='word_1_268' title='bbox 1483 3566 1620 3621; x_wconf 84' lang='lat' dir='ltr'>dicit</span> <span class='ocrx_word' id='word_1_269' title='bbox 1655 3583 1756 3620; x_wconf 86' lang='lat' dir='ltr'>om.</span> <span class='ocrx_word' id='word_1_270' title='bbox 1797 3567 1840 3621; x_wconf 95' lang='grc' dir='ltr'><strong><em>Ι</em></strong></span> <span class='ocrx_word' id='word_1_271' title='bbox 1871 3566 2013 3635; x_wconf 87' lang='lat' dir='ltr'>quod</span> <span class='ocrx_word' id='word_1_272' title='bbox 2051 3565 2185 3619; x_wconf 90' lang='lat' dir='ltr'>dicit</span> <span class='ocrx_word' id='word_1_273' title='bbox 2215 3566 2280 3619; x_wconf 87' lang='lat' dir='ltr'><em>H</em></span> <span class='ocrx_word' id='word_1_274' title='bbox 2385 3568 2414 3620; x_wconf 86' lang='lat'>7</span> <span class='ocrx_word' id='word_1_275' title='bbox 2453 3567 2608 3620; x_wconf 84' lang='lat' dir='ltr'>nobit</span> <span class='ocrx_word' id='word_1_276' title='bbox 2635 3567 2702 3620; x_wconf 82' lang='lat' dir='ltr'><em>H</em></span> 
     </span>
    </p>

    <p class='ocr_par' dir='ltr' id='par_1_11' title="bbox 399 3655 2703 4436">
     <span class='ocr_line' id='line_1_32' title="bbox 476 3655 2696 3728; baseline -0.002 -16"><span class='ocrx_word' id='word_1_277' title='bbox 476 3660 675 3728; x_wconf 81' lang='lat' dir='ltr'>autem]</span> <span class='ocrx_word' id='word_1_278' title='bbox 720 3659 861 3712; x_wconf 84' lang='lat' dir='ltr'>enim</span> <span class='ocrx_word' id='word_1_279' title='bbox 905 3657 950 3726; x_wconf 86' lang='lat' dir='ltr'><em>Q</em></span> <span class='ocrx_word' id='word_1_280' title='bbox 1060 3657 1093 3710; x_wconf 84' lang='grc'>8</span> <span class='ocrx_word' id='word_1_281' title='bbox 1133 3674 1255 3710; x_wconf 88' lang='lat' dir='ltr'>uere</span> <span class='ocrx_word' id='word_1_282' title='bbox 1296 3660 1379 3709; x_wconf 89' lang='lat' dir='ltr'>est</span> <span class='ocrx_word' id='word_1_283' title='bbox 1422 3656 1469 3725; x_wconf 87' lang='lat' dir='ltr'><em>Q</em></span> <span class='ocrx_word' id='word_1_284' title='bbox 1504 3671 1662 3708; x_wconf 87' lang='lat' dir='ltr'>uerus</span> <span class='ocrx_word' id='word_1_285' title='bbox 1705 3659 1786 3709; x_wconf 86' lang='lat' dir='ltr'>est</span> <span class='ocrx_word' id='word_1_286' title='bbox 1823 3655 1865 3708; x_wconf 94' lang='lat' dir='ltr'><strong><em>I</em></strong></span> <span class='ocrx_word' id='word_1_287' title='bbox 1967 3658 1998 3710; x_wconf 84' lang='lat'><strong>9</strong></span> <span class='ocrx_word' id='word_1_288' title='bbox 2038 3655 2178 3708; x_wconf 79' lang='lat' dir='ltr'>enini</span> <span class='ocrx_word' id='word_1_289' title='bbox 2215 3655 2272 3709; x_wconf 79' lang='lat' dir='ltr'><em>R</em></span> <span class='ocrx_word' id='word_1_290' title='bbox 2384 3655 2450 3708; x_wconf 93' lang='lat'>10</span> <span class='ocrx_word' id='word_1_291' title='bbox 2489 3655 2696 3724; x_wconf 82' lang='lat' dir='ltr'>aliquid</span> 
     </span>
     <span class='ocr_line' id='line_1_33' title="bbox 402 3744 2694 3816; baseline -0.002 -15"><span class='ocrx_word' id='word_1_292' title='bbox 402 3750 513 3802; x_wconf 83' lang='lat' dir='ltr'>tale</span> <span class='ocrx_word' id='word_1_293' title='bbox 554 3747 613 3801; x_wconf 87' lang='lat' dir='ltr'><em>E</em></span> <span class='ocrx_word' id='word_1_294' title='bbox 782 3748 841 3800; x_wconf 94' lang='lat'>11</span> <span class='ocrx_word' id='word_1_295' title='bbox 886 3749 1185 3816; x_wconf 85' lang='lat' dir='ltr'>correptum</span> <span class='ocrx_word' id='word_1_296' title='bbox 1230 3745 1295 3796; x_wconf 86' lang='lat' dir='ltr'><em>H</em></span> <span class='ocrx_word' id='word_1_297' title='bbox 1437 3746 1616 3814; x_wconf 88' lang='lat' dir='ltr'>ipsum</span> <span class='ocrx_word' id='word_1_298' title='bbox 1656 3761 1776 3797; x_wconf 83' lang='lat' dir='ltr'>eum</span> <span class='ocrx_word' id='word_1_299' title='bbox 1816 3744 2026 3798; x_wconf 79' lang='lat' dir='ltr'>credam</span> <span class='ocrx_word' id='word_1_300' title='bbox 2072 3745 2118 3813; x_wconf 80' lang='lat' dir='ltr'><em>Q</em></span> <span class='ocrx_word' id='word_1_301' title='bbox 2261 3744 2520 3813; x_wconf 53' lang='lat' dir='ltr'>creda-1³2]</span> <span class='ocrx_word' id='word_1_302' title='bbox 2563 3747 2694 3806; x_wconf 72' lang='lat' dir='ltr'>(ras.</span> 
     </span>
     <span class='ocr_line' id='line_1_34' title="bbox 406 3833 2694 3904; baseline -0.003 -14"><span class='ocrx_word' id='word_1_303' title='bbox 406 3841 554 3890; x_wconf 75' lang='grc'>2-3</span> <span class='ocrx_word' id='word_1_304' title='bbox 592 3837 649 3894; x_wconf 72' lang='grc' dir='ltr'>Ζ.)</span> <span class='ocrx_word' id='word_1_305' title='bbox 688 3837 743 3889; x_wconf 86' lang='grc' dir='ltr'>Ρ</span> <span class='ocrx_word' id='word_1_306' title='bbox 898 3835 1195 3904; x_wconf 85' lang='lat' dir='ltr'>coapostoli</span> <span class='ocrx_word' id='word_1_307' title='bbox 1236 3838 1319 3886; x_wconf 82' lang='lat' dir='ltr'>(co</span> <span class='ocrx_word' id='word_1_308' title='bbox 1356 3835 1414 3886; x_wconf 79' lang='lat' dir='ltr'>in</span> <span class='ocrx_word' id='word_1_309' title='bbox 1457 3849 1566 3886; x_wconf 78' lang='lat' dir='ltr'>ras.</span> <span class='ocrx_word' id='word_1_310' title='bbox 1611 3836 1761 3885; x_wconf 84' lang='lat'>2—3</span> <span class='ocrx_word' id='word_1_311' title='bbox 1799 3833 1834 3886; x_wconf 80' lang='lat' dir='ltr'>l.</span> <span class='ocrx_word' id='word_1_312' title='bbox 1873 3850 1940 3886; x_wconf 85' lang='lat' dir='ltr'>m.</span> <span class='ocrx_word' id='word_1_313' title='bbox 1979 3839 2043 3884; x_wconf 79' lang='lat' dir='ltr'>ut</span> <span class='ocrx_word' id='word_1_314' title='bbox 2078 3833 2194 3886; x_wconf 72' lang='lat' dir='ltr'>uid.</span> <span class='ocrx_word' id='word_1_315' title='bbox 2234 3833 2285 3902; x_wconf 89' lang='lat'>1)</span> <span class='ocrx_word' id='word_1_316' title='bbox 2323 3833 2398 3885; x_wconf 88' lang='lat' dir='ltr'>P¹</span> <span class='ocrx_word' id='word_1_317' title='bbox 2437 3834 2529 3902; x_wconf 88' lang='lat' dir='ltr'>qui</span> <span class='ocrx_word' id='word_1_318' title='bbox 2568 3849 2694 3901; x_wconf 84' lang='lat' dir='ltr'>apo-</span> 
     </span>
     <span class='ocr_line' id='line_1_35' title="bbox 404 3920 2701 3993; baseline -0.003 -13"><span class='ocrx_word' id='word_1_319' title='bbox 404 3927 531 3980; x_wconf 87' lang='lat' dir='ltr'>stoli</span> <span class='ocrx_word' id='word_1_320' title='bbox 567 3927 673 3980; x_wconf 85' lang='lat' dir='ltr'>HI</span> <span class='ocrx_word' id='word_1_321' title='bbox 852 3927 917 3978; x_wconf 85' lang='grc'>12</span> <span class='ocrx_word' id='word_1_322' title='bbox 952 3926 1168 3993; x_wconf 84' lang='lat' dir='ltr'>potuise</span> <span class='ocrx_word' id='word_1_323' title='bbox 1207 3923 1249 3975; x_wconf 90' lang='lat' dir='ltr'><em>I</em></span> <span class='ocrx_word' id='word_1_324' title='bbox 1394 3923 1612 3991; x_wconf 84' lang='lat' dir='ltr'>neglere</span> <span class='ocrx_word' id='word_1_325' title='bbox 1650 3921 1716 3974; x_wconf 89' lang='lat' dir='ltr'><strong><em>H</em></strong></span> <span class='ocrx_word' id='word_1_326' title='bbox 1749 3922 2030 3991; x_wconf 86' lang='lat' dir='ltr'>neclegere</span> <span class='ocrx_word' id='word_1_327' title='bbox 2067 3921 2108 3974; x_wconf 93' lang='lat' dir='ltr'><strong><em>I</em></strong></span> <span class='ocrx_word' id='word_1_328' title='bbox 2256 3920 2463 3990; x_wconf 79' lang='lat' dir='ltr'>aliquid</span> <span class='ocrx_word' id='word_1_329' title='bbox 2499 3936 2602 3977; x_wconf 86' lang='lat' dir='ltr'>om.</span> <span class='ocrx_word' id='word_1_330' title='bbox 2642 3921 2701 3974; x_wconf 89' lang='lat' dir='ltr'><strong><em>E</em></strong></span> 
     </span>
     <span class='ocr_line' id='line_1_36' title="bbox 404 4008 2698 4081; baseline -0.003 -13"><span class='ocrx_word' id='word_1_331' title='bbox 404 4017 467 4069; x_wconf 87' lang='lat'>13</span> <span class='ocrx_word' id='word_1_332' title='bbox 505 4016 558 4069; x_wconf 86' lang='lat' dir='ltr'>in</span> <span class='ocrx_word' id='word_1_333' title='bbox 598 4033 719 4074; x_wconf 82' lang='lat' dir='ltr'>om..</span> <span class='ocrx_word' id='word_1_334' title='bbox 759 4031 825 4067; x_wconf 85' lang='lat' dir='ltr'>m.</span> <span class='ocrx_word' id='word_1_335' title='bbox 856 4019 879 4066; x_wconf 82' lang='lat'><strong><em>1</em></strong></span> <span class='ocrx_word' id='word_1_336' title='bbox 918 4013 1046 4066; x_wconf 71' lang='lat' dir='ltr'>adel.</span> <span class='ocrx_word' id='word_1_337' title='bbox 1077 4013 1146 4066; x_wconf 84' lang='lat' dir='ltr'><strong><em>M</em></strong></span> <span class='ocrx_word' id='word_1_338' title='bbox 1287 4012 1530 4081; x_wconf 85' lang='lat' dir='ltr'>potuisse</span> <span class='ocrx_word' id='word_1_339' title='bbox 1565 4008 1611 4079; x_wconf 75' lang='lat' dir='ltr'><em>Q</em></span> <span class='ocrx_word' id='word_1_340' title='bbox 1757 4011 1833 4078; x_wconf 83' lang='lat' dir='ltr'>et]</span> <span class='ocrx_word' id='word_1_341' title='bbox 1877 4027 1936 4062; x_wconf 88' lang='lat' dir='ltr'>ex</span> <span class='ocrx_word' id='word_1_342' title='bbox 1980 4008 2025 4078; x_wconf 88' lang='lat' dir='ltr'><em>Q</em></span> <span class='ocrx_word' id='word_1_343' title='bbox 2169 4009 2424 4078; x_wconf 83' lang='lat' dir='ltr'>epistula]</span> <span class='ocrx_word' id='word_1_344' title='bbox 2466 4009 2698 4077; x_wconf 87' lang='lat' dir='ltr'>epistola</span> 
     </span>
     <span class='ocr_line' id='line_1_37' title="bbox 403 4099 2692 4174; baseline -0.003 -17"><span class='ocrx_word' id='word_1_345' title='bbox 403 4121 507 4158; x_wconf 89' lang='lat' dir='ltr'>non</span> <span class='ocrx_word' id='word_1_346' title='bbox 546 4105 647 4158; x_wconf 87' lang='lat' dir='ltr'>HI</span> <span class='ocrx_word' id='word_1_347' title='bbox 678 4105 733 4157; x_wconf 88' lang='lat' dir='ltr'>in</span> <span class='ocrx_word' id='word_1_348' title='bbox 774 4103 1075 4174; x_wconf 86' lang='lat' dir='ltr'>epistolam</span> <span class='ocrx_word' id='word_1_349' title='bbox 1113 4103 1157 4155; x_wconf 90' lang='lat' dir='ltr'>si</span> <span class='ocrx_word' id='word_1_350' title='bbox 1196 4101 1297 4154; x_wconf 88' lang='lat' dir='ltr'>hoc</span> <span class='ocrx_word' id='word_1_351' title='bbox 1337 4117 1441 4154; x_wconf 90' lang='lat' dir='ltr'>non</span> <span class='ocrx_word' id='word_1_352' title='bbox 1481 4101 1535 4152; x_wconf 88' lang='lat' dir='ltr'>in</span> <span class='ocrx_word' id='word_1_353' title='bbox 1578 4099 1898 4168; x_wconf 82' lang='lat' dir='ltr'>epistolalr</span> <span class='ocrx_word' id='word_1_354' title='bbox 2043 4099 2276 4167; x_wconf 90' lang='lat' dir='ltr'>quilibet</span> <span class='ocrx_word' id='word_1_355' title='bbox 2301 4099 2354 4150; x_wconf 81' lang='lat' dir='ltr'><strong><em>A</em></strong></span> <span class='ocrx_word' id='word_1_356' title='bbox 2468 4099 2534 4151; x_wconf 91' lang='lat'>14</span> <span class='ocrx_word' id='word_1_357' title='bbox 2571 4115 2692 4167; x_wconf 90' lang='lat' dir='ltr'>pro·</span> 
     </span>
     <span class='ocr_line' id='line_1_38' title="bbox 399 4183 2696 4258; baseline -0.003 -12"><span class='ocrx_word' id='word_1_358' title='bbox 399 4193 609 4247; x_wconf 79' lang='lat' dir='ltr'>locutus</span> <span class='ocrx_word' id='word_1_359' title='bbox 650 4195 687 4246; x_wconf 90' lang='grc' dir='ltr'><strong><em>Ι</em></strong></span> <span class='ocrx_word' id='word_1_360' title='bbox 794 4194 860 4248; x_wconf 93' lang='grc'>16</span> <span class='ocrx_word' id='word_1_361' title='bbox 897 4191 1033 4246; x_wconf 85' lang='lat' dir='ltr'>illud</span> <span class='ocrx_word' id='word_1_362' title='bbox 1071 4193 1135 4244; x_wconf 77' lang='lat' dir='ltr'>in·</span> <span class='ocrx_word' id='word_1_363' title='bbox 1163 4191 1281 4258; x_wconf 73' lang='lat' dir='ltr'>fine</span> <span class='ocrx_word' id='word_1_364' title='bbox 1318 4208 1371 4244; x_wconf 73' lang='lat' dir='ltr'>u.</span> <span class='ocrx_word' id='word_1_365' title='bbox 1412 4205 1512 4242; x_wconf 88' lang='lat' dir='ltr'>om.</span> <span class='ocrx_word' id='word_1_366' title='bbox 1552 4189 1613 4242; x_wconf 86' lang='grc' dir='ltr'><em>Ε</em></span> <span class='ocrx_word' id='word_1_367' title='bbox 1645 4189 1796 4242; x_wconf 88' lang='lat' dir='ltr'>illum</span> <span class='ocrx_word' id='word_1_368' title='bbox 1841 4187 1886 4257; x_wconf 90' lang='lat' dir='ltr'><em>Q</em></span> <span class='ocrx_word' id='word_1_369' title='bbox 2006 4187 2072 4240; x_wconf 90' lang='lat'>18</span> <span class='ocrx_word' id='word_1_370' title='bbox 2112 4191 2168 4240; x_wconf 90' lang='lat' dir='ltr'>et</span> <span class='ocrx_word' id='word_1_371' title='bbox 2202 4204 2303 4242; x_wconf 83' lang='lat' dir='ltr'>om.</span> <span class='ocrx_word' id='word_1_372' title='bbox 2349 4183 2454 4254; x_wconf 82' lang='lat' dir='ltr'>QE&#39;</span> <span class='ocrx_word' id='word_1_373' title='bbox 2589 4184 2696 4240; x_wconf 90' lang='lat' dir='ltr'>hoc</span> 
     </span>
     <span class='ocr_line' id='line_1_39' title="bbox 402 4275 2703 4351; baseline -0.003 -17"><span class='ocrx_word' id='word_1_374' title='bbox 402 4281 599 4351; x_wconf 80' lang='lat' dir='ltr'>agebat</span> <span class='ocrx_word' id='word_1_375' title='bbox 628 4283 687 4336; x_wconf 85' lang='grc' dir='ltr'><strong><em>Ε</em></strong></span> <span class='ocrx_word' id='word_1_376' title='bbox 794 4281 857 4334; x_wconf 91' lang='grc'>19</span> <span class='ocrx_word' id='word_1_377' title='bbox 899 4285 1015 4334; x_wconf 79' lang='lat' dir='ltr'>erat</span> <span class='ocrx_word' id='word_1_378' title='bbox 1054 4281 1218 4347; x_wconf 75' lang='lat' dir='ltr'>enim!</span> <span class='ocrx_word' id='word_1_379' title='bbox 1260 4283 1377 4332; x_wconf 87' lang='lat' dir='ltr'>erat</span> <span class='ocrx_word' id='word_1_380' title='bbox 1414 4283 1534 4349; x_wconf 88' lang='lat' dir='ltr'>(om.</span> <span class='ocrx_word' id='word_1_381' title='bbox 1576 4279 1740 4336; x_wconf 74' lang='lat' dir='ltr'>enim)</span> <span class='ocrx_word' id='word_1_382' title='bbox 1773 4277 1947 4329; x_wconf 78' lang='lat' dir='ltr'>PMA</span> <span class='ocrx_word' id='word_1_383' title='bbox 1987 4277 2078 4346; x_wconf 90' lang='lat' dir='ltr'>qui</span> <span class='ocrx_word' id='word_1_384' title='bbox 2118 4278 2232 4330; x_wconf 83' lang='lat' dir='ltr'>erat</span> <span class='ocrx_word' id='word_1_385' title='bbox 2260 4275 2327 4328; x_wconf 81' lang='lat' dir='ltr'><strong><em>H</em></strong></span> <span class='ocrx_word' id='word_1_386' title='bbox 2361 4275 2486 4344; x_wconf 87' lang='lat' dir='ltr'>quia</span> <span class='ocrx_word' id='word_1_387' title='bbox 2517 4278 2634 4328; x_wconf 83' lang='lat' dir='ltr'>erat</span> <span class='ocrx_word' id='word_1_388' title='bbox 2663 4275 2703 4328; x_wconf 85' lang='lat' dir='ltr'><em>I</em></span> 
     </span>
     <span class='ocr_line' id='line_1_40' title="bbox 402 4365 2427 4436; baseline -0.004 -12"><span class='ocrx_word' id='word_1_389' title='bbox 402 4370 472 4424; x_wconf 83' lang='lat'>20</span> <span class='ocrx_word' id='word_1_390' title='bbox 510 4370 777 4428; x_wconf 82' lang='lat' dir='ltr'>credebat.</span> <span class='ocrx_word' id='word_1_391' title='bbox 819 4387 955 4424; x_wconf 82' lang='lat' dir='ltr'>corr.</span> <span class='ocrx_word' id='word_1_392' title='bbox 994 4387 1060 4422; x_wconf 82' lang='lat' dir='ltr'>m.</span> <span class='ocrx_word' id='word_1_393' title='bbox 1089 4373 1113 4421; x_wconf 82' lang='lat'><strong><em>1</em></strong></span> <span class='ocrx_word' id='word_1_394' title='bbox 1154 4367 1446 4422; x_wconf 85' lang='lat' dir='ltr'>credebant</span> <span class='ocrx_word' id='word_1_395' title='bbox 1483 4367 1527 4436; x_wconf 81' lang='lat' dir='ltr'><em>Q</em></span> <span class='ocrx_word' id='word_1_396' title='bbox 1679 4368 1730 4418; x_wconf 88' lang='lat' dir='ltr'>in</span> <span class='ocrx_word' id='word_1_397' title='bbox 1773 4366 1972 4419; x_wconf 86' lang='lat' dir='ltr'>christo</span> <span class='ocrx_word' id='word_1_398' title='bbox 2016 4365 2114 4417; x_wconf 85' lang='lat' dir='ltr'>HI</span> <span class='ocrx_word' id='word_1_399' title='bbox 2255 4365 2346 4416; x_wconf 86' lang='lat' dir='ltr'>illo</span> <span class='ocrx_word' id='word_1_400' title='bbox 2395 4365 2427 4416; x_wconf 88' lang='grc' dir='ltr'><em>Ῑ</em></span> 
     </span>
    </p>
   </div>
  </div>
 </body>
</html>
