3184 4959
456 431 583 491 414
1172 429 1223 481 S.
1282 424 1554 480 Aureli
1611 425 2045 496 Augustini

456 622 764 686 multatus
831 625 949 685 est.
1018 639 1091 685 ex
1146 619 1411 686 consilio
1471 622 1687 684 autem
1751 619 1954 684 nostri
2019 620 2304 702 episcopi
2366 621 2615 705 legatos
2676 621 2754 684 ad

458 728 827 793 comitatum
877 727 1211 806 miserunt,
1261 727 1369 810 qui
1416 728 1848 809 impetrarent,
1895 730 1972 792 ut
2017 746 2138 792 non
2197 746 2414 793 omnes
2471 727 2756 811 episcopi

455 839 519 900 et
566 834 779 900 clerici
826 835 1024 918 partis
1072 838 1325 900 uestrae
1382 833 1460 898 ad
1516 834 1779 899 eandem
1835 833 2422 900 condemnationem
2465 835 2526 899 X
2569 834 2755 900 libra-

455 962 594 1006 rum
643 941 799 1020 auri,
849 960 1009 1023 quae
1055 940 1118 1005 in
1168 959 1385 1006 omnes
1433 941 1785 1006 haereticos
1835 940 2184 1006 constituta
2229 944 2346 1016 est,
2393 943 2758 1006 tenerentur

454 1047 570 1113 sed
642 1047 710 1112 hi
783 1047 925 1125 soli,
1002 1047 1067 1112 in
1132 1065 1403 1130 quorum
1468 1045 1626 1110 locis
1693 1045 1937 1128 aliquas
2005 1065 2040 1110 a
2102 1046 2340 1112 uest-ris
2411 1046 2754 1112 uiolentiae
2819 1071 2846 1110 τ.

458 1153 729 1220 ecclesia
776 1153 1089 1219 catholica
1134 1155 1476 1236 pateretur.
1526 1153 1643 1217 sed
1688 1153 1781 1217 sic
1829 1171 1974 1218 cum
2019 1153 2216 1238 legati
2258 1154 2524 1220 Romam
2567 1173 2756 1220 uene-

459 1263 622 1336 runt,
669 1261 796 1325 iam
846 1261 1173 1326 cicatrices
1222 1259 1503 1344 episcopi
1552 1259 1854 1326 catholici
1897 1259 2236 1344 Bagaitani
2281 1260 2624 1326 horrendae
2684 1280 2758 1326 ac

457 1367 931 1432 recentissimae
976 1367 1423 1450 imperatorem
1470 1367 1964 1440 commonerent,
2003 1369 2078 1430 ut
2120 1365 2298 1450 leges
2345 1367 2508 1432 tales
2547 1368 2758 1432 mitte-

459 1477 693 1551 rentur,
740 1474 960 1557 quales
1009 1479 1073 1538 et
1118 1473 1353 1538 missae
1402 1474 1572 1538 sunt.
1621 1472 1854 1554 quibus
1907 1472 1972 1536 in
2021 1473 2298 1538 Africam
2354 1473 2757 1538 uenientibus

462 1600 605 1644 cum
656 1581 876 1662 utique
922 1598 1045 1644 non
1094 1579 1173 1642 ad
1220 1579 1458 1644 malum
1511 1579 1624 1644 sed
1671 1579 1748 1644 ad
1794 1580 2030 1645 bonum
2071 1581 2445 1663 coepissetis
2481 1581 2757 1666 urgueri,
2797 1603 2849 1643 ιο

462 1687 615 1769 quid
661 1687 866 1752 facere
915 1686 1242 1752 debebatis
1289 1686 1411 1750 nisi
1450 1689 1517 1750 et
1550 1704 1670 1750 uos
1707 1686 1962 1752 mittere
2001 1687 2076 1752 ad
2115 1689 2448 1772 episcopos
2487 1691 2759 1766 nostros,

462 1799 555 1870 ut,
605 1811 729 1875 quo
776 1793 964 1859 modo
1011 1812 1131 1857 uos
1176 1792 1298 1875 ipsi
1348 1795 1788 1869 conuenerant,
1837 1793 1932 1858 sic
1977 1793 2464 1858 conuenirent-ur
2499 1813 2536 1858 a
2571 1794 2760 1860 uobis

464 1902 531 1964 et
573 1899 790 1982 potius
840 1900 1195 1964 conlatione
1242 1900 1481 1964 ueritas
1528 1903 1904 1983 appareret?

552 2005 695 2071 Non
770 2005 975 2072 solum
1050 2011 1265 2071 autem
1337 2025 1459 2072 non
1532 2005 1802 2082 fecistis,
1879 2006 1992 2071 sed
2063 2007 2278 2090 peiora
2349 2007 2518 2072 mala
2577 2006 2762 2073 nobis

466 2112 665 2176 uestri
710 2131 873 2177 nunc
919 2111 1181 2178 faciunt.
1244 2132 1367 2179 non
1422 2117 1678 2178 tantum
1731 2131 1848 2178 nos
1893 2113 2174 2178 fustibus
2223 2116 2530 2196 quassant
2570 2113 2759 2179 ferro-
2799 2137 2853 2176 ιε,

466 2212 619 2301 que'
655 2219 1015 2296 concidunt,
1080 2238 1305 2284 uerum
1371 2220 1563 2284 etiam
1625 2219 1688 2284 in
1745 2219 1965 2284 oculos
2021 2219 2476 2303 extinguendos
2523 2221 2762 2286 calcem

468 2326 663 2390 mixto
714 2328 889 2390 aceto
938 2326 1293 2391 incredibili
1348 2327 1810 2412 excogitatione
1867 2325 2126 2392 sceleris
2182 2327 2466 2393 mittunt.
2533 2327 2764 2393 domus

469 2435 717 2498 nostras
779 2430 1039 2516 insuper
1103 2434 1518 2516 compilantes
1584 2453 1758 2498 arma
1821 2433 1944 2498 sibi
2007 2433 2285 2516 ingentia
2341 2437 2405 2498 et
2456 2434 2765 2499 terribilia

466 2539 872 2616 fabricarunt,
948 2541 1175 2624 quibus
1250 2541 1473 2604 armati
1551 2559 1664 2622 per
1736 2540 1990 2604 diuersa
2061 2540 2423 2605 discurrunt
2504 2541 2765 2606 commi-

469 2649 691 2712 nantes
746 2651 937 2729 atque
994 2647 1361 2712 anhelantes
1421 2647 1668 2722 caedes,
1725 2647 1994 2730 rapinas,
2050 2648 2356 2722 incendia,
2405 2647 2767 2712 caecitates.
2804 2665 2860 2706 so

470 2752 701 2834 quibus
780 2753 969 2818 rebus
1044 2753 1359 2835 compulsi
1434 2773 1660 2818 sumus
1733 2754 1854 2818 tibi
1925 2753 2222 2835 primitus
2299 2755 2618 2836 conqueri,
2691 2755 2770 2817 ut

474 2860 833 2925 consideret
878 2860 1161 2943 grauitas
1208 2865 1341 2937 tua,
1389 2879 1580 2943 quam
1628 2861 1818 2924 multi
1863 2864 2171 2938 uestrum,
2218 2861 2412 2925 immo
2461 2880 2579 2926 uos
2637 2879 2766 2926 om-

472 2986 604 3042 nes,
681 2968 790 3049 qui
864 2988 981 3032 uos
1056 2968 1189 3048 pati
1262 2967 1475 3032 dicitis
1550 2967 2078 3049 persecutionem,
2155 2967 2274 3032 sub
2351 2967 2509 3048 ipsis
2585 2966 2768 3048 quasi

475 3072 860 3137 terribilibus
923 3073 1374 3156 imperatorum
1440 3073 1900 3138 catholicorum
1963 3073 2217 3156 legibus
2282 3073 2344 3136 in
2409 3074 2769 3156 possessio-

474 3179 659 3244 nibus
724 3179 961 3243 uestris
1027 3184 1092 3244 et
1144 3179 1367 3243 alienis
1428 3180 1634 3244 securi
1681 3179 1958 3244 sedeatis
2003 3182 2068 3244 et
2111 3199 2228 3244 nos
2275 3199 2312 3244 a
2359 3181 2591 3244 uestris
2640 3183 2767 3245 tam
2807 3199 2862 3240 ιε

475 3285 761 3350 inaudita
806 3286 974 3349 mala
1019 3285 1355 3367 patiamur.
1404 3304 1523 3350 uos
1574 3286 1784 3350 dicitis
1834 3287 1966 3368 pati
2010 3287 2512 3369 persecutionem
2555 3290 2619 3352 et
2655 3307 2770 3352 nos

477 3392 553 3456 ab
613 3393 869 3456 armatis
927 3392 1159 3457 uestris
1216 3393 1497 3458 fustibus
1558 3397 1621 3458 et
1675 3395 1836 3458 ferro
1895 3394 2313 3462 concidimur:
2379 3412 2498 3458 uos
2557 3393 2770 3458 dicitis

554 3622 575 3672 1
621 3635 681 3672 ex
720 3619 947 3673 concilio
986 3619 1105 3674 edd.
1250 3620 1467 3690 legatus
1507 3621 1612 3675 FA
1753 3621 1786 3674 3
1827 3619 2013 3674 decem
2048 3621 2102 3674 A
2140 3619 2261 3674 edd.
2400 3623 2432 3674 5
2473 3620 2687 3690 aliquas
2727 3622 2774 3688 (s

478 3713 641 3774 ewa.)
680 3707 741 3762 F
878 3708 1157 3764 uiolentiis
1193 3709 1255 3764 F
1358 3711 1391 3764 6
1428 3711 1507 3764 sic
1544 3727 1649 3763 om.
1688 3709 1807 3764 edd.
1955 3726 2076 3764 cum
2112 3725 2216 3764 om.
2255 3709 2413 3765 codd.
2525 3711 2554 3762 7
2593 3709 2774 3763 bacai-

478 3797 593 3850 tani
619 3796 695 3850 M
696 3799 799 3850 FA
820 3814 859 3850 a
887 3797 1146 3866 Vagitani
1182 3803 1299 3852 cett.
1330 3797 1453 3852 edd.
1484 3804 1782 3867 praeterm
1891 3797 2158 3853 horrenda
2195 3815 2261 3852 ea
2297 3799 2693 3853 cretentissime
2723 3799 2776 3850 A

478 3887 509 3940 9
550 3890 607 3939 et
640 3886 861 3957 missae]
912 3888 1105 3941 emisse
1140 3887 1217 3942 M
1396 3888 1462 3942 10
1498 3903 1730 3956 urguere
1766 3886 1946 3941 MFA
2130 3889 2193 3941 12
2243 3891 2671 3960 conuenerantur
2705 3886 2778 3940 M

550 3991 582 4027 a
618 3974 773 4028 nobis
810 3977 865 4028 A
996 3977 1059 4029 17
1099 3976 1527 4044 excogitationes
1568 3979 1615 4041 (s
1653 3981 1816 4042 eras.)
1856 3976 1918 4029 F
2040 3977 2107 4030 18
2145 3976 2366 4045 insuper
2403 3983 2618 4030 nostras
2655 3975 2776 4029 edd.

484 4065 547 4118 19
586 4065 1043 4118 communicantes
1072 4065 1125 4119 A
1226 4066 1289 4119 21
1334 4065 1581 4135 conquiri
1619 4067 1674 4118 A
1773 4069 1836 4118 ut
1871 4080 1974 4120 om.
2013 4065 2133 4119 edd.
2167 4071 2462 4134 praeterm
2561 4065 2628 4118 22
2655 4065 2774 4132 tua}

478 4159 729 4208 uestram
874 4155 942 4208 23
982 4155 1073 4222 qui
1108 4171 1225 4217 nos,
1266 4171 1402 4210 corr.
1440 4171 1509 4212 m.
1532 4160 1562 4208 1
1601 4157 1692 4225 qui
1731 4171 1829 4212 uos
1869 4156 1923 4209 A
2067 4157 2136 4210 25
2173 4158 2358 4208 tamen
2396 4153 2600 4218 audita,
2639 4169 2776 4208 corr.

481 4243 740 4310 (m.1??1
792 4247 905 4298 tam
951 4243 1201 4296 inaudita
1247 4243 1306 4298 F
1480 4247 1549 4299 26
1599 4245 1780 4298 dicitis
1817 4269 1846 4296 ο
1881 4244 2018 4314 (fuit
2064 4248 2144 4314 q2l
2184 4244 2241 4298 A
2421 4243 2538 4313 pati
2583 4259 2685 4297 om.
2723 4241 2785 4294 F

479 4334 547 4386 :37
586 4321 715 4391 nris.
754 4349 889 4387 corr.
930 4339 1049 4387 m.1
1087 4321 1193 4386 uris
1232 4333 1306 4385 M
1448 4334 1714 4387 fructibus
1751 4333 1808 4387 A
