3184 4959
445 423 576 488 574
1191 425 1243 478 S.
1301 424 1574 477 Aureli
1635 425 2063 494 Augustini

448 637 626 684 crum
692 618 798 684 uel
861 618 922 683 in
989 619 1212 683 mortis
1277 618 1660 701 profundum
1732 622 1796 683 et
1870 619 2039 684 sicut
2103 620 2209 685 ille
2274 641 2387 704 pro
2454 622 2575 699 his,
2642 621 2750 704 qui

449 729 830 809 tempestate
887 726 1427 810 periclitabantur,
1486 727 1577 790 ita
1636 725 1927 791 Christus
1984 746 2097 810 pro
2155 728 2276 805 hie,
2346 729 2455 812 qui
2508 730 2573 794 in
2629 727 2751 792 hoc

451 833 707 898 saeculo
756 831 1086 912 fluctuant,
1138 835 1203 896 et
1251 831 1420 896 sicut
1463 832 1667 915 primo
1716 832 1964 895 iussum
2014 837 2133 911 est,
2176 839 2249 898 ut
2284 835 2754 917 praedicaretur

448 939 770 1006 Nineuitis
829 958 866 1003 a
917 939 1094 1017 Iona,
1159 937 1271 1004 sed
1325 957 1446 1003 non
1505 938 1586 1003 ad
1642 957 1749 1003 eos
1805 941 2099 1021 peruenit
2150 941 2486 1024 prophetia
2538 943 2750 1020 Ionae,

451 1046 573 1112 nisi
619 1050 1034 1128 posteaquam
1083 1064 1230 1110 eum
1285 1050 1466 1110 cetus
1525 1045 1833 1120 euomuit,
1881 1046 1973 1110 ita
2027 1047 2360 1130 prophetia
2404 1050 2756 1130 praemissa
2818 1069 2847 1112 5

453 1156 552 1218 est
607 1152 684 1216 ad
743 1155 987 1236 gentes,
1047 1151 1160 1216 sed
1213 1152 1337 1216 nisi
1391 1156 1541 1235 post
1585 1152 2114 1217 resurrectionem
2163 1153 2401 1218 Christi
2448 1174 2571 1220 non
2617 1175 2753 1239 per·

453 1259 632 1326 uenit
678 1258 756 1323 ad
803 1261 1047 1342 gentes,
1782 1335 1803 1355 .
2274 1255 2281 1264 ’

347 1362 430 1424 35
541 1366 678 1430 Iam
734 1385 885 1430 uero
937 1364 1107 1449 quod
1153 1365 1633 1430 tabernaculum
1682 1366 1805 1431 sibi
1856 1367 2192 1432 constituit
2236 1371 2303 1432 et
2348 1369 2639 1434 consedit
2682 1389 2757 1433 ex

455 1473 720 1538 aduerso
779 1471 1064 1536 ciuitatis
1121 1471 1389 1550 Nineue,
1458 1472 1614 1554 quid
1672 1473 1729 1538 ei
1785 1473 2075 1539 futurum
2136 1479 2325 1551 esset,
2394 1479 2753 1558 expectanS,

455 1579 717 1643 alterius
793 1577 1276 1662 significationis
1351 1597 1682 1662 personam
1756 1581 2065 1662 propheta
2141 1582 2455 1664 gestabat.
2532 1583 2753 1665 praefi·
2791 1609 2851 1648 ιο

458 1686 725 1770 gurabat
781 1685 946 1748 enim
1006 1686 1318 1750 carnalem
1385 1687 1693 1768 populum
1752 1687 2015 1753 Israhel.
2083 1707 2225 1752 nam
2293 1689 2444 1754 huic
2504 1693 2637 1754 erat
2692 1693 2759 1752 et

458 1793 719 1857 tristitia
773 1791 851 1856 de
919 1791 1122 1856 salute
1177 1791 1647 1870 Nineuitarum,
1716 1793 1837 1858 hoc
1902 1799 2003 1858 est
2058 1795 2136 1859 de
2199 1794 2635 1879 redemptione
2693 1801 2760 1860 et

454 1898 827 1964 liberatione
867 1898 1176 1982 gentium.
1211 1898 1377 1964 unde
1419 1899 1596 1964 uenit
1634 1899 1926 1966 Christus
1964 1919 2256 1966 uocare
2294 1920 2443 1966 non
2484 1903 2756 1967 iustos

460 2003 596 2070 sed
667 2008 1150 2087 peccatores
1222 2007 1300 2070 in
1383 2007 2003 2090 paenitentiam.
2085 2008 2530 2074 umbraculum
2606 2029 2755 2093 ergo

461 2111 826 2177 cucurbitae
883 2131 1074 2196 super
1121 2115 1314 2196 caput
1361 2113 1499 2178 eius
1554 2115 2013 2196 promissiones
2061 2118 2239 2180 erant
2280 2116 2519 2182 ueteris
2565 2119 2759 2181 testa·
2796 2141 2853 2182 15

461 2217 655 2282 menti
723 2218 824 2281 uel
887 2218 1030 2302 ipsa
1091 2219 1218 2283 iam
1284 2239 1565 2298 munera,
1642 2221 1707 2285 in
1779 2220 2012 2303 quibus
2079 2225 2213 2286 erat
2275 2222 2519 2305 utique,
2588 2222 2757 2286 sicut

460 2324 617 2389 dicit
689 2324 1041 2406 apostolus,
1125 2325 1399 2390 umbra
1481 2325 1947 2392 futurorum
2020 2329 2345 2410 tamquam
2422 2327 2499 2392 ab
2576 2331 2753 2392 aestu

460 2430 904 2514 temporalium
941 2431 1252 2497 malorum
1295 2433 1355 2498 in
1393 2433 1560 2497 terra
1596 2433 2035 2516 promissionis
2076 2434 2549 2500 defensaculum
2583 2452 2763 2516 prae-

459 2537 638 2602 bens.
685 2538 926 2603 uermis
973 2541 1187 2604 autem
1235 2538 1611 2616 matutinus,
1659 2558 1783 2623 quo
1831 2540 2091 2606 rodente
2128 2539 2459 2606 cucurbita
2496 2541 2761 2618 exaruit,

458 2644 628 2710 idem
696 2644 836 2726 ipse
899 2663 1120 2711 rursus
1179 2644 1470 2711 Christus
1537 2648 1833 2726 occurrit,
1900 2665 1972 2711 ex
2028 2649 2213 2713 cuius
2270 2665 2377 2712 ore
2432 2649 2761 2733 euangelio
2798 2673 2857 2715 ao

645 2907 677 2960 3
715 2905 832 2958 Ion.
877 2908 924 2969 1,
965 2906 1134 2971 2—3;
1174 2906 1224 2972 3,
1265 2907 1406 2960 2—3
1516 2907 1549 2959 8
1585 2907 1706 2960 Ion.
1746 2909 1796 2968 4,
1836 2910 1868 2962 5
2001 2909 2065 2962 13
2102 2907 2230 2962 Luc.
2271 2910 2321 2971 5,
2360 2910 2429 2962 32
2542 2908 2607 2962 17
2647 2907 2761 2962 Col.

463 2997 514 3058 2,
558 2996 649 3058 173
687 2995 853 3048 Hebr.
897 2995 980 3056 10,
1023 2997 1049 3048 1
1169 2995 1232 3048 19
1268 2994 1384 3048 Ion.
1413 2995 1476 3060 ·4‚
1519 2997 1544 3048 7

541 3175 567 3228 1
607 3173 699 3226 uel
735 3172 1002 3226 immortis
1037 3171 1096 3226 Ρ
1223 3175 1443 3234 mortes,
1483 3189 1621 3228 corr.
1662 3191 1731 3230 m.
1750 3179 1781 3227 1
1818 3173 2009 3228 mortis
2052 3173 2100 3228 0
2202 3175 2235 3228 3
2274 3173 2767 3228 uunanfluctuabantur

467 3265 600 3330 (ras.
637 3265 672 3314 6
695 3263 810 3328 fere
838 3261 898 3326 Ζ.)
927 3260 987 3315 Ε
1123 3261 1329 3315 nissum
1369 3261 1468 3318 del.
1510 3263 1695 3316 altera
1722 3280 1748 3316 s
1778 3263 1845 3316 H
1876 3264 2097 3328 iussom,
2136 3279 2275 3317 corr.
2312 3281 2381 3317 m.
2402 3267 2433 3316 1
2462 3263 2667 3316 iussum
2694 3261 2769 3315 M

536 3348 878 3418 praedicaret
913 3349 972 3402 E
1110 3352 1146 3402 4
1185 3349 1460 3413 nineuiti3‚
1499 3368 1567 3404 m.
1592 3355 1633 3404 2
1667 3352 1919 3406 niniuitis
1956 3351 2084 3406 ΜΘ
2120 3351 2412 3416 nineuetis,
2450 3368 2518 3406 m.
2540 3347 2770 3406 2'nine—

468 3436 598 3492 uitis
633 3437 690 3491 P
721 3438 984 3491 niniuetis
1028 3437 1076 3492 0
1107 3439 1355 3492 niniuitis
1393 3441 1508 3494 AB
1540 3439 1660 3494 edd.
1690 3446 1918 3509 praeter
1953 3457 1983 3492 r
2104 3458 2137 3494 a
2170 3441 2307 3495 Iona
2342 3457 2445 3495 om.
2482 3441 2543 3494 E
2644 3457 2769 3510 per·
2876 3449 2889 3460 ·

469 3527 621 3580 uenit
657 3524 726 3579 ad
765 3543 854 3580 eos
891 3527 952 3580 E
1090 3529 1344 3597 preuenit
1386 3527 1434 3582 0
1573 3529 1908 3599 praedicatio
1950 3547 2001 3582 m
2181 3531 2213 3583 6
2250 3530 2379 3599 nisi]
2419 3545 2528 3582 non
2568 3529 2675 3582 nisi
2710 3529 2761 3580 A

541 3631 648 3668 non
696 3631 797 3670 om.
835 3614 976 3669 HM
1017 3617 1172 3683 (add.
1219 3633 1287 3670 m.
1309 3619 1359 3686 1)
1397 3617 1450 3670 A
1633 3619 1667 3671 9
1712 3619 1907 3672 nineue
1948 3619 2013 3671 M
2060 3623 2149 3683 (m.
2174 3621 2214 3671 2
2256 3618 2465 3683 niniue)
2505 3618 2561 3672 P
2604 3622 2766 3684 (corr.

469 3703 676 3769 niniae)
716 3703 900 3757 niniue
937 3704 1114 3759 AGE
1145 3705 1266 3759 edd.
1295 3713 1528 3775 praeter
1563 3723 1594 3760 r
1704 3708 1771 3762 10
1809 3707 2229 3776 significationis
2266 3723 2368 3762 om.
2413 3706 2463 3761 G
2608 3723 2766 3775 prae-

471 3793 728 3862 figurauit
763 3791 948 3847 ΗΜΛ
1060 3795 1121 3848 11
1164 3795 1291 3849 hinc
1329 3795 1574 3850 HMAG
1713 3796 1779 3849 12
1816 3795 2204 3858 nineuitarum,
2243 3813 2309 3850 m.
2333 3799 2371 3847 2
2408 3795 2766 3848 niniuitarum

471 3879 649 3936 ΗΡΘ
685 3881 1050 3935 niniuetarum
1095 3883 1142 3935 G
1173 3882 1527 3936 niniuitarum
1567 3883 1687 3937 ΑΕ
1718 3883 1839 3936 edd.
1870 3887 2099 3952 praeter
2133 3899 2165 3935 r
2368 3881 2765 3952 redemptione]

473 3968 862 4023 resurrectione
891 3969 950 4022 E
1049 3973 1112 4024 15
1155 3975 1311 4025 erant
1347 3971 1731 4041 promissiones
1768 3971 1829 4024 E
1966 3970 2341 4040 promissionis
2372 3969 2437 4023 H
2522 3971 2609 4023 -17
2636 3987 2770 4040 apo-

474 4058 646 4112 stolus
683 4057 820 4112 dicit
845 4059 908 4113 E
1013 4059 1078 4113 18
1118 4058 1508 4114 defensiculum
1543 4059 1590 4113 0
1691 4061 1756 4114 19
1794 4060 2095 4113 matutinus
2134 4062 2298 4128 (post.
2338 4075 2373 4113 u
2410 4075 2479 4112 a·
2514 4065 2675 4124 corr.)
2704 4059 2773 4112 H

477 4147 760 4201 matutinis
799 4151 852 4200 A
999 4165 1104 4218 quo
1143 4148 1368 4203 radente
1409 4153 1597 4218 (super
1633 4165 1666 4203 a
1704 4166 1769 4204 m.
1790 4153 1821 4202 1
1858 4148 1989 4202 add.
2021 4152 2074 4213 o)
2104 4147 2179 4201 M
2212 4165 2317 4218 quo
2356 4147 2583 4202 rudente
2620 4151 2709 4217 (m.
2732 4151 2774 4200 2

476 4236 724 4296 rodente)
761 4237 816 4289 Α
853 4237 1219 4306 quottidente,
1257 4255 1326 4290 m.
1348 4241 1388 4292 2
1425 4255 1527 4307 quo
1566 4237 1795 4292 rodente
1832 4238 1860 4290 l·
1894 4236 2179 4291 mordente
2222 4237 2275 4292 G·
2480 4239 2551 4292 20
2588 4235 2677 4291 ide
2718 4241 2771 4302 (ὅ

477 4341 545 4380 m.
571 4327 637 4390 ,2,-
673 4327 854 4392 fuitne
892 4335 960 4386 r?
999 4323 1050 4383 ?>
1091 4325 1142 4378 P
1284 4327 1515 4380 christus
1551 4343 1764 4380 rursum
1804 4327 1865 4380 E
2004 4328 2087 4396 ex]
2126 4331 2181 4379 et
2216 4326 2283 4380 H
2450 4341 2539 4380 ore
2574 4341 2676 4380 om.
2716 4325 2781 4379 E
