3184 4959
483 424 611 487 384
1212 420 1265 474 S.
1324 419 1591 473 Aureli
1647 420 2078 489 Augustini

485 616 756 692 credere,
824 617 878 682 si
943 635 1101 680 uasa
1168 619 1319 682 sunt
1388 615 1630 682 Christi
1693 634 1816 680 non
1891 615 1955 678 in
2022 615 2474 680 contumeliam
2543 616 2656 680 sed
2718 617 2782 679 in

483 725 782 788 honorem
846 724 1017 788 facta
1080 725 1145 787 et
1210 722 1522 805 disposita
1586 722 1651 786 in
1719 721 1904 786 domo
1972 741 2202 806 magna
2257 741 2294 786 a
2351 722 2464 788 deo
2511 722 2575 787 in
2623 742 2784 806 opus

482 831 739 896 bonum.
807 830 975 913 quod
1041 831 1097 896 si
1160 834 1309 912 post
1361 831 1520 894 hanc
1578 828 2068 895 adtestationem
2123 847 2352 908 meam,
2411 829 2467 895 si
2511 829 2574 894 in
2622 830 2783 894 noti-

480 939 637 1002 tiam
686 957 903 1002 eorum
950 939 1213 1015 uenerit,
1260 939 1465 1002 facere
1513 937 1854 1014 uoluerint,
1905 956 2094 1018 quam
2141 957 2260 1002 non
2307 940 2478 1002 recte
2523 937 2780 1004 faciant.

484 1047 548 1109 et
592 1048 665 1110 tu
712 1044 915 1112 uides,
2837 1067 2864 1104 5

376 1149 459 1210 33
574 1149 755 1230 Quod
830 1171 978 1216 sane
1054 1151 1428 1234 scripseram
1501 1150 1747 1215 nullum
1823 1169 1926 1214 me
2007 1149 2242 1214 librum
2325 1151 2633 1215 aduersus
2715 1154 2778 1214 te

479 1259 745 1322 Romam
792 1258 1071 1334 misisse,
1120 1257 1261 1321 idco
1311 1257 1709 1340 scripseram,
1759 1257 1908 1339 quia
1955 1261 2022 1321 et
2064 1257 2210 1322 libri
2257 1277 2485 1322 nomen
2536 1257 2610 1321 ab
2668 1257 2778 1321 illa

482 1364 759 1446 epistula
823 1363 1277 1439 discernebam,
1343 1362 1509 1427 unde
1568 1364 1820 1428 omnino
1878 1363 2095 1428 nescio
2145 1362 2298 1445 quid
2345 1363 2517 1428 aliud
2561 1369 2625 1427 te
2675 1383 2778 1427 au-

482 1470 653 1535 disse
720 1469 1251 1548 cxistimaueram,
1319 1473 1385 1533 et
1443 1469 1712 1534 Romam
1779 1489 1893 1534 nec
1967 1469 2170 1551 ipsam
2249 1470 2594 1551 epistulam
2669 1471 2780 1534 sed

479 1577 596 1641 tibi
643 1577 937 1641 miseram
986 1581 1051 1641 et
1097 1577 1402 1641 aduersus
1450 1579 1512 1640 te
1561 1596 1683 1641 non
1731 1595 1874 1640 esse
1912 1577 2277 1653 arbitrabar,
2319 1578 2485 1659 quod
2526 1577 2780 1642 sinceri·
2819 1601 2871 1640 ιο

479 1687 613 1748 tate
669 1683 987 1748 amicitiae
1046 1683 1182 1748 siue
1238 1683 1319 1748 ad
1374 1683 1839 1748 admonendum
1897 1683 2035 1747 siue
2094 1683 2170 1748 ad
2226 1687 2289 1748 te
2347 1684 2452 1748 uel
2503 1703 2606 1747 me
2666 1685 2778 1747 abs

434 1807 451 1825 ·
480 1795 544 1854 te
610 1791 1049 1874 corrigendum
1106 1790 1335 1855 fecisse
1382 1809 1484 1854 me
1540 1809 1860 1854 noueram.
1929 1790 2206 1873 exceptis
2255 1793 2466 1854 autem
2512 1789 2778 1853 familia·

479 1896 656 1961 ribus
730 1896 863 1960 tuis
934 1901 997 1960 te
1077 1896 1291 1978 ipsum
1366 1896 1629 1961 obsecro
1702 1915 1852 1978 per·
1889 1897 2178 1980 gratiam,
2266 1915 2391 1978 qua
2469 1894 2776 1977 redempti

482 2022 726 2081 sumus,
784 2007 877 2081 ut,
936 2021 1369 2085 quaecumque
1425 2005 1540 2067 tua
1592 2002 1776 2081 bona,
1833 2021 1992 2087 quae
2043 2003 2161 2067 tibi
2208 2002 2446 2067 domini
2493 2002 2778 2066 bonitate

482 2128 781 2175 concessa
835 2119 1002 2188 sunt,
1059 2111 1123 2173 in
1177 2110 1408 2176 litteris
1468 2110 1630 2174 meis
1677 2110 1883 2191 posui,
1933 2128 2052 2175 non
2101 2129 2204 2173 me
2253 2109 2576 2173 existimes
2625 2108 2774 2172 insi·
2817 2134 2870 2170 ιε»

368 2221 373 2226 “
482 2215 661 2282 dioso
724 2216 1156 2298 blandiloquio
1222 2217 1537 2298 posuisse,
1609 2216 1663 2280 si
1730 2215 1882 2298 quid
1947 2220 2160 2282 autem
2225 2217 2289 2280 in
2355 2219 2417 2280 te
2491 2215 2772 2298 peccaui,

483 2323 766 2388 dimittas
820 2323 999 2388 mihi.
1064 2343 1177 2388 nec
1233 2323 1415 2401 illud,
1474 2324 1644 2406 quod
1703 2323 1778 2386 de
1837 2324 2050 2388 nescio
2107 2323 2290 2388 cuius
2353 2325 2578 2406 poetae
2641 2322 2771 2387 fato

478 2429 755 2510 ineptius
818 2428 1087 2494 fortasse
1152 2449 1343 2510 quam
1395 2429 1739 2494 litteratius
1797 2449 1834 2492 a
1888 2449 1989 2494 me
2045 2433 2608 2494 commemoratum
2655 2432 2772 2504 est,

480 2535 775 2618 amplius,
842 2555 1031 2618 quam
1097 2536 1244 2612 dixi,
1302 2537 1377 2600 ad
1436 2540 1497 2600 te
1554 2536 1790 2628 trahas,
1849 2555 1996 2600 cum
2052 2537 2349 2600 continuo
2399 2535 2773 2600 subiecerim

480 2659 599 2705 non
664 2643 785 2707 hoc
848 2642 989 2708 idco
1054 2663 1157 2706 me
1225 2642 1477 2719 dixisse,
1545 2646 1618 2706 ut
1675 2643 1894 2706 oculos
1960 2642 2166 2707 cordis
2213 2641 2545 2724 reciperes,
2593 2644 2774 2724 ‘quos
2812 2669 2866 2707 20

480 2749 685 2826 absit’,
742 2750 1023 2832 inquam,
1082 2753 1175 2813 ‘ut
1230 2749 1561 2826 amiseris’,
1623 2749 1735 2814 sed
1792 2753 1864 2812 ut
1917 2748 2302 2826 aduertereS,
2362 2768 2520 2830 quos
2587 2768 2773 2812 sanos

481 2873 552 2917 ac
598 2855 830 2939 uigiles
886 2856 1171 2920 haberes.
1236 2859 1496 2938 propter
1550 2855 1751 2920 solam
1801 2875 1948 2938 ergo
1995 2855 2379 2938 παλινῳδίαν,
2430 2854 2484 2919 si
2535 2854 2774 2936 aliquid

660 3100 687 3153 1
727 3100 782 3153 ΙΙ
818 3099 953 3154 Tim.
993 3101 1042 3163 2,
1082 3099 1288 3153 20-21
1493 3099 1632 3153 6-7
1675 3099 1739 3154 cf.
1779 3117 1830 3169 p.
1871 3099 1991 3163 238,
2030 3100 2172 3154 4—6
2369 3099 2576 3152 17-22
2617 3099 2682 3153 cf.
2707 3081 2771 3168 p.

479 3189 563 3242 78.
606 3190 743 3242 1-7
1116 3201 1129 3208 ’

552 3351 574 3403 1
619 3347 903 3402 crededere
941 3348 995 3400 A
1104 3347 1293 3401 christi
1331 3351 1459 3402 sunt
1494 3347 1556 3400 E
1623 3351 1656 3402 2
1697 3364 1728 3400 a.
1767 3347 1866 3402 deo
1904 3348 1984 3417 in]
2023 3365 2055 3402 a
2093 3348 2286 3401 domne
2325 3347 2392 3401 H
2425 3365 2459 3400 a.
2495 3347 2709 3400 domine
2743 3349 2778 3400 I

478 3438 545 3491 ad
584 3453 741 3491 omne
786 3436 893 3506 ΟΕ
994 3437 1027 3490 3
1067 3453 1171 3506 quo
1210 3435 1337 3489 PM
1472 3437 1827 3490 testationem
1867 3436 1974 3506 QE
2112 3437 2158 3489 si
2196 3453 2298 3490 om.
2337 3437 2400 3489 E
2535 3435 2592 3489 in
2629 3437 2774 3488 noti-

473 3529 607 3580 tiam
612 3547 631 3595 j
666 3526 1029 3579 innocentiam
1065 3525 1205 3579 PIA
1388 3527 1421 3578 4
1460 3526 1695 3579 uoluerit
1730 3526 1788 3578 P
1970 3525 2116 3594 quod
2154 3525 2214 3578 E
2389 3527 2422 3578 6
2459 3524 2684 3578 mullum
2722 3526 2775 3578 A

476 3619 509 3669 9
548 3615 977 3668 existimaberam
1013 3613 1083 3667 H
1215 3616 1275 3668 11
1320 3615 1391 3668 ad
1432 3615 1644 3683 (eras.)!
1689 3613 2082 3668 admonendum
2121 3615 2182 3668 E
2322 3615 2437 3668 siue
2474 3618 2529 3667 te
2569 3613 2657 3668 uel
2699 3617 2776 3678 (te

477 3707 536 3758 in
570 3720 682 3758 ras.
721 3721 789 3758 m.
813 3707 851 3756 2
888 3705 1083 3758 addito
1118 3720 1163 3758 ε.
1202 3721 1257 3758 u.
1304 3721 1336 3757 a
1368 3707 1475 3769 me)
1515 3705 1577 3758 Ε
1801 3704 1864 3756 12
1913 3721 1997 3758 me
2045 3721 2145 3758 om.
2193 3703 2238 3773 Q
2273 3721 2358 3758 me
2397 3720 2506 3757 non
2544 3701 2777 3756 PMAR

546 3792 799 3846 noberam
839 3791 907 3845 H
1042 3793 1419 3856 familiaribuS,
1457 3792 1521 3846 in
1554 3807 1727 3862 mary.
1769 3791 1954 3845 amicis
1994 3793 2034 3844 I
2184 3794 2251 3846 14
2287 3792 2534 3846 bonitate
2572 3791 2777 3846 domini

463 3883 508 3950 f
524 3883 661 3935 lrm
696 3883 902 3952 pietate
940 3881 1144 3936 domini
1184 3899 1271 3936 ae
1416 3882 1480 3935 16
1518 3882 1740 3951 peccabi
1777 3880 1878 3934 HI
2020 3883 2084 3935 17
2125 3881 2190 3935 de
2230 3898 2332 3936 om.
2369 3881 2582 3951 HQIE
2616 3879 2682 3934 de
2719 3884 2776 3933 te

474 3972 783 4027 PJ1AP¹R
994 3972 1140 4026 facto
1186 3969 1601 4041 HQM1AP²E
1644 3973 1805 4036 (corr.
1853 3970 2078 4039 factum)
2129 3970 2268 4023 lrm
2318 3969 2522 4024 factum
2569 3968 2624 4023 R
2648 3969 2784 4034 aes

478 4063 543 4115 ls
584 4077 742 4130 quam
780 4078 881 4116 om.
921 4063 956 4114 1
1100 4062 1166 4115 19
1204 4064 1381 4114 tracas
1420 4061 1489 4114 H
1638 4060 1922 4114 subiccrim
1967 4059 2014 4130 Q
2158 4061 2220 4112 21
2263 4075 2518 4128 umquam
2557 4058 2662 4111 HI
2689 4058 2775 4126 (in

474 4167 647 4218 marg).
686 4149 998 4220 aliquando)
1041 4149 1162 4204 edd.
1311 4148 1405 4203 sed
1444 4151 1528 4218 ut]
1570 4149 1666 4202 sed
1704 4149 1832 4203 illut
1867 4149 1934 4202 H
2080 4150 2352 4202 auerteres
2394 4146 2501 4216 QE
2639 4161 2772 4214 quos

475 4255 603 4290 anos
630 4237 677 4307 Q
705 4256 808 4307 quo
842 4244 929 4304 (m.
953 4243 993 4292 2
1030 4241 1183 4307 quos)
1225 4237 1462 4290 sanosE
1531 4238 1600 4290 22
1639 4254 1700 4290 ac
1739 4236 1957 4306 uigiles]
1998 4235 2100 4290 hac
2127 4237 2264 4289 uiles
2287 4234 2354 4288 H
2459 4231 2770 4303 palinodian

474 4326 781 4380 PMAP¹R
816 4326 1147 4396 palinodiam
1192 4324 1297 4394 ΟΕ
1328 4326 1681 4396 palinodiam
1722 4325 1788 4380 H
1820 4325 2106 4395 paynolam
2145 4324 2186 4376 I
