3184 4959
424 1065 455 1126 1

516 439 645 503 394
1218 435 1272 491 S.
1331 434 1605 488 Aureli
1663 434 2103 503 Augustini

1508 630 1820 698 LXXXV.

510 770 801 827 DOMINO
856 769 1287 827 SINCER-ITER
1332 769 1843 826 DILECTISSIMO
1892 771 1982 825 ET
2019 769 2232 825 VOTIS
2273 767 2600 825 OMNIBUS
2639 767 2808 823 BEA-

512 860 909 916 TIFICANDO
948 860 1211 916 FRATRI
1248 861 1341 916 ΕΤ
1380 860 1940 917 CONSACERDOTI
1967 860 2206 917 PAULO
2239 859 2698 916 AUGUSTINUS
2729 860 2808 914 IN

1320 949 1614 1004 DOMINO
1657 949 2005 1005 SALUTEM.

598 1075 751 1140 Tam
816 1075 1265 1142 inexorabilem
1332 1095 1435 1140 me
1500 1095 1624 1140 non
1679 1095 1963 1152 noem-ee,
2021 1076 2144 1140 nisi
2202 1075 2394 1140 etiam
2441 1075 2808 1139 mendacem
2869 1100 2894 1136 ⁵

508 1186 787 1266 putares.
836 1183 987 1264 quid
1035 1183 1197 1248 enim
1248 1181 1421 1247 aliud
1477 1183 1553 1248 de
1611 1183 1818 1248 animo
1875 1201 2016 1247 meo
2076 1183 2300 1260 credis,
2358 1181 2607 1264 quando
2653 1183 2810 1246 talia

511 1291 667 1354 mihi
731 1289 979 1369 scribiS,
1047 1289 1170 1354 nisi
1234 1289 1431 1354 teneri
1500 1289 1806 1354 aduersus
1871 1293 1935 1354 te
1997 1309 2272 1354 naeuum
2337 1287 2686 1355 discordiae
2744 1292 2808 1352 et

508 1395 723 1460 odium
790 1395 1255 1472 detestandum,
1322 1396 1503 1478 quasi
1566 1397 1630 1460 in
1687 1415 1754 1460 re
1811 1395 2146 1460 manifesta
2199 1416 2316 1462 non
2377 1415 2658 1470 caueam,
2716 1414 2805 1459 ne

508 1503 704 1568 aliis
790 1501 1277 1587 praedicans
1354 1503 1529 1586 ipse
1605 1503 2000 1586 reprobus
2075 1502 2465 1580 inueniar,
2541 1509 2654 1568 aut
2717 1503 2806 1568 ita

505 1610 700 1674 uelim
740 1609 941 1674 eicere
971 1609 1271 1695 stipulam
1306 1609 1380 1674 de
1422 1611 1606 1674 oculo
1648 1612 1778 1688 tu0‚
1820 1613 1892 1674 ut
1930 1609 1991 1674 in
2029 1629 2170 1674 meo
2209 1609 2451 1674 trabem
2484 1609 2804 1674 nutriam?
2845 1635 2894 1672 ιο

504 1736 625 1782 non
683 1717 803 1794 est,
863 1717 1030 1799 quod
1079 1721 1289 1800 putas,
1358 1735 1503 1782 ecce
1550 1717 1782 1782 iterum
1831 1716 1972 1782 dico
2021 1721 2085 1782 et
2130 1720 2332 1782 testor
2377 1717 2588 1792 deum,
2636 1717 2803 1799 quia,

506 1826 559 1890 si
608 1828 680 1889 tu
726 1823 845 1889 tibi
894 1843 967 1888 ea
1011 1825 1234 1905 uelle8‚
1284 1843 1444 1906 quae
1492 1823 1612 1889 tibi
1661 1843 1779 1909 ego
1829 1825 1996 1903 uolo,
2044 1824 2172 1890 iam
2222 1825 2374 1889 olim
2423 1823 2683 1889 securus
2739 1823 2802 1888 in

505 1929 757 1996 Christo
806 1931 1059 1996 uiueres
1107 1933 1173 1995 et
1216 1929 1280 1994 in
1318 1929 1591 1996 nominis
1634 1931 1770 1996 eius
1810 1931 2014 2015 gloria
2050 1934 2252 1996 totam
2292 1932 2429 1996 eius
2470 1929 2804 1995 ecclesiam

503 2036 901 2102 laetificares,
977 2056 1123 2102 ecce
1196 2037 1321 2102 iam
1398 2037 1626 2120 scripsi
1698 2057 1819 2102 non
1894 2041 2142 2104 tantum
2210 2042 2274 2103 te
2339 2056 2482 2103 esse
2546 2039 2801 2102 fratrem

502 2163 715 2208 meum
780 2144 891 2208 sed
957 2143 1147 2208 etiam
1213 2145 1522 2228 collegam
1588 2163 1830 2220 meum3
1899 2164 2103 2227 neque
2161 2145 2326 2210 enim
2383 2145 2518 2210 fieri
2563 2147 2796 2230 potest,
2837 2169 2887 2207 ιε.

501 2254 575 2315 ut
612 2269 733 2315 non
774 2249 859 2316 sit
898 2249 1141 2335 collega
1176 2270 1356 2316 meus
1398 2251 1669 2334 quilibet
1706 2251 2044 2336 episcopus
2085 2251 2388 2316 ecclesiae
2427 2249 2799 2329 catholicae,

498 2358 981 2440 qualiscumque
1046 2359 1151 2435 sit,
1218 2356 1392 2422 nullo
1462 2357 1895 2424 ecclesiastico
1959 2357 2197 2423 iudicio
2265 2357 2620 2434 damnatus,
2689 2356 2802 2422 sed

498 2468 573 2529 ut
618 2464 737 2529 tibi
780 2484 903 2530 non
954 2465 1437 2543 communicem,
1488 2464 1665 2531 nulla
1711 2485 1901 2530 causa
1949 2468 2068 2543 est,
2117 2465 2241 2530 nisi
2289 2465 2436 2548 quia
2483 2463 2601 2528 tibi
2647 2465 2802 2529 adu-

497 2570 615 2634 lari
678 2591 799 2635 non
856 2589 1138 2653 possum.
1202 2570 1323 2635 tibi
1379 2570 1545 2635 enim
1603 2571 1870 2636 maxime
1927 2571 2145 2650 debe0‚
2204 2571 2353 2655 quia
2412 2571 2476 2635 in
2545 2569 2798 2637 Christo

494 2679 642 2743 Iesu
714 2697 827 2761 per
890 2677 1289 2763 euangelium
1357 2697 1474 2762 ego
1540 2681 1606 2743 te
1672 2680 1860 2764 genui
1925 2679 2242 2745 salubrem
2317 2679 2797 2743 mordacitatem
2833 2703 2888 2744 20

497 2787 779 2850 caritatis
826 2785 1136 2852 ueraciter
1183 2785 1593 2872 obiurgando,
1664 2789 1726 2851 et
1771 2786 1864 2850 ita
1908 2787 2153 2870 gaudeo
2199 2787 2440 2852 multos
2486 2786 2550 2850 in
2599 2785 2798 2850 eccle-

496 2893 654 2957 siam
716 2892 1095 2957 catholicam
1154 2893 1495 2958 adiuuante
1555 2893 1810 2959 domino
1866 2913 1978 2978 per
2032 2897 2094 2958 te
2153 2913 2294 2959 esse
2351 2892 2676 2968 collectos,
2723 2896 2798 2957 ut

494 3018 615 3064 non
683 2997 943 3064 debeam
1009 3000 1305 3084 plangere
1370 3002 1585 3082 plures
1641 3001 1787 3066 inde
1847 3000 2144 3086 dispergi.
2211 3001 2304 3068 sic
2361 3001 2526 3066 enim
2575 3000 2798 3064 uulne-

492 3103 651 3169 rasti
714 3105 1049 3170 ecclesiam
1105 3105 1626 3189 Hipponiensem,
1691 3111 1784 3184 ut,
1849 3107 1972 3172 nisi
2029 3112 2091 3172 te
2149 3107 2440 3172 dominus
2499 3106 2794 3171 omnibus

494 3211 663 3276 curis
713 3215 777 3276 et
813 3212 1077 3277 sarcinis
1118 3213 1551 3278 saecularibus
1592 3213 1954 3296 expeditum
1993 3213 2073 3279 ad
2109 3233 2326 3278 ueram
2365 3212 2790 3296 episcopalem
2829 3239 2882 3280 εὖ

492 3319 694 3382 uit-am
758 3318 1129 3400 uictumque
1192 3321 1612 3398 reuocauerit,
1667 3321 1794 3384 tale
1847 3322 2086 3386 uulnus
2145 3321 2350 3386 sanari
2395 3339 2518 3385 non
2564 3319 2791 3402 possit.

670 3581 703 3633 8
740 3580 767 3634 Ι
808 3581 927 3637 Cor.
966 3583 1017 3642 9.
1056 3583 1125 3635 27
1238 3585 1269 3636 9
1306 3583 1501 3637 Matth.
1543 3584 1596 3648 7,
1632 3585 1692 3647 4;
1731 3583 1859 3637 Luc.
1900 3585 1949 3648 6,
1987 3583 2201 3638 41-42

668 3739 825 3793 Idem
870 3739 1099 3805 codic-ea,
1146 3742 1243 3810 qui
1288 3742 1351 3795 in
1399 3758 1478 3810 cp.
1518 3741 1868 3795 LXXXIII
1901 3748 1950 3796 et
1985 3739 2344 3806 LXXXIV;
2387 3742 2451 3794 in
2487 3741 2553 3794 H
2596 3737 2792 3795 desunt

478 3845 538 3895 p.
582 3831 717 3897 395,
756 3832 796 3882 8
833 3833 1013 3884 autem
1052 3845 1223 3898 usque
1262 3830 1342 3884 ad
1366 3831 1540 3899 finem
1578 3849 1658 3900 ep.

558 3988 589 4040 5
628 3988 764 4056 tam]
806 3989 913 4041 iam
958 3987 1009 4040 T
1116 3987 1149 4041 6
1186 3989 1321 4041 mihi
1360 3989 1496 4042 talia
1542 3989 1593 4042 T
1627 3989 1745 4043 edd.
1874 3992 1902 4044 7
1941 3995 2126 4044 tenere
2175 3989 2281 4043 VU
2315 4005 2400 4042 me
2437 3989 2625 4042 tenere
2663 3985 2784 4042 edd.

558 4073 843 4130 aduersum
890 4075 1001 4131 VU
1102 4078 1355 4148 naeuum]
1395 4094 1666 4132 uenenum
1715 4079 1768 4133 L*
1840 4081 1904 4134 13
1943 4079 2176 4133 nominis
2215 4097 2282 4134 ex
2315 4076 2562 4132 nomines
2585 4082 2706 4131 m.1
2731 4075 2788 4131 R

488 4164 553 4218 18
592 4169 677 4218 est
713 4181 815 4219 om.
864 4164 972 4219 VU
1110 4165 1238 4236 nisi]
1277 4172 1311 4220 n
1356 4167 1407 4220 T
1582 4169 1647 4222 21
1691 4168 2094 4222 ueritatraciter
2129 4169 2284 4237 (ritat
2319 4169 2462 4236 exp.)
2507 4165 2562 4222 U
2703 4169 2780 4234 etl

482 4270 581 4307 nec
620 4253 739 4308 edd.
841 4255 911 4308 23
948 4255 1245 4319 uulnerati,
1282 4272 1420 4310 corr.
1461 4273 1525 4309 m.
1548 4261 1578 4309 1
1615 4257 1918 4311 uulnerasti
1955 4257 2010 4313 R
2107 4259 2176 4311 24
2215 4257 2622 4326 Hipponiensem
2660 4257 2782 4312 edd-

481 4345 551 4397 25
588 4341 814 4397 sarcinis
854 4343 921 4408 (is
958 4344 1021 4396 in
1058 4360 1167 4399 ras.
1209 4350 1352 4412 m.1;
1376 4343 1569 4412 fuitne
1606 4347 1682 4400 ari
1705 4347 1758 4412 ?)
1797 4346 1852 4400 R
