3184 4959
255 1313 295 1376 3

325 1117 351 1156 5

302 1651 354 1692 10

298 2183 351 2224 15

297 2717 350 2755 20

299 3247 348 3286 25

1176 475 1711 546 epistularum
1769 477 1909 532 CIX.
2558 485 2683 547 637

389 669 594 734 limite
623 672 864 735 stantes
899 669 1229 734 amborum
1271 671 1476 736 calore
1517 671 1838 754 tangimur
1875 675 1941 736 et
1977 673 2303 738 amborum
2344 673 2687 756 flagramus

391 796 621 843 amore.
679 777 792 842 sed
849 781 1154 859 quantum
1221 797 1336 844 nos
1390 779 1515 842 iste
1579 777 1747 861 ignis
1815 780 2128 844 exusserit
2191 785 2255 844 et
2316 781 2690 864 purgauerit

389 884 676 966 proximi,
734 887 979 949 tantum
1028 905 1141 951 nos
1189 886 1254 950 in
1308 885 1492 950 illum
1548 885 1868 966 puriorem
1926 885 2027 950 dei
2081 887 2173 950 ire
2230 887 2575 972 compellit.
2623 889 2687 952 in

391 1009 514 1073 quo
571 991 698 1056 iam
756 991 972 1056 nullus
1027 992 1211 1057 nobis
1260 991 1509 1056 amandi
1571 991 1800 1056 modus
1856 993 2197 1076 inponitur,
2256 994 2503 1076 quando
2551 995 2690 1076 ipse

388 1097 480 1162 ibi
526 1097 754 1163 modus
803 1101 902 1163 est
949 1099 1084 1164 sine
1141 1098 1329 1164 modo
1380 1117 1611 1165 amare.
1658 1117 1781 1164 non
1839 1119 1987 1183 ergo
2047 1101 2393 1165 uerendum
2445 1105 2564 1179 est,
2610 1119 2687 1165 ne

385 1204 532 1287 plus
581 1224 866 1270 amemus
915 1205 1240 1272 dominum
1288 1209 1598 1282 nostrum,
1647 1205 1779 1284 sed,
1828 1225 1904 1270 ne
1951 1205 2181 1284 minua,
2219 1207 2594 1272 timendum.

475 1311 650 1376 Haec
697 1311 974 1396 epistula
1010 1311 1316 1398 superior,
1365 1331 1526 1396 quae
1563 1312 1684 1377 tibi
1730 1332 1833 1378 me
1873 1314 2055 1395 quasi
2104 1314 2389 1378 abstersa
2424 1313 2689 1378 tristitia

387 1416 692 1482 facilitate
758 1419 1077 1484 actionum
1135 1420 1210 1484 de
1275 1420 1523 1484 liberali
1581 1419 1733 1498 otio,
1793 1420 1963 1502 quod
2018 1425 2231 1485 tecum
2286 1421 2445 1485 mihi
2502 1439 2687 1504 agere

386 1524 574 1588 licuit
607 1524 670 1588 in
709 1525 830 1590 hoc
867 1545 1010 1590 rure
1048 1526 1258 1610 posito
1299 1563 1383 1573 —
1422 1547 1566 1591 nam
1604 1527 1697 1590 ita
1731 1526 1921 1590 licere
1957 1526 2171 1608 potuit
2204 1563 2312 1603 -—‚
2359 1526 2686 1590 laetiorem

390 1629 590 1708 offert,
639 1634 977 1714 antequam
1026 1651 1172 1698 sane
1220 1634 1603 1698 uenerabilis
1643 1633 1980 1716 episcopus
2018 1651 2131 1698 nos
2170 1633 2433 1697 uisitare
2472 1631 2688 1716 digna-

386 1739 580 1814 retur,
633 1738 814 1819 quas'i
851 1742 1022 1802 meta
1053 1739 1308 1803 illorum
1357 1739 1733 1824 gaudiorum
1784 1741 2021 1822 scripta
2058 1743 2158 1803 est
2194 1742 2277 1816 et,
2327 1737 2495 1822 quod
2538 1758 2687 1803 uere

387 1842 596 1921 mirer,
637 1844 854 1908 eodem
895 1844 996 1909 die
1043 1845 1240 1924 uenit,
1283 1865 1405 1928 quo
1457 1846 1693 1929 scripta
1740 1851 1857 1911 est.
1908 1845 2061 1930 quid
2105 1844 2228 1910 hoc
2267 1849 2385 1924 est,
2429 1863 2684 1927 quaes0,

388 1949 594 2014 anima
647 1970 810 2028 mea,
875 1952 995 2016 nisi
1061 1953 1222 2016 forte
1278 1953 1447 2035 quod
1502 1973 1617 2018 nos
1676 1954 1969 2034 delectat,
2036 1952 2293 2018 tametsi
2347 1953 2685 2018 honestum

387 2059 504 2134 est,
545 2078 666 2122 non
707 2062 914 2124 tamen
965 2061 1121 2126 satis
1167 2061 1346 2138 utile,
1388 2059 1539 2144 quia
1582 2059 1648 2123 in
1686 2063 1864 2142 parte
1904 2062 2041 2123 est?
2079 2058 2329 2123 interim
2367 2056 2519 2123 licet
2550 2057 2685 2122 uni-

387 2181 568 2229 uerso
617 2165 777 2230 hanc
824 2167 1028 2248 ipsam
1077 2170 1340 2250 partem,
1377 2167 1445 2230 id
1493 2169 1594 2230 est
1639 2185 1753 2231 nos
1799 2165 1997 2249 ipsos»,
2037 2168 2343 2248 quantum
2390 2184 2503 2248 pro
2540 2182 2687 2246 pec·

387 2271 545 2336 catis
592 2274 824 2339 nostris
863 2273 1046 2338 nobis
1087 2273 1258 2338 cedit
1293 2273 1574 2354 materia,
1612 2271 1678 2335 id
1708 2276 1807 2337 est
1843 2291 1957 2337 nos
1994 2271 2120 2354 ipsi
2158 2271 2442 2336 cedimus
2480 2269 2683 2348 nobie,

387 2377 770 2444 elimatiores
805 2382 870 2444 et
898 2380 1551 2464 compaginabiliore3‚
1591 2379 1647 2444 si
1678 2384 1891 2446 tamen
1923 2379 2207 2442 admittis
2246 2379 2364 2442 hoc
2396 2377 2684 2454 uerbum,

387 2488 600 2565 aptare
655 2485 1013 2552 moliamur.
1079 2487 1276 2552 habes
1333 2486 1675 2569 epistulam
1730 2505 1853 2550 non
1920 2505 2029 2569 pro
2085 2487 2199 2549 tua
2254 2483 2716 2568 magnitudine,

388 2590 497 2654 sed
565 2611 675 2673 pro
733 2611 874 2657 mea
935 2592 1253 2675 paruitate
1306 2593 1683 2676 longiorem,
1750 2612 1877 2676 qua
1930 2595 1995 2656 et
2048 2591 2549 2675 prouocauerim,
2615 2594 2691 2654 ut

385 2697 511 2761 iam
577 2719 697 2763 non
763 2718 876 2781 pro
933 2719 1076 2763 mea
1128 2700 1445 2781 paruitate
1503 2699 1615 2763 sed
1672 2718 1781 2782 pro
1848 2703 1962 2764 tua
2026 2697 2463 2782 magnitudine
2528 2696 2686 2760 mihi

388 2804 666 2886 epistula
709 2805 1020 2870 mittatur.
1080 2826 1242 2888 quae
1289 2809 1500 2871 tamen
1549 2808 2059 2888 quantacumque
2108 2805 2248 2882 erit,
2297 2803 2453 2868 mihi
2498 2803 2689 2887 longa

385 2931 506 2975 non
557 2912 694 2990 erit,
755 2913 858 2977 cui
905 2915 1114 2978 totum
1161 2917 1416 2997 tempus
1470 2913 1667 2977 breue
1717 2917 1815 2976 est
1862 2914 1937 2977 ad
1991 2911 2355 2995 legendum.
2411 2909 2685 2974 rescribe

386 3017 564 3094 mihi,
614 3020 862 3101 quando
909 3029 1020 3084 aut
1063 3021 1173 3085 ubi
1212 3039 1537 3086 occurrere
1577 3020 1843 3086 debeam
1888 3023 2145 3104 propter
2187 3020 2363 3084 illam
2406 3036 2683 3094 causam,

388 3145 512 3206 qua
565 3145 666 3190 me
725 3127 970 3192 iussisti
1028 3145 1373 3192 occurrere.
1433 3127 1602 3209 quod
1658 3127 1713 3193 si
1771 3131 1871 3192 est
1922 3127 2169 3211 integra
2224 3128 2289 3190 et
2342 3143 2463 3188 non
2521 3123 2684 3188 forte

387 3232 561 3296 aliud
605 3233 837 3298 melius
885 3234 1146 3316 placuit,
1193 3237 1347 3298 tunc
1384 3253 1737 3310 occurram3
1788 3235 1883 3298 sin
1931 3234 2165 3312 minuS,
2212 3249 2366 3316 rogo
2403 3233 2491 3306 te,
2537 3229 2683 3294 nolo

458 3491 490 3542 2
529 3495 707 3543 amore
745 3489 810 3542 K
973 3493 1176 3559 quanto
1215 3489 1370 3543 codd.
1412 3507 1448 3542 a
1584 3489 1621 3542 4
1657 3488 1939 3558 inponitur
1966 3487 2178 3558 quaudo
2217 3491 2335 3559 ipse
2372 3491 2450 3544 ibi
2486 3491 2679 3544 modus

387 3594 508 3642 om.‚
545 3595 614 3631 m.
637 3581 676 3631 2
711 3579 776 3631 in
811 3595 982 3647 mai-9.
1023 3577 1152 3632 add.
1191 3577 1259 3631 K
1408 3580 1440 3632 5
1479 3577 1574 3642 ibi,
1614 3593 1682 3630 m.
1712 3583 1743 3630 1
1777 3593 1951 3646 supra
1986 3578 2013 3630 1
2050 3577 2155 3630 sibi
2182 3577 2238 3632 R
2381 3582 2416 3634 6
2454 3579 2550 3633 sed
2586 3581 2677 3649 ne]

386 3666 480 3719 sed
519 3683 615 3720 nec
645 3667 698 3718 A
828 3669 857 3720 7
898 3667 1002 3720 tibi
1037 3667 1146 3735 me]
1185 3666 1406 3720 tibimet
1433 3667 1494 3720 K
1618 3667 1652 3720 8
1688 3665 1955 3719 felicitate
1992 3665 2119 3720 Rm
2236 3669 2269 3721 9
2306 3667 2593 3722 lectionem
2625 3667 2679 3722 R

389 3756 449 3808 11
491 3754 828 3808 metallorum
869 3755 924 3808 A
1087 3759 1144 3808 et
1181 3754 1601 3824 quod—scripta
1639 3758 1723 3808 est
1760 3771 1862 3809 om.
1902 3753 1969 3808 K
2148 3756 2214 3810 13
2250 3759 2431 3810 tamen
2472 3757 2518 3810 si
2555 3757 2671 3811 MA

383 3847 568 3896 tamen
607 3843 712 3897 etsi
748 3843 868 3897 edd.
1053 3844 1119 3896 14
1158 3844 1460 3896 uniuersam
1500 3843 1556 3898 R
1739 3844 1805 3896 15
1842 3859 1940 3896 nos
1978 3860 2080 3898 om.
2116 3843 2173 3896 P
2346 3861 2442 3914 pro
2480 3860 2581 3898 om.
2622 3847 2675 3898 A

388 3934 452 3986 16
482 3931 715 3984 maceria
743 3931 907 3986 APR
932 3931 1204 3986 macheria
1230 3932 1296 3986 K
1387 3933 1450 3986 17
1479 3931 1809 3985 elimatiores
1848 3931 1923 4002 et]
1962 3932 2263 3986 elimatiore
2292 3949 2343 3994 s;
2376 3939 2467 3999 (=
2488 3932 2604 3999 sed)
2624 3933 2680 3986 P

456 4036 717 4090 compage
756 4021 1048 4074 habiliores
1084 4021 1140 4074 A
1177 4037 1436 4090 compage
1473 4021 1769 4074 nobiliores
1806 4020 1862 4074 P
2014 4021 2223 4074 amittis
2258 4021 2332 4075 M
2476 4023 2541 4076 18
2578 4038 2673 4092 pro

383 4111 499 4180 tua]
553 4117 667 4173 tua,
713 4125 851 4165 corr.
889 4126 958 4162 m.
997 4113 1027 4162 1
1063 4125 1160 4179 pro
1198 4113 1294 4162 tua
1330 4109 1397 4163 K
1577 4109 1643 4162 19
1682 4111 1761 4178 et]
1798 4112 1857 4164 te
1894 4111 2022 4164 Rm
2234 4127 2579 4179 prouocarem
2619 4111 2675 4166 R

455 4205 516 4253 ut
551 4199 680 4268 iam]
719 4202 781 4252 ut
817 4198 982 4251 etiam
1020 4197 1084 4252 K
1116 4200 1327 4252 utinam
1363 4198 1488 4252 MR
1598 4198 1669 4252 20
1704 4215 1811 4252 non
1850 4215 1973 4258 om..
2010 4215 2077 4255 m.
2102 4203 2142 4252 2
2176 4199 2309 4254 add.
2338 4199 2395 4252 P
2497 4201 2567 4254 22
2606 4200 2673 4254 ad

382 4291 439 4341 te
474 4286 838 4356 legendumm
991 4287 1060 4342 23
1099 4288 1216 4356 aut]
1258 4291 1330 4352 at,
1367 4305 1436 4342 m.
1459 4291 1498 4342 2
1535 4290 1632 4342 aut
1667 4288 1721 4340 P
1870 4288 1941 4340 24
1980 4303 2139 4357 quam
2180 4289 2267 4356 (m.
2290 4293 2329 4342 2
2367 4288 2469 4342 del.
2508 4291 2581 4354 m)
2622 4289 2677 4342 P

452 4375 690 4429 iussistis
726 4375 790 4429 K
