3184 4959
378 1366 416 1427 [Ο

469 433 598 496 220
1220 429 1272 482 S.
1330 428 1603 484 Aureli
1656 428 2093 498 Augustini

469 624 649 688 nosci
707 626 771 686 et
827 622 1058 704 corrigi
1114 625 1348 705 potest,
1395 641 1520 687 nou
1568 621 1793 686 debuit
1837 624 2047 686 tamen
2094 622 2158 686 in
2206 624 2523 700 tractoria,
2572 643 2758 705 quam

471 729 649 792 misit
693 729 1138 794 uenerabilitas
1195 733 1326 810 tua,
1382 747 1611 793 nomen
1669 729 1805 794 eius
1861 729 2299 812 praetermitti.
2362 730 2532 812 quod
2588 730 2643 795 si
2696 731 2757 794 in

469 835 695 899 mediis
735 835 894 900 locis
934 836 1434 901 conscriberetur
1471 839 1535 901 et
1571 854 1694 900 non
1732 837 1792 901 in
1835 837 2032 917 primo
2079 841 2435 919 poneretur,
2484 837 2760 901 multum

469 943 758 1018 mirarer3
826 948 1059 1024 quanto
1125 942 1330 1025 magis
1396 943 1753 1006 mirandum
1822 947 1939 1022 est,
1997 943 2164 1025 quod
2221 943 2397 1008 nulla
2447 943 2569 1007 tibi
2623 943 2759 1007 eius

468 1049 920 1114 admemoratio
959 1050 1128 1114 facta
1167 1053 1284 1124 est,
1323 1050 1431 1133 qui
1471 1050 1751 1114 1113111110·
1777 1049 1853 1114 3(1
1892 1050 2229 1114 concilium
2267 1049 2480 1114 uenire
2520 1049 2758 1128 debuit,
2820 1073 2847 1112 ⁵

469 1159 541 1221 ut
589 1155 664 1220 de
713 1156 852 1239 ipso
901 1156 1210 1238 primatus
1261 1157 1495 1232 ordine,
1546 1175 1706 1238 quae
1764 1175 1955 1220 031133
2009 1155 2295 1221 omnium
2342 1155 2761 1221 Numidarum

468 1264 857 1346 011130οΡ131-
907 1264 1316 1328 ecclesiarum
1363 1264 1697 1345 primatuS,
1746 1267 2056 1348 ageretur.

557 1370 676 1434 His
727 1369 802 1434 de
852 1371 1064 1436 causis
1114 1370 1304 1434 etiam
1352 1370 1568 1434 uenire
1628 1371 2002 1445 dubitarem,
2050 1391 2127 1436 ne
2174 1371 2335 1435 forte
2382 1372 2547 1436 falsa
2588 1377 2763 1462 esset

465 1477 783 1554 tractoria,
870 1497 994 1558 qua
1075 1481 1252 1541 tanta
1331 1478 1716 1558 peruersitas
1803 1482 2149 1560 appareret,
2232 1497 2617 1561 quamquam
2699 1485 2764 1542 et

466 1583 761 1666 angustia
824 1585 1129 1668 temporis
1197 1588 1262 1648 et
1325 1584 1482 1648 aliae
1549 1603 1779 1666 graues
1833 1585 2246 1649 necessitates
2300 1603 2403 1648 me
2453 1585 2760 1668 multipli-
2800 1607 2851 1644 ιο

467 1691 625 1756 01101·
670 1690 1071 1772 impedirent.
1119 1691 1286 1755 unde
1333 1693 1481 1773 peto
1532 1691 1989 1755 beatitudinem
2036 1693 2233 1769 tuam,
2281 1695 2356 1755 ut
2391 1692 2547 1755 mihi
2584 1693 2759 1776 igno·

465 1817 608 1862 scas
657 1801 722 1861 et
766 1800 969 1880 primo
1035 1797 1273 1862 instare
1341 1797 1639 1881 digneris,
1699 1801 1772 1861 ut
1825 1798 1990 1862 inter
2042 1801 2219 1862 tuam
2278 1798 2759 1863 sanctimoniam

465 1909 530 1968 et
577 1923 790 1969 senem
827 1905 1264 1988 Xanthippum
1312 1904 1705 1970 concorditer
1751 1908 2018 1982 constet,
2067 1905 2209 1987 quis
2248 1909 2535 1969 uestrum
2574 1905 2762 1970 debet

464 2029 814 2078 conuocare
865 2011 1234 2086 concilium;
1293 2015 1404 2076 aut
1451 2015 1643 2087 certe,
1696 2011 1863 2093 quod
1914 2012 2233 2076 salubrius
2281 2012 2566 2090 arbitror,
2625 2011 2760 2075 sine

465 2120 844 2201 cuiusquam
892 2118 1280 2202 praeiudicio
1329 2119 1510 2182 ambo
1561 2123 1903 2183 conuocate
1953 2119 2229 2203 collegas
2303 2122 2575 2195 nostros,
2652 2137 2759 2183 eos
2802 2142 2848 2179 ιε.

465 2227 754 2304 maxime,
813 2226 920 2306 qui
978 2226 1163 2290 uobis
1222 2226 1627 2307 episcopatus
1686 2229 1889 2290 aetate
1936 2226 2132 2290 uicini
2180 2229 2347 2304 sunt,
2398 2227 2507 2308 qui
2552 2226 2759 2308 facile,

466 2333 608 2416 quis
673 2336 960 2398 uestrum
1025 2352 1248 2397 uerum
1319 2333 1507 2408 dicat,
1575 2338 1939 2417 agnoscant,
2007 2337 2080 2396 ut
2134 2334 2298 2414 inter
2350 2352 2466 2398 uos
2520 2350 2757 2414 paucos

463 2440 684 2504 eadem
729 2459 876 2524 prae
927 2438 1151 2503 ceteris
1202 2440 1486 2521 quaestio
1537 2439 1869 2503 dirimatur
1914 2442 1978 2502 et
2024 2458 2231 2503 errore
2270 2438 2521 2503 sublato
2560 2436 2757 2500 mino·

463 2565 562 2610 res
623 2565 659 2610 a
714 2547 942 2610 ceteris
1001 2549 1452 2622 conuocentur,
1510 2546 1618 2628 qui
1674 2564 1789 2610 1100
1842 2549 2115 2628 possunt
2166 2565 2281 2610 nec
2340 2545 2571 2609 debent
2632 2543 2757 2611 nisi

463 2654 648 2718 uobis
694 2653 758 2718 in
805 2655 921 2718 hac
969 2673 1036 2716 re
1081 2655 1408 2734 tamquam
1453 2651 1771 2734 prioribus
1822 2653 2071 2717 credere
2118 2657 2182 2716 et
2224 2673 2391 2717 nunc
2447 2652 2756 2736 ignorant,
2792 2674 2844 2712 20

463 2760 570 2824 cui
636 2762 921 2822 uestrum
987 2759 1394 2842 potissimum
1461 2757 1733 2822 credant.
1812 2759 1971 2822 hanc
2036 2759 2374 2840 epistulam
2440 2759 2755 2842 signatam

459 2867 608 2930 misi
659 2867 868 2940 anulo,
921 2865 1028 2946 qui
1079 2863 1371 2947 exprimit
1415 2865 1641 2928 faciem
1689 2865 1963 2928 hominis
2012 2865 2406 2929 adtendentis
2454 2865 2517 2928 in
2562 2865 2753 2929 latus.

537 3057 560 3109 1
601 3055 660 3108 in
703 3072 804 3108 om.
851 3055 901 3108 T
1034 3055 1066 3108 2
1105 3056 1160 3107 in
1201 3071 1305 3108 om.
1345 3054 1501 3109 codd.
1648 3056 1679 3109 3
1721 3055 2045 3109 scriberetur
2092 3055 2145 3109 U
2280 3057 2316 3110 4
2352 3055 2431 3109 ibi
2468 3073 2533 3110 ex
2568 3055 2662 3108 ubi
2708 3053 2761 3106 V

459 3145 538 3198 ibi
586 3144 634 3198 U
651 3161 706 3197 m
841 3145 873 3198 5
913 3145 1292 3196 comemoratio
1335 3148 1416 3208 (co
1457 3143 1520 3196 in
1555 3160 1700 3210 ra8.;
1724 3145 1917 3211 fuitne
1953 3144 2022 3198 ad
2042 3143 2093 3211 .9)
2144 3145 2191 3199 V
2226 3145 2661 3198 commemoratio
2707 3141 2758 3198 U

460 3237 494 3288 6
543 3249 646 3302 que
695 3249 858 3287 causa
906 3232 955 3285 V
999 3233 1092 3302 qui
1142 3249 1302 3286 causa
1346 3232 1398 3286 U
1444 3249 1605 3286 causa
1639 3233 1800 3300 flav·
1845 3249 2093 3286 coramm
2276 3235 2305 3288 7
2346 3235 2595 3302 primitus
2633 3232 2753 3286 edd.

465 3323 530 3375 12
571 3321 829 3390 dignariS,
869 3337 1009 3375 corr.
1047 3337 1115 3373 m.
1141 3325 1171 3374 1
1217 3319 1458 3390 digneris
1504 3321 1554 3374 T
1735 3322 1799 3375 13
1848 3324 2188 3392 sanctippuni
2229 3323 2384 3376 codd.
2422 3322 2752 3391 Xantippum

461 3410 583 3464 edd.
749 3409 1087 3464 concorditer
1123 3410 1222 3474 bis,
1263 3411 1498 3464 alterum
1537 3427 1655 3479 exp.
1694 3411 1750 3465 R
1912 3411 2021 3474 det,
2058 3429 2127 3466 m.
2151 3415 2190 3465 2
2227 3410 2428 3465 debent
2473 3409 2527 3465 U
2560 3409 2755 3464 debeat

461 3499 581 3552 edd.
695 3500 762 3552 14
798 3499 1054 3553 inuocare
1091 3499 1147 3554 R
1291 3499 1560 3552 salubrius
1601 3515 1718 3552 esse
1758 3499 1987 3553 arbitror
2022 3499 2201 3554 RVU
