3184 4959
1065 434 1598 504 epistularum
1638 433 1925 488 Lv.1.v1.
2513 440 2643 502 213

158 627 250 689 39
433 630 655 711 Itaque
717 633 782 694 et
845 633 939 706 tu,
1007 627 1354 706 carissime,
1422 629 1562 694 siue
1625 630 1753 694 ista
1818 630 1956 695 siue
2012 631 2138 696 alia
2193 630 2285 698 sic
2338 631 2501 715 lege,
2552 631 2643 696 sic

347 736 541 812 disce,
617 738 692 799 ut
763 735 1127 801 memineris
1201 736 1536 801 uerissime
1605 737 1877 801 dictum:
1948 736 2315 802 Scientia
2378 737 2641 802 inflat.

347 843 653 907 caritas
703 847 912 907 autem
965 861 1111 907 non
1161 845 1642 919 aemulatur,
1690 863 1837 909 non
1876 844 2245 910 inflatur.
2296 845 2389 908 sic
2427 845 2642 926 itaque

349 949 722 1014 adhibeatur
787 950 1056 1014 scientia
1125 952 1452 1032 tamquam
1517 950 1813 1015 machina
1876 950 2205 1034 quaedam,
2271 971 2383 1036 per
2454 970 2641 1032 quam

199 1141 212 1149 ·
281 1079 308 1118 5
347 1059 666 1120 structura
722 1057 1004 1122 caritatis
1061 1057 1386 1142 adsurgat.
1443 1077 1605 1141 quae
1657 1061 1870 1123 manet
1922 1059 1987 1122 in
2044 1062 2393 1136 aeternum,
2450 1057 2643 1122 etiam

348 1153 509 1226 cum⁴
542 1163 902 1228 scientia
951 1163 1452 1243 destruetur,
1495 1184 1657 1246 quae
1697 1164 1773 1228 ad
1812 1165 1999 1229 finem
2040 1165 2319 1230 caritatis
2358 1164 2644 1228 adhibita

345 1271 622 1334 multum
667 1275 768 1335 est
811 1271 1014 1347 utilis,
1062 1291 1173 1354 per
1221 1290 1286 1336 se
1334 1274 1548 1335 autem
1596 1270 1737 1354 ipsa
1782 1271 1916 1335 sine
1962 1271 2077 1334 tali
2124 1271 2243 1336 fine
2291 1291 2413 1336 non
2452 1270 2639 1334 modo

347 1377 664 1460 superflua
707 1377 820 1442 sed
867 1377 1060 1443 etiam
1105 1377 1462 1460 perniciosa
1505 1377 1769 1460 probata
1824 1380 1943 1443 est.
2010 1378 2141 1444 scio
2198 1380 2434 1456 autem,
2483 1395 2641 1458 quae

346 1487 410 1549 te
485 1483 786 1568 cogitatio
861 1489 1082 1549 sancta
1156 1485 1478 1550 custodiat
1549 1485 1695 1549 sub
1770 1485 2257 1550 umbraculo
2336 1485 2641 1547 alarum

265 1613 316 1652 ιο
351 1592 587 1656 domiui
647 1591 748 1656 dei
813 1593 1036 1658 nostri.
1104 1592 1218 1656 sed
1281 1591 1421 1656 ideo
1489 1593 1647 1656 haec
1704 1593 1823 1658 etsi
1882 1593 2162 1657 breuiter
2206 1592 2443 1665 monui,
2492 1612 2643 1675 quo-

349 1696 512 1761 niam
559 1697 714 1762 noui
761 1697 1020 1761 eandem
1069 1698 1275 1778 ipsam
1323 1698 1653 1762 caritatem
1699 1701 1900 1774 tuam,
1950 1717 2146 1780 quae
2194 1717 2339 1762 non
2392 1716 2641 1762 aemu-

349 1806 582 1882 latur,
633 1805 794 1868 hanc
839 1805 1178 1887 epistulam
1223 1805 1448 1870 multis
1497 1805 1785 1868 daturam
1834 1808 2021 1888 atque
2066 1803 2395 1869 lecturam.

1405 1997 1566 2064 LVI.

351 2117 638 2174 DOMINO
692 2118 948 2174 EXIMIO
1001 2117 1425 2182 MERITOQUF:
1477 2117 1936 2174 HONORABILI
1986 2119 2075 2173 ET
2126 2119 2637 2174 DILECTISSIMO

260 2227 314 2265 15
987 2205 1182 2262 FILIO
1223 2205 1483 2261 CELERI
1518 2206 1996 2262 AUGUSTINUS.

215 2319 252 2379 1
439 2316 746 2380 Promissi
809 2315 934 2380 mei
1001 2321 1064 2380 et
1126 2323 1273 2382 tuae
1337 2316 1693 2380 uoluntatis
1759 2317 2065 2381 inmemor
2119 2337 2237 2382 non
2298 2338 2459 2382 sum.
2528 2321 2640 2382 sed

354 2425 646 2508 quoniam
721 2422 1184 2488 uisitandarum
1257 2424 1666 2488 ecclesiarum
1745 2425 1820 2489 ad
1898 2444 2104 2488 meam
2185 2425 2635 2508 pertinentium

353 2552 564 2597 curam
629 2531 1014 2596 necessitate
1076 2532 1396 2612 profectus
1464 2550 1627 2609 sum,
1684 2551 1800 2595 nec
1854 2550 1966 2614 per
2022 2551 2119 2594 me
2168 2532 2303 2614 ipse
2352 2531 2635 2596 debitum

523 2725 558 2777 2
596 2723 624 2776 Ι
663 2723 782 2779 Cor.
823 2724 872 2787 8,
915 2725 940 2778 1
1036 2725 1068 2778 3
1105 2723 1133 2776 1
1163 2723 1280 2778 Cor.
1325 2725 1407 2788 13,
1445 2725 1479 2777 4
1571 2727 1604 2778 5
1634 2723 1661 2776 I
1693 2721 1809 2778 Cor.
1845 2723 1927 2786 13,
1968 2723 2001 2777 8
2092 2725 2123 2776 9
2161 2721 2249 2778 Pe.
2284 2723 2365 2787 16,
2397 2721 2451 2781 8:
2487 2723 2569 2784 56,
2602 2725 2635 2776 2

415 2849 448 2901 2
487 2847 888 2900 meminerimus
919 2847 972 2900 B
1143 2847 1298 2900 inflat
1335 2848 1530 2901 caritas
1568 2846 1823 2900 aedificat
1860 2846 2059 2899 caritas
2097 2846 2162 2899 K
2196 2845 2315 2900 edd.
2353 2861 2452 2900 sce.
2492 2863 2632 2900 sacr.

349 2938 448 2991 litt.
595 2937 628 2989 3
667 2939 849 2989 autem
888 2952 989 2990 om.
1028 2934 1184 2989 P¹P²
1323 2953 1430 2988 non
1471 2935 1691 2989 inflatur
1726 2952 1835 2988 non
1876 2935 2181 2988 aemulatur
2218 2935 2337 2988 ΒΜ
2482 2935 2637 2988 inflat

346 3025 464 3078 edd.
609 3024 796 3093 itaque
836 3027 900 3077 ut
935 3023 1256 3078 adhibeatur
1287 3025 1336 3077 P
1439 3026 1473 3078 4
1511 3025 1743 3078 scientia
1782 3029 1871 3090 (m
1906 3029 2073 3090 eras.)
2101 3023 2156 3076 P
2259 3027 2291 3078 5
2328 3029 2548 3078 maneat
2574 3024 2639 3077 K

348 3114 462 3168 edd.
637 3117 696 3166 et
732 3112 960 3166 P¹P²M
1135 3115 1168 3167 6
1207 3115 1348 3182 cum]
1391 3117 1520 3168 tunc
1556 3111 1713 3166 P¹P²
1888 3112 2186 3167 distructur
2221 3114 2277 3167 B
2314 3113 2633 3174 destruetur,

343 3209 463 3258 m.1
499 3219 636 3257 corr.
675 3219 784 3255 non
823 3201 1132 3256 destruetur
1167 3203 1244 3256 ,Ρι
1281 3219 1388 3256 non
1427 3199 1738 3256 destruetur
1772 3201 1923 3256 P²M
2036 3204 2165 3272 quia
2202 3205 2273 3256 M
2386 3202 2543 3256 fidem
2582 3203 2636 3256 B

346 3293 375 3344 7
416 3295 500 3344 est
535 3307 660 3355 om,
697 3307 766 3347 m.
789 3295 818 3344 1
856 3291 987 3345 add.
1026 3292 1082 3345 B
1223 3295 1286 3344 ut
1323 3291 1432 3344 illis
1470 3292 1524 3344 P
1666 3292 1698 3344 8
1738 3292 1847 3344 scio
1886 3291 2070 3360 spatio
2106 3293 2297 3346 relicto
2333 3307 2433 3346 om.
2472 3291 2545 3345 M
2578 3297 2633 3346 te

341 3379 498 3433 P¹P²
641 3381 846 3449 autem]
888 3381 1050 3434 etiam
1089 3381 1142 3434 B
1309 3397 1445 3449 quse
1484 3397 1588 3434 om.
1628 3380 1857 3433 P¹P2M
1892 3397 2012 3450 qua,
2052 3397 2117 3434 m.
2143 3385 2182 3434 2
2220 3381 2347 3449 quia
2380 3381 2437 3434 B
2475 3397 2630 3450 quam

345 3469 464 3523 edd.
608 3469 640 3521 9
681 3471 738 3522 te
777 3485 876 3522 om.
915 3468 1128 3523 ,ΒΡῙΡ2
1280 3475 1482 3534 sancta,
1520 3485 1590 3522 m.
1616 3473 1655 3524 2
1692 3473 1881 3522 sancta
1918 3473 1974 3522 te
2012 3469 2067 3522 B
2210 3469 2275 3524 10
2315 3467 2401 3522 dei
2439 3485 2541 3523 om.
2579 3470 2633 3523 B

346 3559 405 3611 11
449 3559 624 3627 ipsam
661 3573 764 3612 om.
800 3557 876 3611 M
1015 3575 1118 3610 non
1169 3573 1267 3612 om.
1309 3558 1365 3611 B
1479 3559 1542 3620 12
1584 3558 1805 3628 explicit
1843 3557 2079 3611 secunda
2118 3557 2188 3611 ad
2227 3557 2525 3610 ianuarium
2567 3556 2635 3610 dc

343 3647 722 3700 obseruatione
771 3646 1004 3716 paschae
1059 3647 1156 3700 deo
1203 3647 1394 3700 laudes
1445 3663 1603 3700 amen
1648 3647 1703 3700 B
1754 3647 1973 3716 explicit
2030 3646 2238 3716 epitula
2286 3647 2436 3716 (sico
2482 3647 2632 3700 beati

342 3736 584 3806 agustini
630 3734 699 3789 ad
743 3735 1044 3790 ianuarium
1093 3735 1328 3790 secunda
1365 3737 1418 3789 P
1460 3736 1584 3790 finit
1628 3733 1704 3788 Ρι
1753 3735 1973 3805 explicit
2022 3734 2255 3804 epistula
2294 3742 2317 3788 ἐ
2356 3733 2632 3802 augustini

343 3825 587 3895 episcopi
625 3824 693 3878 ad
731 3825 1030 3878 ianuarium
1071 3825 1136 3878 de
1173 3825 1376 3895 pascha
1411 3824 1490 3879 1³²

777 3945 828 4001 T
879 3971 948 3994 =
986 3947 1102 4002 cod.
1150 3947 1431 4002 Trecensis
1473 3953 1552 4002 40
1585 3965 1629 4002 s.
1670 3948 1854 4002 XIII.

768 4037 834 4090 H
880 4059 948 4083 =
987 4037 1104 4092 cod.
1143 4037 1294 4090 Mus.
1331 4038 1478 4092 Brit.
1517 4037 1689 4091 Harl.
1734 4041 1886 4092 3107
1920 4052 1963 4090 ε.
2004 4035 2185 4089 XIII.

778 4125 826 4178 V
877 4149 946 4172 =
985 4127 1103 4179 cod.
1153 4125 1462 4180 Vaticanus
1504 4129 1623 4180 495
1656 4143 1698 4180 s.
1738 4125 1870 4180 XV.

777 4213 831 4270 U
876 4239 944 4262 τε
983 4213 1100 4272 cod.
1151 4213 1460 4268 Vaticanus
1501 4219 1623 4268 499
1656 4233 1699 4268 s.
1738 4215 1870 4268 XV.

410 4340 476 4394 15
513 4339 880 4408 Augustinus]
921 4339 1246 4408 augustinus
1283 4340 1340 4392 iu
1377 4338 1597 4393 domino
1636 4339 1867 4393 salutem
1916 4338 1969 4391 V
