3184 4959
317 1081 343 1120 5

296 1623 348 1661 10

295 2155 344 2194 16

23 2654 114 2718 VI
165 2656 248 2718 16
295 2689 350 2731 20

294 3219 347 3258 25

1140 441 1673 509 epistularum
1731 440 1926 496 CVIII.
2544 446 2675 510 629

383 633 614 714 quibus
689 633 998 715 scriptum
1066 638 1192 698 est:
1267 634 1678 699 Venenum
1756 637 2124 720 aspidum
2202 638 2347 702 sub
2420 637 2672 702 labiis

381 759 671 816 eorum,
753 759 1083 821 quorum
1161 761 1245 806 os
1319 741 1911 808 maledictione
1977 747 2055 808 et
2128 745 2673 809 amaritudine

379 847 706 928 plenum
755 849 898 910 est.
956 845 1292 910 ueloces
1339 847 1586 928 pedes
1636 866 1902 912 eorum
1952 849 2043 913 ad
2092 847 2674 914 effundendum

383 952 879 1034 sanguinem'
928 956 994 1017 et
1039 957 1266 1018 cetera.
1318 953 1549 1036 quibus
1600 953 1790 1018 dictis
1850 958 1926 1019 ut
1980 955 2203 1020 deinde
2250 955 2671 1034 ostenderent,

383 1058 491 1141 qui
539 1063 770 1132 essent,
819 1079 978 1142 quos
1025 1060 1302 1124 traheret
1345 1059 1424 1123 ad
1471 1062 1861 1126 consortium
1909 1062 2190 1126 criminis
2230 1068 2451 1126 catena
2487 1063 2674 1128 sacri-

378 1164 556 1248 legii,
621 1184 856 1247 eosque
933 1185 1076 1230 cum
1151 1167 1529 1232 Maximiano
1605 1167 1801 1231 simili
1875 1169 2215 1233 seueritate
2280 1169 2675 1234 damnarent:

381 1272 658 1337 ‘Famosi
724 1273 914 1355 ergo‘,
987 1271 1305 1353 inquiunt,
1373 1272 1675 1337 ‘criminis
1748 1291 1889 1336 reos
1952 1273 2390 1338 Victorianum
2458 1275 2677 1340 Carca-

380 1379 790 1456 uianensem’‚
859 1379 936 1442 ad
1001 1395 1189 1460 quem
1255 1379 1609 1461 adiungunt
1673 1378 1831 1444 alios
1897 1379 2213 1458 undecim,
2287 1381 2453 1445 inter
2516 1399 2675 1463 quos

380 1485 775 1549 Felicianum
839 1485 1264 1550 Mustitanum
1331 1489 1396 1550 et
1458 1486 1931 1550 Praetextatum
1992 1487 2466 1552 Assuritanum.
2531 1490 2679 1571 post

383 1593 539 1656 haec
593 1593 657 1654 in
706 1609 814 1656 eos
861 1591 1032 1656 dicta
1075 1592 1245 1656 facta
1289 1595 1390 1656 est
1433 1611 1580 1657 cum
1629 1593 1721 1657 eis
1767 1597 1943 1658 tanta
1990 1595 2342 1673 concordia,
2399 1599 2473 1657 ut
2516 1594 2677 1658 nihil

387 1717 604 1764 eorum
659 1697 1054 1762 minueretur
1109 1699 1476 1778 honoribus,
1533 1699 1750 1763 nullus
1800 1701 1877 1765 ab
1925 1700 2018 1766 eis
2065 1701 2325 1765 ablutus
2379 1703 2529 1782 post
2574 1701 2677 1764 ab-

383 1805 698 1870 luentium
745 1806 940 1886 pedes
988 1805 1242 1870 ueloces
1291 1805 1370 1869 ad
1418 1806 1867 1872 effundendum
1922 1807 2295 1891 sanguinem
2344 1812 2409 1870 et
2452 1825 2676 1871 rursus

383 1911 734 1977 abluendus
771 1911 1174 1976 iudicaretur.
1224 1931 1336 1977 cur
1381 1932 1529 1996 ergo
1579 1911 1656 1976 de
1703 1917 1919 1978 nostra
1964 1913 2299 1978 concordia
2346 1913 2675 1996 desperan-

384 2019 536 2084 dum
602 2021 742 2082 est?
799 2017 957 2082 deus
1023 2017 1260 2083 diaboli
1325 2022 1570 2084 auertat
1632 2019 1939 2084 inuidiam
2004 2022 2087 2084 et
2148 2039 2291 2102 pax
2358 2019 2674 2085 Christi

382 2126 668 2190 uincat
738 2124 813 2189 in
891 2124 1281 2190 cordibus
1362 2127 1674 2192 nostris
1734 2145 1826 2204 ac,
1888 2127 2059 2192 sicut
2110 2128 2281 2191 idem
2346 2125 2675 2210 apostolus

385 2232 564 2311 dicit,
631 2233 1023 2296 donemus
1099 2233 1515 2298 nobismet
1585 2233 1818 2315 ipsiS‚
1890 2233 1957 2298 si
2027 2235 2211 2316 quis
2277 2233 2675 2298 aduersus

384 2339 738 2422 aliquem
786 2339 1032 2403 habet
1081 2341 1513 2422 querelam,
1563 2339 1787 2405 sicut
1842 2343 1921 2404 et
1966 2340 2162 2405 deus
2220 2340 2294 2404 in
2346 2339 2675 2405 Christo

385 2446 727 2511 donauit
780 2446 1036 2523 nebia,
1093 2450 1187 2522 ut,
1237 2447 1406 2528 quod
1459 2446 1586 2509 iam
1636 2447 1762 2510 dixi
1818 2450 1883 2512 et
1936 2466 2125 2530 saepe
2174 2447 2507 2511 dicendum
2557 2447 2675 2522 est,

387 2553 694 2617 caritas
744 2551 1170 2636 cooperiat
1214 2551 1839 2618 multitudinem
1886 2555 2433 2636 peccatorum.

473 2659 713 2724 Verum
760 2663 854 2737 tu,
899 2660 1114 2736 frater,
1163 2676 1307 2722 cum
1347 2677 1472 2741 quo
1519 2677 1685 2723 nunc
1733 2678 1851 2743 ago
1892 2662 1957 2724 et
2002 2659 2078 2724 de
2128 2677 2251 2743 quo
2299 2660 2361 2723 in
2403 2657 2675 2737 Christe,

384 2767 555 2831 sicut
613 2766 752 2848 ipse
816 2766 1018 2841 nouit,
1085 2765 1360 2849 gaudere
1418 2764 1727 2842 desidere,
1794 2766 1849 2830 si
1914 2766 2111 2848 partis
2170 2764 2401 2830 Donati
2468 2765 2676 2829 defen·

385 2873 630 2937 sionem
675 2874 740 2937 in
788 2873 906 2936 hac
943 2872 1311 2936 Maximiani
1350 2891 1544 2937 causa
1577 2873 1743 2937 uelis
1780 2892 1891 2955 pro
1930 2872 2169 2956 ingenii
2204 2872 2303 2936 tui
2342 2874 2405 2936 et
2442 2870 2678 2953 eloquii

383 2981 691 3044 facultate
745 2981 1070 3060 suscipere
1115 2997 1230 3042 nec
1277 2979 1667 3044 mendaciter
1713 2999 1919 3062 agere,
1969 2978 2269 3062 quoniam
2314 2997 2531 3042 recens
2580 2981 2679 3042 est

385 3087 692 3152 memoria
734 3087 894 3170 ipsis
942 3085 1326 3162 hominibus,
1380 3086 1443 3149 in
1493 3105 1653 3169 quos
1701 3086 1857 3150 haec
1904 3090 2089 3170 gesta
2134 3089 2302 3163 sunt,
2360 3085 2565 3150 adhuc
2610 3085 2674 3148 in

387 3213 642 3276 corpore
681 3193 1072 3268 constitutis,
1117 3195 1217 3256 tot
1253 3191 1444 3257 etiam
1482 3192 2039 3275 proconsularibus
2079 3195 2143 3256 et
2182 3191 2676 3274 municipalibus

387 3301 587 3384 gestis
626 3304 856 3365 cuncta
899 3303 1139 3365 testata
1185 3302 1354 3378 sunt,
1403 3318 1607 3364 nonne
1656 3299 1985 3384 confugies
2034 3300 2112 3364 ad
2157 3299 2471 3382 praesidia
2514 3298 2677 3362 ueri-

567 3546 591 3599 1
635 3545 723 3601 Ps.
765 3545 850 3600 13.
889 3545 920 3598 3
1156 3545 1186 3597 7
1233 3545 1368 3612 Aug.
1410 3547 1598 3597 contra
1634 3543 1886 3599 Crescon.
1924 3543 2065 3598 Don.
2105 3543 2193 3598 ΙΙΙ
2230 3545 2325 3608 22;
2366 3546 2459 3608 59;
2500 3543 2576 3598 IV
2613 3549 2671 3607 5;

388 3633 481 3696 15;
522 3633 591 3686 38
703 3632 771 3686 14
807 3630 923 3688 col.
963 3631 1012 3694 3,
1055 3632 1120 3685 15
1235 3633 1300 3684 16
1339 3631 1452 3685 Col.
1494 3633 1544 3694 3,
1587 3633 1655 3685 13
1769 3633 1833 3685 19
1873 3631 1901 3684 1
1936 3631 2083 3684 Petr.
2122 3634 2176 3695 4,
2214 3631 2247 3685 8

457 3810 488 3861 5
527 3807 808 3861 traherent
850 3811 902 3874 (n
945 3807 1085 3876 exp.)
1122 3807 1177 3860 P
1308 3809 1340 3861 6
1381 3809 1603 3877 eosque]
1647 3823 1737 3860 eos
1778 3808 1869 3876 qui
1907 3807 1962 3860 P
2098 3808 2166 3861 10
2204 3808 2317 3876 eos]
2361 3809 2450 3878 cy}
2493 3808 2679 3876 spatio

388 3901 534 3950 3-4
573 3897 607 3950 1.
647 3898 710 3950 in
736 3897 858 3966 fine
893 3913 948 3949 u.
985 3913 1169 3949 uacuo
1205 3897 1261 3949 P
1369 3897 1434 3949 12
1475 3901 1531 3950 et
1569 3913 1671 3952 om.
1718 3896 1833 3951 ΥΠ
1862 3895 1982 3950 edd.
2097 3897 2161 3951 13
2201 3895 2499 3950 abluendus
2536 3896 2678 3949 iudi-

387 3990 534 4040 caret
578 3986 631 4040 V
665 3993 714 4040 et
751 3986 880 4040 add.
921 3987 986 4039 in
1019 3985 1270 4056 maryine
1307 3985 1442 4039 alius
1481 3985 1583 4039 Ma.
1624 3984 1951 4039 abluendum
1990 3989 2207 4054 putaret
2245 3986 2312 4039 lr
2348 3986 2679 4040 abluendum

387 4078 604 4148 putaret
648 4074 700 4130 U
734 4075 1060 4128 abluendum
1097 4074 1367 4128 iudicaret
1400 4091 1428 4128 8
1567 4077 1634 4128 14
1670 4075 1933 4128 auerterit
1979 4074 2087 4128 ΥΠ
2118 4074 2238 4128 edd.
2351 4076 2415 4128 16
2456 4074 2587 4144 quid
2633 4074 2687 4128 U

389 4166 454 4219 19
493 4165 739 4234 cooperit
773 4165 828 4218 P
1031 4163 1100 4217 22
1140 4179 1341 4233 per...
1365 4205 1376 4217 .
1399 4163 1660 4218 facultate
1713 4162 1812 4216 VU
1848 4165 1935 4229 (m.
1958 4167 1997 4216 2
2031 4163 2368 4229 facultatem)
2404 4180 2504 4232 per
2524 4204 2677 4219 .....

386 4255 702 4308 facultatem
741 4254 862 4308 edd.
1028 4257 1086 4306 et
1121 4269 1222 4306 om.
1261 4253 1317 4306 P
1493 4255 1560 4308 23
1602 4257 1685 4307 est
1721 4269 1823 4306 om.
1862 4252 1917 4305 P
2093 4255 2162 4306 24
2196 4253 2369 4322 ipsius
2418 4251 2528 4306 ΥΠ
2558 4252 2677 4308 edd.

385 4345 455 4398 26
495 4343 957 4412 cuncta—quibus
997 4359 1096 4399 om.
1146 4343 1258 4396 ΥΠ
1287 4343 1407 4396 edd.
