3184 4959
546 403 675 467 668
1257 398 1309 452 S.
1369 398 1645 451 Aureli
1699 397 2135 466 Augustini

545 590 866 656 actionum
932 607 1190 654 suarum
1245 588 1653 653 constituerit
1712 588 1777 653 in
1841 588 2012 653 fama
2074 588 2261 672 uulgi
2326 592 2438 653 aut
2499 589 2563 653 in
2627 590 2848 675 lingua

543 696 873 761 hominum
929 696 1036 759 uel
1088 695 1398 760 bonorum
1455 697 1646 777 atque
1702 695 2107 777 sapientium.
2164 697 2238 759 tu
2285 698 2499 760 autem
2550 698 2633 774 et,
2681 696 2848 779 qnod

545 804 752 888 magis
806 802 1173 886 pudendum
1229 805 1349 882 est,
1413 803 1542 867 iam
1598 802 2015 886 nauigaturus
2074 801 2231 867 satis
2289 804 2607 886 praeclare
2662 808 2729 868 te
2786 804 2847 867 in

543 910 758 975 Africa
800 909 1148 993 profecisse
1193 908 1472 987 testaris,
1523 927 1671 973 cum
1718 909 1909 973 aliam
1958 908 2036 973 ob
2086 927 2346 974 causam
2392 913 2457 974 te
2506 910 2678 975 oneri
2726 928 2847 974 non

545 1034 686 1082 esse
733 1016 972 1081 adseris
1027 1015 1564 1101 negotiosissimis
1614 1018 1679 1079 et
1722 1016 1783 1079 in
1834 1015 1959 1079 alia
2003 1016 2191 1100 longe
2238 1016 2542 1081 distantia
2583 1016 2846 1081 intentis
2906 1040 2931 1081 s

545 1122 886 1207 episcopis,
932 1124 1008 1188 ut
1043 1122 1164 1186 tibi
1201 1124 1512 1204 exponant
1549 1120 1936 1197 Ciceronem,
1984 1120 2109 1186 nisi
2148 1122 2299 1205 qnia
2333 1122 2523 1187 times
2562 1122 2851 1187 homines

542 1230 858 1315 procliues
923 1229 1004 1295 ad
1067 1228 1576 1311 uituperandum,
1644 1247 1720 1292 ne
1783 1228 2213 1313 interrogatus
2280 1228 2357 1293 ab
2424 1228 2538 1307 eis,
2608 1229 2660 1293 si
2730 1247 2851 1293 non

542 1335 963 1420 responderis,
1007 1335 1302 1401 indoctus
1351 1338 1415 1399 et
1460 1335 1658 1400 hebes
1704 1334 1976 1415 puteris!
2037 1353 2070 1400 o
2118 1354 2253 1399 rem
2301 1334 2559 1419 dignam
2604 1334 2852 1419 uigiliis

544 1447 609 1508 et
651 1441 1201 1507 lucubrationibus
1251 1440 1723 1523 episcoporum!

631 1548 771 1615 Non
829 1548 988 1613 mihi
1041 1548 1280 1612 uideris
1336 1546 1590 1612 aliunde
1646 1546 1781 1611 dies
1836 1550 2183 1631 noctesque
2240 1548 2538 1632 cogitare,
2595 1548 2721 1613 nisi
2780 1550 2855 1613 ut
2890 1574 2935 1613 ιο

543 1663 606 1727 in
665 1655 897 1721 studiis
951 1654 1084 1719 tuis
1141 1658 1334 1737 atque
1391 1654 1676 1719 doctrina
1739 1653 2016 1719 lauderis
2084 1654 2161 1720 ab
2226 1654 2612 1719 hominibus.
2681 1653 2858 1738 quod

545 1764 665 1829 etsi
732 1782 982 1845 semper
1036 1761 1114 1826 ad
1171 1764 1341 1825 certa
1396 1762 1462 1825 et
1523 1763 1699 1825 recta
1749 1760 2158 1826 tendentibus
2224 1762 2651 1845 periculosum
2708 1780 2855 1826 esse

544 1869 846 1947 indicaui,
893 1886 1060 1933 nuuc
1098 1870 1308 1933 tamen
1355 1866 1420 1931 in
1457 1870 1524 1931 te
1569 1868 1840 1933 maxime
1880 1868 2179 1951 experior.
2226 1888 2350 1933 non
2390 1869 2553 1933 enim
2596 1868 2855 1933 aliunde

544 1996 734 2059 quam
773 1994 845 2040 ex
883 1975 1101 2039 eadem
1148 1974 1423 2055 pernicie
1469 1992 1592 2038 non
1642 1974 1889 2053 uidisti,
1938 1994 2065 2057 qua
2099 1974 2353 2039 tandem
2398 1995 2465 2040 re
2509 1994 2854 2058 possemus

543 2080 808 2159 moueri,
868 2085 944 2146 ut
986 2081 1127 2160 tibi,
1175 2080 1345 2163 quod
1389 2081 1675 2164 petebas,
1726 2081 2040 2149 daremus,
2099 2102 2292 2165 quam
2339 2082 2507 2147 enim
2550 2100 2855 2165 peruerse
2892 2108 2938 2149 ιε

543 2190 616 2253 tu
661 2188 800 2271 ipse
845 2208 966 2253 non
1009 2188 1086 2253 ob
1135 2186 1308 2252 aliud
1356 2188 1431 2253 ad
1471 2208 1546 2252 ea
1592 2188 1910 2266 discenda,
1961 2208 2121 2271 quae
2167 2188 2538 2272 interrogas,
2584 2189 2855 2272 raperiS,

545 2294 668 2359 nisi
725 2298 799 2358 ut
849 2294 1128 2358 lauderis
1185 2296 1297 2358 aut-
1342 2312 1465 2358 non
1511 2293 1895 2376 uitupereris
1944 2294 2020 2359 ab
2076 2293 2465 2371 hominibus,
2524 2298 2653 2359 tam
2712 2312 2856 2376 per-

543 2419 726 2465 uerse
767 2401 958 2465 etiam
1009 2420 1122 2465 nos
1169 2402 1359 2483 putas
1407 2400 1470 2464 in
1517 2402 1632 2465 tua
1676 2400 1983 2483 petitione
2020 2400 2258 2465 talibus
2298 2400 2508 2465 causis
2556 2400 2857 2483 allegatis

545 2508 807 2573 moneri.
859 2510 923 2573 et
969 2507 1211 2573 utinam
1258 2525 1598 2590 possemus
1646 2506 1915 2585 efficere,
1962 2510 2039 2572 ut
2082 2510 2155 2571 tu
2205 2526 2455 2590 quoque
2500 2510 2633 2572 tam
2680 2505 2859 2571 inani

547 2619 736 2699 atque
783 2614 995 2679 fallaci
1042 2614 1354 2679 humanae
1391 2614 1603 2678 laudis
1638 2614 1805 2679 bono
1842 2614 2103 2679 minime
2139 2615 2507 2692 mouereris,
2548 2634 2695 2679 cnm
2730 2614 2857 2679 tibi
2894 2642 2947 2683 20

546 2742 661 2788 nos
699 2716 1124 2787 indicaremus
1162 2739 1285 2785 non
1325 2720 1404 2785 ad
1441 2720 1891 2804 praestandum
1930 2720 2069 2797 tibi,
2110 2719 2282 2803 quod
2325 2722 2512 2803 petia,
2553 2722 2860 2803 quoniam

543 2830 700 2894 haec
756 2828 834 2894 de
889 2832 954 2893 te
1019 2828 1268 2907 scribis,
1336 2827 1450 2893 sed
1518 2828 1597 2892 ad
1660 2830 1725 2893 te
1783 2827 2223 2911 corrigendum
2284 2828 2561 2893 moneri!
2618 2829 2855 2893 ‘mores

543 2935 912 3012 hominum’,
981 2935 1214 3017 inquis,
1295 2935 1632 3016 ‘procliues
1708 2937 1860 2999 sunt
1932 2934 2012 2998 ad
2082 2934 2617 3017 uituperandum’.
2696 2934 2859 3017 quid

546 3042 808 3107 deinde?
852 3042 928 3107 ‘si
975 3042 1402 3124 interrogatus
1443 3042 1586 3123 quis
1626 3060 1749 3105 non
1787 3040 2219 3123 responderit',
2260 3041 2493 3125 inquis,
2532 3041 2859 3106 ‘indoctus

548 3150 612 3211 et
664 3148 860 3213 hebes
919 3148 1287 3232 putabitur&
1348 3167 1494 3213 ecce
1550 3167 1667 3232 ego
1724 3152 1787 3212 te
1841 3148 2162 3232 interrogo
2219 3167 2345 3213 non
2401 3147 2479 3211 de
2527 3147 2859 3214 Ciceronis
2898 3182 2950 3222 2⁵

545 3254 725 3321 libris
791 3254 1055 3338 aliquid,
1115 3255 1298 3318 cuius
1366 3274 1625 3320 sensum
1688 3256 1959 3319 fortasse
2021 3254 2309 3339 legentes
2370 3254 2671 3339 indagare
2725 3274 2860 3319 non

544 3364 836 3445 possunt,
895 3361 1007 3425 sed
1064 3360 1140 3425 de
1194 3362 1336 3442 ipsa
1393 3362 1673 3444 epistula
1726 3365 1840 3425 tua
1896 3364 1961 3427 et
2007 3361 2083 3426 de
2141 3361 2456 3426 sententia
2510 3361 2861 3426 uerborum

544 3472 832 3545 tuorum3
883 3486 1114 3551 quaero
1166 3468 1354 3545 enim,
1404 3487 1515 3533 cur
1569 3488 1692 3534 non
1739 3468 1999 3534 dixeris:
2049 3466 2195 3547 ‘Qui
2252 3487 2375 3534 non
2428 3468 2859 3550 responderit,

621 3684 644 3736 1
689 3682 875 3753 uulgia
912 3686 991 3751 ut,
1027 3686 1160 3737 m.2
1198 3682 1352 3752 uulgi
1390 3686 1488 3736 aut
1521 3683 1580 3737 P
1727 3682 1761 3738 3
1800 3686 1887 3736 est
1922 3680 2233 3753 pudendum
2270 3682 2327 3737 Β
2506 3683 2615 3737 iam
2652 3699 2753 3739 om.
2796 3682 2861 3739 R

617 3773 674 3827 in
711 3772 936 3827 africam
963 3770 1160 3825 PP¹V
1249 3771 1284 3824 4
1322 3772 1616 3842 proficisse,
1652 3789 1723 3828 m.
1744 3775 1785 3825 2
1809 3771 2104 3842 profecisse
2130 3772 2258 3826 MP
2288 3770 2557 3842 proficisci
2584 3771 2661 3825 Ρι
2697 3772 2861 3839 (sisci

546 3880 614 3916 m.
637 3862 698 3932 2)
745 3861 798 3913 V
911 3863 944 3916 6
983 3864 1046 3914 ut
1083 3876 1186 3918 om.
1221 3860 1346 3913 MA
1471 3861 1539 3915 10
1577 3860 1827 3915 ωιΙίιιῐιᾱε
1866 3860 1922 3927 (b
1961 3863 2125 3926 eras.)
2167 3860 2221 3912 P
2342 3861 2404 3915 11
2444 3862 2502 3915 in
2538 3860 2603 3914 in
2629 3860 2751 3930 fine
2788 3878 2857 3918 u.

547 3968 647 4007 om.
687 3951 744 4005 Β
853 3966 914 4005 ac
941 3950 998 4005 Β
1104 3948 1344 4003 laudaris
1370 3949 1423 4004 A
1459 3948 1639 4003 laudis
1678 3948 1731 4003 V
1820 3950 1885 4003 13
1924 3950 2055 4020 non]
2095 3966 2223 4002 num
2252 3950 2309 4005 Β
2403 3951 2471 4005 14
2508 3950 2637 4020 qua]
2672 3950 2763 4020 qui
2808 3950 2871 4003 V

550 4041 615 4096 17
663 4039 1008 4111 uituperetis,
1054 4055 1190 4095 corr.
1239 4054 1308 4095 m.
1337 4043 1369 4092 1
1410 4038 1738 4109 uituperetis
1783 4037 1859 4092 M
1902 4037 2188 4109 uituperis,
2236 4056 2305 4093 m.
2338 4042 2378 4093 2
2419 4038 2745 4109 uituperetis
2794 4036 2863 4093 R

620 4128 868 4182 omnibus
904 4128 961 4183 Β
1107 4128 1173 4181 18
1211 4128 1267 4181 in
1305 4128 1572 4197 petitione
1610 4132 1707 4181 tua
1743 4127 1799 4181 Β
1944 4126 2185 4196 alligatis
2222 4126 2346 4180 MP
2382 4131 2471 4193 (m.
2494 4130 2534 4181 2
2572 4127 2864 4197 allegatis)

546 4218 687 4273 P¹V
774 4218 842 4273 20
878 4218 1113 4271 moueris
1151 4216 1206 4270 V
1290 4218 1358 4272 22
1397 4220 1472 4285 at,
1509 4234 1579 4271 m.
1602 4220 1643 4271 2
1672 4215 1740 4271 ad
1767 4216 1824 4270 P
1908 4216 1978 4271 25
2016 4221 2073 4270 te
2112 4233 2213 4285 ego
2242 4216 2318 4270 M
2350 4216 2485 4286 ego}
2530 4220 2654 4283 (om.
2684 4222 2760 4281 te)
2798 4218 2861 4269 A

549 4308 617 4361 26
655 4306 796 4360 forte
832 4306 888 4360 R
996 4306 1064 4360 27
1106 4305 1342 4375 epistula
1379 4306 1495 4376 ipsa
1534 4305 1655 4359 edd.
1766 4305 1835 4358 28
1876 4306 2097 4374 quaero]
2138 4322 2297 4375 quem
2348 4304 2399 4357 V
