3184 4959
1097 433 1627 504 epistularum
1684 433 1793 488 LX.
1850 432 1986 487 LXI.
2564 437 2697 502 223

399 631 675 712 epistula
723 678 982 696 ......
1007 645 1014 662 ’
1018 677 1326 696 .......
1378 633 1462 706 et,
1512 629 1568 693 si
1617 629 1759 710 quis
1808 628 1885 692 de
1932 630 2047 694 hac
2094 648 2162 695 re
2226 635 2290 694 te
2352 629 2693 715 interroga-

399 737 580 814 uerit,
648 736 838 801 etiam
904 753 1094 799 manu
1159 755 1300 800 mea
1361 735 1628 818 prolata,
1688 734 1857 817 quod
1914 734 1991 799 de
2048 733 2165 800 hac
2220 755 2287 800 re
2344 737 2692 802 sentiamus

395 843 501 908 uel
561 843 893 920 faciamus,
961 842 1278 908 ostendas.
1347 841 1514 907 scias
1571 861 1721 925 ergo
1776 859 1891 906 nos
1946 861 2069 906 non
2125 842 2187 906 in
2244 843 2334 907 eis
2393 841 2692 908 detestari

394 951 520 1015 nisi
566 949 1027 1015 dissensionem
1075 949 1380 1032 ipsorum,
1426 967 1539 1031 per
1585 967 1776 1030 quam
1816 948 2212 1014 schismatici
2252 950 2355 1014 uel
2394 949 2691 1014 haeretici

333 1077 360 1120 5
396 1058 548 1123 facti
615 1059 786 1134 sunt,
853 1056 1002 1138 quia
1065 1055 1369 1120 ecclesiae
1436 1055 1785 1120 catholicae
1849 1055 2159 1120 unitatem
2227 1059 2291 1119 et
2354 1056 2691 1120 ueritatem

395 1183 516 1228 non
581 1165 802 1228 tenent
853 1164 916 1228 in
973 1181 1068 1236 eo,
1129 1161 1296 1244 quod
1351 1181 1572 1246 pacem
1632 1181 1777 1226 cum
1831 1161 2067 1245 populo
2118 1161 2216 1226 dei
2264 1181 2387 1227 non
2434 1161 2688 1240 habent,

397 1271 502 1354 qui
548 1274 685 1335 toto
733 1274 1042 1334 terrarum
1090 1269 1240 1334 orbe
1287 1267 1684 1344 diffunditur,
1734 1271 1801 1332 et
1840 1267 1905 1332 in
1954 1287 2047 1342 e0,
2098 1268 2268 1350 quod
2311 1269 2373 1333 in
2422 1269 2689 1334 homini-

394 1379 514 1443 bus
595 1377 988 1460 baptismum
1069 1375 1310 1441 Christi
1391 1395 1512 1440 non
1598 1378 1975 1458 agnoscunt.
2059 1375 2465 1458 inprobamus
2540 1395 2687 1461 ergo

393 1486 631 1549 malum
701 1501 994 1560 errorem,
1060 1483 1214 1564 quia
1289 1501 1474 1546 suum
1541 1481 1806 1558 habent;
1882 1483 2122 1548 bonum
2184 1485 2397 1548 autem
2462 1501 2685 1548 nomen

303 1617 358 1658 ιο
393 1591 561 1673 quod
617 1590 718 1655 dei
773 1589 1007 1655 habent
1061 1593 1125 1653 et
1179 1593 1646 1654 sacramentum
1702 1590 1838 1654 eius
1896 1590 2303 1674 agnoscimus
2360 1589 2424 1656 in
2483 1591 2575 1655 eis
2624 1595 2690 1656 et

391 1715 764 1761 ueneramur
810 1700 874 1760 et
922 1695 1381 1778 amplectimur.
1430 1696 1542 1760 sed
1587 1701 1921 1779 propterea
1969 1696 2259 1761 dolemus
2309 1699 2583 1762 errantes
2624 1702 2687 1762 et

392 1823 498 1868 eos
561 1823 676 1888 per
740 1804 1068 1868 caritatem
1123 1801 1360 1868 Christi
1423 1801 1653 1866 lucrari
1722 1801 1839 1868 deo
1896 1803 2209 1886 cupimus,
2267 1807 2341 1867 ut
2395 1807 2685 1869 sanctum

391 1914 876 1988 sacramentum,
933 1908 1102 1992 quod
1155 1909 1310 1974 foris
1367 1910 1444 1974 ab
1493 1909 1763 1974 ecclesia
1807 1909 2042 1975 habent
2088 1908 2166 1973 ad
2210 1911 2571 1992 perniciem,
2620 1912 2683 1976 in

389 2036 543 2098 pace
591 2015 896 2082 ecclesiae
943 2014 1216 2081 habeant
1263 2015 1340 2079 ad
1390 2017 1687 2083 salutem.
1737 2015 1791 2080 si
1832 2035 1978 2100 ergo
2017 2016 2325 2081 tollantur
2362 2017 2437 2080 de
2476 2017 2681 2082 medio

299 2151 352 2192 15
389 2125 556 2188 mala
618 2124 949 2190 hominum
1015 2129 1082 2188 et
1117 2123 1528 2188 ·honorentu1·
1588 2123 1655 2188 in
1720 2121 2087 2188 hominibus
2153 2123 2317 2188 bona
2384 2123 2506 2200 dei,
2564 2125 2684 2190 erit

385 2233 660 2296 fraterna
723 2229 1056 2296 concordia
1113 2232 1176 2294 et
1231 2229 1523 2294 amabilis
1579 2249 1720 2313 pax,
1774 2235 1847 2293 ut
1902 2230 1963 2293 in
2012 2229 2307 2294 cordibus
2354 2229 2681 2297 hominum

387 2338 605 2404 uincat
647 2337 1122 2422 persuasionem
1170 2336 1408 2401 diaboli
1455 2336 1686 2402 caritas
1736 2335 1992 2401 Christi.

209 2449 248 2512 2
474 2446 696 2528 Itaque
755 2465 898 2510 cum
955 2443 1034 2509 ad
1089 2462 1204 2509 nos
1251 2442 1518 2510 ueniunt
1566 2463 1639 2508 ex
1684 2447 1861 2527 parte
1907 2443 2163 2518 Donati,
2210 2443 2375 2507 mala
2425 2443 2677 2509 illorum

384 2572 509 2617 non
581 2551 990 2636 suscipimus,
1061 2550 1129 2614 id
1193 2553 1294 2616 est
1359 2550 1809 2616 dissensionem
1879 2555 1943 2614 et
2010 2569 2298 2628 errorem,
2366 2549 2477 2614 sed
2541 2550 2679 2633 ipsa

295 2683 348 2725 ιο
383 2659 690 2724 tollantur
764 2657 839 2721 de
915 2656 1121 2722 medio
1203 2659 1530 2739 tamquam
1615 2656 2067 2738 impedimenta
2149 2655 2538 2734 concordiae,
2615 2661 2680 2721 et

384 2763 827 2846 amplectimur
868 2762 1093 2828 fratres
1141 2763 1385 2827 stantes
1435 2781 1582 2826 cum
1632 2762 1744 2840 eia,
1786 2762 1957 2826 sicut
2002 2762 2158 2827 dicit
2204 2763 2553 2846 apostolus,
2600 2763 2676 2826 in

383 2871 702 2935 unitate
769 2869 1119 2954 spiritus
1185 2868 1263 2932 in
1329 2867 1667 2934 uinculo
1732 2869 1959 2952 pacis
2027 2872 2091 2933 et
2146 2873 2563 2952 agnoscentes
2610 2869 2672 2932 in

382 2977 474 3041 eis
539 2978 704 3041 bona
768 2975 888 3054 dei,
955 2976 1092 3040 siue
1159 2979 1450 3046 sanctum
1517 2976 1909 3056 baptismum
1977 2975 2115 3040 siue
2169 2974 2675 3040 benedictionem

380 3083 791 3149 ordinationis
823 3083 961 3148 siue
1001 3081 1419 3147 continentiae
1457 3083 1918 3163 professionem
1958 3083 2097 3148 siue
2136 3081 2669 3166 consignationem

301 3218 354 3258 ιε
381 3189 767 3273 uirginitatis
833 3189 972 3253 siue
1037 3187 1224 3284 fidem
1289 3189 1592 3252 trinitatis
1660 3191 1723 3253 et
1790 3189 1842 3252 si
1910 3207 2035 3271 qua
2100 3187 2223 3252 alia
2286 3190 2453 3265 sunt,
2514 3207 2673 3270 quae

383 3297 608 3374 omnia,
659 3296 846 3361 etiam
899 3295 954 3359 si
1002 3298 1197 3370 erant,
1247 3295 1407 3360 nihil
1453 3299 1664 3359 tamen
1722 3295 2077 3379 proderant,
2138 3293 2383 3375 quando
2443 3295 2671 3358 caritas

381 3421 500 3468 non
561 3407 710 3468 erat.
779 3403 921 3485 quis
979 3405 1190 3466 autem
1248 3421 1393 3466 uere
1443 3402 1600 3465 dicit
1646 3421 1713 3466 se
1760 3401 1987 3466 habere
2038 3400 2273 3466 Christi
2322 3401 2670 3476 caritatem,

554 3594 619 3648 21
661 3593 798 3663 Eph.
836 3595 886 3657 4,
927 3593 960 3647 3
1061 3594 1128 3647 26
1165 3591 1192 3646 Ι
1233 3591 1353 3647 Cor.
1395 3591 1480 3654 13,
1519 3594 1551 3646 3

450 3719 476 3770 1
527 3718 763 3786 epistula
807 3717 1038 3770 scribere
1084 3719 1146 3769 ut
1197 3716 1242 3769 si
1269 3715 1442 3784 slav·
1489 3714 1723 3784 epistola
1771 3715 2061 3784 exprimere
2098 3719 2161 3768 ut
2198 3716 2242 3768 si
2278 3733 2358 3782 ηις
2408 3717 2670 3770 lammam

377 3806 695 3875 siymflcaui
863 3804 1009 3874 quid,
1049 3819 1186 3858 corr.
1224 3810 1347 3858 m.1
1385 3805 1504 3872 quis
1551 3803 1605 3858 U
1760 3807 1817 3857 te
1856 3804 1924 3856 de
1960 3803 2063 3857 hac
2100 3820 2156 3858 re
2194 3803 2311 3858 HR
2471 3808 2527 3858 te
2566 3822 2667 3859 om.

387 3895 494 3948 VU
597 3895 958 3962 introgauerit
1003 3894 1053 3947 Τ
1156 3895 1188 3947 2
1229 3893 1360 3962 quid
1405 3893 1457 3946 U
1491 3893 1611 3946 edd.
1722 3894 1757 3946 4
1796 3909 1977 3946 eorum
2024 3891 2077 3946 U
2180 3896 2211 3946 5
2251 3892 2383 3946 facti
2423 3909 2524 3946 om.
2564 3893 2673 3947 VU

379 3984 408 4035 7
445 3983 776 4053 baptismum
816 3983 1004 4037 christi
1041 3983 1098 4036 in
1134 3983 1444 4037 hominibus
1481 3981 1601 4036 HR
1690 3983 1723 4035 8
1765 3983 1916 4052 ergo]
1957 3985 2135 4036 autem
2172 3981 2279 4036 VU
2366 3984 2397 4034 9
2436 3999 2663 4036 errorem

377 4072 574 4125 malum
611 4072 662 4125 V
803 4073 896 4142 qui
932 4089 1088 4125 suum
1125 4071 1280 4126 codd.
1321 4089 1474 4124 suum
1515 4088 1673 4140 quem
1694 4071 1741 4138 s
1771 4087 1953 4124 eorum
1993 4087 2151 4140 quem
2190 4076 2308 4124 cett.
2351 4071 2469 4124 edd.
2482 4090 2501 4136 ;
2537 4087 2664 4123 con-

375 4163 476 4215 ieci
513 4162 642 4230 quia
678 4179 834 4215 suum
963 4163 1029 4216 10
1067 4161 1155 4214 dei
1195 4161 1338 4232 quod
1385 4161 1434 4216 T
1467 4161 1589 4218 edd.
1736 4161 1791 4213 in
1832 4161 1909 4214 eis
1947 4177 2051 4213 om.
2100 4159 2207 4214 ΓΠ
2329 4161 2395 4214 16
2433 4163 2495 4212 ut
2534 4159 2663 4212 add.

374 4250 640 4304 Mam-ini
747 4249 972 4304 cedibus
1018 4250 1072 4304 V
1158 4251 1226 4304 20
1263 4249 1536 4304 tolluntur
1571 4249 1691 4304 cdd.
1785 4251 1849 4303 21
1892 4249 2109 4317 fratres]
2148 4249 2342 4302 fratres
2378 4251 2593 4301 nostros
2614 4265 2665 4300 m

376 4341 440 4392 27
481 4340 584 4392 erit
627 4337 736 4393 VU
882 4340 1166 4394 caritatem
1204 4339 1394 4393 christi
1440 4339 1494 4393 U
