3184 4959
238 2044 279 2107 3

1128 465 1655 534 epistularum
1714 464 2006 538 LXXXIII.
2571 471 2698 534 389

410 662 612 727 fuisse
689 665 753 726 et
816 660 1019 738 uides,
1086 680 1244 744 quae
1307 660 1618 743 pernicies
1685 665 2128 745 consequatur.
2205 667 2270 727 et
2339 663 2468 729 illis
2535 665 2700 728 enim

412 768 775 834 uidebimur
837 768 1109 832 alienam
1172 786 1305 833 rem
1370 768 1696 833 dimidiam
1749 769 1978 834 tulisse
2035 773 2100 834 et
2151 769 2248 835 illi
2303 769 2484 836 nobis
2533 771 2702 835 uide-

416 875 653 940 buntur
705 875 1035 940 inhoneste
1088 877 1155 940 et
1206 875 1423 957 inique
1478 895 1547 940 se
1594 893 1816 958 passos
1865 876 2086 954 fuisse,
2133 880 2208 942 ut
2254 878 2706 944 adiuuarentur

416 984 492 1049 de
539 982 821 1060 dimidio,
872 981 1039 1065 quod
1083 983 1290 1046 totum
1339 1001 1684 1064 pauperum
1733 982 1960 1048 fuerat.
2025 1004 2167 1048 nam
2226 985 2394 1068 quod
2461 987 2703 1050 dixisti:

350 1112 378 1148 ⁵
414 1089 802 1156 ‘Cauendum
866 1089 985 1164 est,
1058 1105 1156 1166 ne,
1234 1106 1377 1151 cum
1451 1106 1585 1152 rem
1661 1088 1912 1154 dubiam
1991 1091 2307 1156 emendari
2383 1093 2703 1168 uolumuS‚

416 1197 657 1263 maiora
702 1195 965 1260 uulnera
1010 1193 1361 1270 faciamus‘‚
1406 1194 1777 1260 tantundem
1823 1195 2083 1276 ualebit‚
2130 1197 2186 1261 si
2233 1198 2323 1263 eis
2371 1198 2704 1264 dimidium

414 1303 813 1370 concedatur.
862 1303 1118 1384 propter
1160 1301 1373 1385 ipsum
1423 1301 1655 1385 quippe
1705 1302 2038 1368 dimidium
2083 1303 2200 1382 illi,
2248 1325 2516 1388 quorum
2563 1325 2705 1372 con·

416 1409 697 1476 uersioni
764 1409 1093 1475 consulere
1139 1409 1463 1486 uolumuS‚
1512 1413 1586 1472 ut
1647 1410 1768 1476 hoc
1833 1411 2114 1492 exemplo
2192 1431 2406 1477 secum
2461 1415 2705 1498 agatur,

415 1535 623 1582 rerum
671 1533 927 1582 suarum
976 1514 1403 1580 uenditionem
1450 1535 1561 1598 per
1605 1535 1816 1582 moras
1871 1517 2016 1582 illas
2073 1519 2496 1584 excusatorias
2555 1519 2706 1584 dila-

330 1645 380 1681 ιο
415 1623 542 1688 turi
607 1625 773 1688 sunt.
842 1620 1065 1688 deinde
1128 1621 1379 1692 mirum,
1448 1621 1502 1688 si
1569 1621 1646 1686 de
1711 1641 1776 1686 re
1845 1621 2038 1686 dubia
2091 1625 2191 1688 est
2243 1623 2444 1688 totius
2499 1625 2704 1708 plebis

416 1737 545 1796 tam
596 1729 828 1814 grande
876 1728 1268 1805 scandalum,
1318 1747 1461 1794 cum
1512 1728 1846 1812 episcopos
1897 1749 2068 1796 suoS.
2118 1749 2278 1812 quos
2325 1751 2436 1814 pro
2475 1749 2704 1816 magno

420 1837 667 1914 habent,
744 1835 999 1902 sordida
1081 1835 1347 1901 auaritia
1428 1835 1782 1902 maculatos
1863 1840 2111 1918 putant,
2197 1837 2344 1901 dum
2429 1837 2708 1923 maligna

418 1943 658 2026 species
706 1963 828 2009 non
885 1942 1167 2007 nitatur?

503 2049 665 2115 Nam
730 2069 875 2114 cum
942 2050 1211 2132 quisque
1276 2049 1355 2114 ad
1410 2049 1866 2116 monasterium
1925 2049 2335 2127 conuertitur,
2395 2052 2449 2116 si
2497 2053 2711 2117 ueraci

332 2177 380 2216 ιτ,
419 2157 601 2224 corde
651 2156 1061 2232 conuertitur,
1109 2156 1268 2221 illud
1326 2175 1447 2221 non
1496 2156 1742 2240 cogitat
1787 2157 2056 2220 maxime
2094 2156 2476 2233 admonitus,
2516 2177 2708 2240 quan-

416 2269 555 2329 tum
600 2263 840 2327 malum
888 2263 992 2326 sit.
1057 2262 1111 2326 si
1160 2265 1373 2327 autem
1420 2261 1610 2326 fallax
1665 2265 1766 2327 est
1821 2264 1886 2327 et
1948 2281 2092 2326 sua
2155 2263 2500 2344 quaerit,
2559 2283 2704 2330 non

416 2388 614 2452 quae
670 2369 854 2434 Iesu
914 2367 1253 2446 Christi,
1308 2387 1432 2434 non
1478 2368 1671 2433 habet
1726 2368 1946 2451 utique
2001 2369 2327 2434 caritatem
2386 2372 2452 2433 et
2517 2369 2708 2450 quid

416 2477 484 2540 ei
549 2475 904 2559 prodest,
964 2475 1031 2538 si
1088 2474 1627 2540 distribuerit
1681 2475 1945 2540 omnia
1999 2493 2142 2540 sua
2208 2475 2706 2558 pauperibus

419 2584 493 2646 et
555 2581 1005 2647 tradiderit
1068 2601 1363 2664 corpus
1430 2600 1680 2658 suum,
1738 2585 1826 2646 ut
1879 2581 2204 2648 ardeat?
2263 2583 2387 2647 huc
2445 2583 2708 2662 accedit,

328 2712 380 2750 20
416 2688 565 2771 quia
616 2687 799 2764 illud,
858 2687 1026 2754 sicut
1078 2689 1205 2752 iam
1265 2687 1577 2753 conlocuti
1627 2707 1870 2763 sumne,
1921 2687 2214 2772 deinceps
2261 2688 2451 2754 uitari
2498 2691 2714 2771 potest

416 2798 481 2860 et
544 2794 647 2879 agi
713 2814 857 2859 cum
926 2815 1019 2872 e0‚
1088 2797 1192 2878 qui
1264 2795 1673 2870 conuertitur,
1741 2795 1795 2859 si
1861 2814 1982 2860 non
2047 2797 2264 2878 potest
2327 2795 2574 2860 admitti
2631 2795 2712 2860 ad

417 2903 789 2968 societatem
844 2902 1131 2980 fratrum,
1189 2905 1522 2984 antequam
1584 2921 1651 2966 se
1710 2901 2005 2968 omnibus
2061 2903 2192 2968 illis
2237 2901 2712 2985 impedimentis

417 3010 657 3074 exuerit
702 3013 767 3074 et
813 3029 885 3074 ex
932 3009 1059 3074 otio
1107 3008 1423 3086 tendatur,
1471 3029 1620 3074 cum
1668 3009 1806 3074 eius
1853 3029 1952 3074 res
2000 3010 2126 3074 iam
2175 3027 2316 3074 esse
2373 3009 2712 3075 destiterit.

414 3116 567 3181 haec
616 3119 829 3182 autem
874 3134 1045 3182 mors
1091 3115 1485 3180 infirmorum
1526 3119 1591 3181 et
1627 3120 1876 3180 tantum
1913 3117 2442 3199 impedimentum
2481 3116 2710 3180 salutis

326 3243 377 3286 ιε,
417 3242 654 3299 eorum,
730 3242 841 3304 pro
909 3221 1142 3306 quibus
1192 3225 1535 3307 ,tantopere
1598 3222 1982 3301 laboramuS‚
2048 3226 2124 3287 ut
2187 3242 2293 3288 eos
2362 3222 2711 3288 catholicae

412 3329 554 3412 paci
620 3331 957 3408 lucremur,
1024 3329 1209 3394 aliter
1270 3329 1461 3394 uitari
1524 3348 1646 3395 non
1713 3332 1946 3412 potest,
2005 3329 2126 3394 nisi
2181 3332 2257 3394 ut
2312 3329 2712 3412 apertissime

413 3436 787 3522 intellegant
848 3436 1023 3502 nullo
1090 3437 1277 3501 modo
1346 3455 1460 3502 nos
1526 3435 1604 3500 de
1669 3437 1938 3518 pecunia
2002 3439 2285 3519 satagere
2349 3435 2412 3499 in
2472 3435 2710 3499 talibus

594 3699 660 3754 16
695 3699 839 3754 Phil.
878 3699 930 3763 2,
969 3701 1033 3753 21
1153 3699 1215 3752 17
1254 3699 1281 3752 Ι
1319 3697 1440 3754 Cor.
1485 3699 1567 3762 13,
1607 3699 1639 3752 3

484 3842 517 3896 2
553 3842 804 3897 retulisse
843 3845 919 3909 (re
958 3843 1085 3909 del.)
1124 3841 1179 3896 R
1332 3840 1668 3895 uidebuntur
1703 3839 1859 3894 nobis
1897 3839 2017 3895 edd.
2200 3839 2232 3892 3
2271 3837 2624 3893 adiuuaretur
2667 3837 2718 3890 T

413 3933 445 3985 5
482 3947 583 3998 nec
620 3930 671 3985 V
704 3933 755 4002 (c
790 3933 955 3998 eras.)
994 3930 1048 3986 U
1188 3931 1429 3985 dubi-am
1470 3933 1519 3998 (t
1554 3945 1696 3984 eras.
1721 3928 1772 3996 .9)
1801 3929 1858 3985 R
1999 3927 2272 3983 noluimus
2311 3927 2364 3982 V
2397 3927 2439 3992 (i
2467 3927 2630 3996 eras.)
2667 3926 2714 3980 U

416 4021 445 4073 7
486 4021 707 4090 quippe]
746 4021 890 4075 enim
925 4020 995 4074 H
1134 4019 1529 4074 conuersationi
1577 4018 1630 4072 T
1732 4019 1766 4072 8
1805 4017 2084 4072 consulere
2122 4033 2225 4070 om.
2265 4015 2384 4070 edd.
2417 4019 2643 4084 praeter
2661 4031 2713 4066 m

484 4113 546 4163 ut
580 4109 644 4163 in
679 4126 791 4164 ras.
828 4114 950 4164 m.1
988 4109 1199 4178 (fm'me
1234 4125 1343 4162 uon
1363 4108 1414 4178 ἓ)
1453 4107 1509 4163 R
1682 4107 1982 4177 exemplum
2029 4105 2137 4161 TU
2311 4105 2344 4156 9
2385 4103 2622 4157 delaturi
2667 4101 2720 4156 U

416 4197 483 4252 10
521 4195 587 4250 (Ie
624 4197 727 4252 hac
764 4213 821 4251 re
867 4198 918 4252 T
1051 4198 1117 4253 13
1154 4199 1399 4250 mutatur
1445 4195 1557 4250 VU
1699 4197 1764 4251 16
1800 4212 1909 4249 non
1949 4195 2106 4264 quae]
2151 4195 2206 4248 et
2241 4209 2350 4246 non
2389 4207 2526 4262 quae
2574 4191 2624 4244 V
2659 4195 2715 4242 et

413 4302 553 4355 quae
588 4303 713 4350 non,
750 4287 923 4357 signis
959 4301 1095 4341 corr.
1138 4289 1195 4340 et
1230 4302 1337 4340 non
1376 4301 1515 4355 quae
1562 4283 1617 4338 U
1790 4285 1859 4338 22
1896 4273 2001 4338 ἰῐηί
2037 4283 2095 4338 R
2263 4283 2332 4337 23
2371 4283 2480 4336 iam
2517 4297 2618 4336 om.
2665 4281 2717 4334 T

410 4376 479 4430 25
518 4375 809 4430 liberamus
855 4375 909 4430 U
