3184 4959
316 1048 344 1087 5

301 1584 355 1623 10

307 2117 358 2155 15

1144 404 1679 473 epistularum
1732 404 1925 463 XXXI.
2634 414 2673 475 3

383 600 562 663 antes
629 597 764 663 sine
831 596 1128 663 molestia
1189 598 1364 680 passi
1421 616 1667 664 sumus,
1726 599 1939 663 uidete
1999 599 2185 675 enim,
2246 620 2481 683 quaeso
2539 621 2679 680 uoS,

383 705 618 787 quibus
673 704 1115 786 quatiebamur
1167 704 1521 771 affectibus.
1587 708 1763 769 tanto
1820 705 2041 787 utique
2097 707 2457 773 dimittendi
2506 713 2683 774 erant

384 812 588 889 ociuS,
636 814 870 895 quanto
917 811 1103 875 uobis
1149 811 1476 893 inpensius
1525 812 1820 877 oboedire
1868 813 2233 897 cupiebant;
2286 816 2397 880 sed
2446 820 2679 899 quanto

383 917 450 981 id
509 918 850 999 cupiebant
901 918 1128 1001 magiS,
1185 920 1360 983 tanto
1416 938 1534 985 uos
1590 918 1775 985 nobis
1831 921 2226 1001 praesentius
2274 921 2679 997 exhibebant;

389 1044 462 1091 eo
514 1026 744 1109 quippe
789 1023 1172 1103 indicabant,
1217 1044 1408 1108 quam
1458 1044 1602 1091 cara
1648 1027 1891 1091 uiscera
1936 1031 2153 1092 uestra
2210 1031 2450 1105 essent3
2502 1030 2679 1093 tanto

390 1152 502 1197 eos
569 1132 783 1198 minus
855 1132 1054 1217 igitur
1127 1133 1450 1197 dimittere
1513 1132 1912 1211 nolebamus,
1982 1139 2217 1216 quanto
2283 1136 2542 1211 iustius,
2609 1139 2683 1201 ut

390 1238 875 1318 dimitterentur,
940 1240 1280 1305 instabant.
1349 1259 1384 1303 o
1451 1260 1582 1305 rem
1650 1258 1771 1305 non
1838 1241 2180 1319 ferendam,
2238 1242 2361 1305 nisi
2418 1262 2453 1305 a
2498 1242 2679 1307 nobis

385 1346 512 1411 ista
557 1346 946 1411 discessione
1003 1366 1126 1411 non
1181 1346 1674 1425 discederemus,
1730 1346 1853 1413 nisi
1918 1349 2127 1412 ‘unius
2194 1368 2483 1413 essemus
2550 1368 2683 1413 cor-

386 1452 556 1534 poris
619 1453 926 1529 membra,
992 1473 1188 1517 unum
1255 1452 1632 1517 haberemus
1700 1458 1911 1537 caput,
1975 1474 2103 1519 una
2164 1455 2685 1538 perfunderemur

391 1558 610 1641 gratia,
688 1577 814 1623 uno
887 1577 1046 1641 pane
1121 1560 1512 1636 uiueremuS,
1579 1578 1707 1623 una
1766 1560 2201 1624 incederemus
2268 1562 2394 1628 nia.
2462 1561 2679 1625 eadem

392 1665 824 1730 habitaremus
880 1665 1118 1731 domo’!
1185 1685 1298 1730 cur
1345 1666 1508 1731 enim
1556 1686 1677 1732 non
1728 1666 1921 1731 etiam
1967 1666 2171 1731 isdem
2220 1667 2429 1732 uerbis
2480 1672 2684 1733 utere-

391 1776 573 1837 mur?
633 1773 981 1857 agnoscitis
1038 1772 1226 1849 enim,
1286 1772 1491 1851 credo,
1549 1774 1707 1838 haec
1762 1792 1901 1837 esse
1968 1792 2043 1837 ex
2106 1773 2383 1855 epistula
2446 1778 2680 1838 uestra.

393 1879 500 1943 sed
548 1898 664 1943 cur
706 1880 922 1961 potius
967 1880 1124 1944 haec
1171 1882 1386 1944 uestra
1434 1880 1562 1945 sint
1598 1880 1793 1944 uerba
1832 1898 2022 1962 quam
2059 1900 2220 1958 mea,
2260 1900 2421 1963 quae
2458 1881 2682 1963 utique

393 2005 580 2067 quam
627 2004 780 2049 uera
827 1988 997 2063 sunt,
1045 1990 1177 2050 tam
1233 1986 1415 2051 nobis
1473 1987 1550 2051 ab
1608 1986 1891 2052 eiusdem
1952 1988 2178 2070 capitis
2244 1988 2683 2055 communione

391 2093 816 2175 proueniunt?
881 2096 948 2157 et
1002 2094 1056 2157 si
1114 2094 1356 2176 aliquid
1400 2094 1723 2177 proprium
1772 2094 1959 2159 uobis
2008 2094 2307 2159 donatum
2358 2094 2685 2173 haberent,

391 2202 566 2263 tanto
622 2198 828 2281 magis
887 2218 962 2263 ea
1015 2199 1108 2263 sic
1163 2200 1372 2275 dilexi,
1428 2204 1504 2263 ut
1559 2199 1923 2264 obsiderent
1982 2201 2154 2265 uiam
2218 2201 2493 2284 pectoris
2558 2202 2685 2266 mei

391 2324 592 2389 neque
661 2324 696 2368 a
762 2306 945 2370 corde
1011 2306 1090 2369 ad
1153 2306 1438 2389 linguam
1505 2325 1711 2371 meam
1778 2306 1971 2370 uerba
2043 2309 2311 2371 transire
2387 2309 2681 2383 sinerent,

393 2414 588 2477 donec
645 2415 820 2477 tanto
867 2412 1140 2495 puriora,
1199 2417 1432 2493 quanto
1491 2416 1643 2478 sunt
1694 2416 1931 2491 uestra,
1986 2413 2415 2495 procederent.
2480 2414 2684 2479 sancti

391 2522 620 2586 fratres
676 2520 892 2585 dilecti
949 2520 1064 2585 deo
1119 2522 1462 2602 nostraque
1515 2520 1791 2585 inuicem
1858 2520 2157 2596 membra,
2226 2521 2367 2603 quis
2435 2520 2686 2585 dubitet

393 2648 506 2694 nos
553 2646 680 2691 uno
729 2626 960 2709 spiritu
1005 2626 1312 2711 uegetari,
1361 2626 1484 2691 nisi
1531 2627 1641 2710 qui
1687 2647 1805 2691 non
1858 2628 2071 2703 sentit,
2113 2645 2235 2709 qua
2272 2627 2453 2691 nobis
2493 2627 2683 2692 dilec-

393 2735 564 2801 tione
611 2734 1008 2798 uinciamur?

571 2978 604 3031 s
643 3000 712 3024 =
751 2992 834 3047 ep.
872 2976 1018 3029 xxx
1055 2994 1107 3046 p.
1149 2977 1268 3040 124,
1309 2978 1446 3030 7-—9

465 3155 498 3207 3
537 3154 710 3223 ocius]
752 3152 842 3206 uel
881 3152 1024 3205 otius
1060 3150 1128 3205 K
1159 3150 1400 3206 uelocius
1435 3151 1744 3207 MACP¹R
1780 3152 1899 3209 edd.
2082 3150 2545 3221 sed—cupiebant
2580 3166 2683 3205 om.

391 3243 566 3297 PEK
688 3244 724 3295 4
760 3242 940 3311 nobis]
979 3242 1138 3295 nobis
1173 3241 1234 3294 E
1374 3240 1676 3303 exhibeant,
1714 3258 1781 3295 m.
1805 3244 1844 3293 2
1882 3240 2210 3295 exhibebant
2246 3240 2315 3293 M
2430 3242 2462 3293 5
2500 3243 2685 3293 uestra

391 3333 606 3387 uiscera
641 3330 760 3388 edd.
855 3333 886 3385 6
923 3331 1092 3400 igitur
1130 3348 1221 3385 eos
1257 3330 1436 3383 minus
1463 3329 1836 3385 MACP¹RK
1869 3330 1989 3383 edd.
2083 3330 2112 3381 7
2144 3346 2173 3383 o
2205 3330 2339 3398 rem]
2380 3345 2581 3381 moram
2612 3327 2686 3381 Ρι

467 3420 704 3473 ferentes
739 3418 816 3472 P¹
923 3436 954 3473 a
991 3436 1093 3473 om.
1131 3418 1188 3472 R
1269 3419 1302 3470 8
1341 3416 1725 3473 discediremus
1763 3418 1817 3471 P
1850 3418 2235 3473 discederimus
2276 3416 2331 3468 Ε
2410 3417 2477 3469 10
2506 3432 2681 3469 una—-

395 3509 768 3563 habitaremus
805 3523 926 3571 om„
961 3509 1026 3561 in
1050 3524 1222 3577 mary.
1251 3524 1316 3559 m.
1341 3510 1380 3560 2
1409 3506 1541 3560 add.
1569 3506 1635 3560 K
1741 3506 1927 3559 eadem
1965 3506 2331 3559 habitaremus
2371 3504 2549 3573 domo]
2578 3520 2687 3558 una

395 3597 694 3666 eademque
729 3598 1096 3650 habitaremus
1132 3595 1190 3649 in
1227 3595 1384 3648 domo
1421 3595 1556 3662 PE;
1592 3594 1662 3661 cf.
1702 3612 1781 3663 ep.
1820 3596 2003 3648 XXX
2030 3612 2089 3663 p.
2129 3598 2257 3657 124,
2300 3596 2335 3646 9
2422 3594 2481 3647 11
2512 3591 2685 3645 isdem

397 3686 561 3740 etiam
588 3686 708 3739 MA
721 3686 828 3739 CK
852 3685 1060 3739 hisdem
1091 3686 1282 3738 »etiam
1315 3689 1369 3747 (a
1397 3684 1560 3754 eras.)
1587 3682 1664 3737 Ρ1
1692 3682 1893 3737 eisdem
1927 3684 2089 3737 etiam
2112 3683 2167 3737 R
2196 3682 2315 3735 edd.
2421 3681 2485 3735 12
2518 3698 2687 3748 agno-

395 3776 504 3829 scis
538 3774 914 3829 MACP¹RK
947 3774 1068 3829 edd.
1097 3779 1324 3843 praeter
1350 3773 1530 3843 Μέρη.
1676 3772 1779 3827 hoc
1807 3772 1872 3825 K
2013 3788 2074 3825 ex
2112 3788 2214 3825 om.
2252 3772 2306 3823 A
2419 3771 2484 3823 13
2524 3786 2682 3838 quam

395 3882 518 3917 mea
553 3881 656 3917 om.
696 3863 762 3916 K
795 3880 830 3933 q
867 3880 987 3917 mea
1028 3862 1074 3915 0
1218 3864 1285 3917 14
1323 3879 1482 3931 quam
1520 3878 1624 3915 om.
1666 3867 1713 3915 A
1862 3862 2011 3929 uera]
2055 3850 2151 3914 nra
2194 3860 2239 3913 0
2381 3858 2507 3921 sint,
2546 3874 2682 3912 corr.

397 3956 517 4005 m.1
553 3954 682 4005 sunt
719 3950 791 4003 M
929 3951 998 4005 ad
1033 3952 1088 4004 A
1233 3950 1434 4003 eisdem
1473 3950 1534 4004 E
1722 3951 1785 4004 15
1826 3951 2098 4019 proprium
2139 3965 2241 4003 om.
2281 3949 2336 4001 A
2478 3946 2687 4000 habent

395 4040 768 4095 MACP¹RK
800 4040 924 4097 edd.
1107 4040 1172 4093 16
1211 4040 1503 4109 pecs-toris
1545 4042 1630 4096 (ca
1668 4039 1831 4105 erae.)
1867 4038 1941 4091 M
2140 4037 2247 4089 mei
2284 4054 2350 4091 m.
2375 4039 2412 4089 2
2448 4052 2491 4088 s.
2530 4051 2585 4089 u.
2622 4034 2689 4087 K

399 4131 464 4183 17
503 4128 786 4191 transiere,
823 4144 893 4181 m.
916 4133 954 4181 2
987 4130 1220 4181 transire
1247 4128 1320 4181 M
1425 4128 1683 4191 sinerent,
1702 4145 1769 4181 m.
1794 4131 1832 4181 2
1866 4128 1893 4179 l
1930 4128 2159 4179 sinerem
2186 4126 2261 4178 M
2295 4122 2607 4178 desiderent
2632 4124 2687 4177 A

400 4218 468 4272 18
505 4218 687 4287 priora
723 4217 1207 4286 AOP¹RKaefm
1242 4217 1438 4287 priore,
1476 4234 1545 4271 m.
1568 4221 1608 4270 2
1642 4217 1819 4285 priora
1858 4215 1929 4267 M
2057 4216 2121 4269 19
2161 4214 2367 4283 dilecti]
2408 4216 2463 4267 et
2500 4211 2689 4265 dilecti

395 4306 773 4363 MACP¹RK
807 4306 926 4361 edd.
1035 4308 1106 4361 ΞΟ
1143 4306 1406 4376 uegitare,
1445 4322 1512 4359 m.
1537 4309 1574 4359 2
1612 4306 1845 4373 negitari
1884 4305 1935 4357 P
1970 4307 2227 4373 uegetare
2268 4304 2325 4357 Ε

2555 4406 2615 4459 1*
