3184 4959
1154 441 1682 510 epistularum
1742 441 1936 496 XCIII.
2578 447 2706 510 487

399 635 645 701 toribus
728 636 1026 702 immensi
1098 635 1385 702 criminis
1468 635 1626 716 rei8‚
1712 637 1768 702 si
1850 637 2160 721 baptizari
2245 639 2507 717 nollent,
2593 660 2704 724 pro

398 743 667 828 integris
718 743 1307 809 communicaretur.
1344 743 1725 808 Deuterium
1783 743 1976 810 etiam
2027 743 2534 812 Macrianensem
2582 747 2709 830 epi·

401 867 665 934 scopum
734 849 1197 914 communionis
1263 851 1515 914 uestrae
1584 848 1741 914 dicit
1805 848 2184 914 traditorum
2248 851 2500 934 plebem
2566 871 2708 918 con-

404 959 727 1040 gregatam
812 955 1117 1021 ecclesiae
1200 954 1540 1021 miscuisse
1626 958 1690 1020 et
1775 955 2125 1021 secundum
2209 961 2452 1022 statuta
2531 957 2708 1023 illius

341 1085 367 1126 5
404 1061 659 1128 concilii
699 1081 735 1127 a
773 1061 1067 1128 ducentis
1107 1066 1171 1128 et
1218 1063 1628 1147 septuaginta
1666 1063 1900 1128 uestris
1931 1062 2248 1146 episcopis
2287 1065 2442 1129 facti
2479 1066 2708 1130 fecisse

406 1188 547 1234 cum
605 1168 1021 1234 traditoribus
1078 1167 1393 1234 unitatem
1450 1169 1637 1251 eique
1693 1169 1999 1235 Deuterio
2064 1173 2213 1252 post
2277 1169 2398 1236 hoc
2463 1172 2707 1235 factum

403 1275 643 1359 iugiter
696 1275 1203 1340 communicasse
1252 1275 1572 1340 Donatum
1623 1295 1738 1342 nec
1785 1277 1994 1342 solum
2045 1275 2194 1342 huic
2243 1277 2547 1344 Deuterio
2597 1278 2708 1342 sed

406 1381 599 1446 etiam
654 1381 973 1448 uniuersis
1028 1381 1398 1447 Maurorum
1458 1383 1776 1466 episcopis
1841 1402 1954 1466 per
2011 1383 2426 1468 quadraginta
2491 1403 2709 1456 annos,

406 1506 566 1573 quos
634 1487 791 1552 dicit
863 1506 1069 1570 usque
1142 1488 1222 1552 ad
1294 1489 1802 1572 persecutionem
1878 1509 1988 1572 per
2051 1489 2403 1555 Macar-ium
2477 1490 2708 1555 factam

320 1621 367 1658 ιο
405 1593 823 1660 traditoribus
871 1596 1007 1660 sine
1053 1595 1374 1679 baptismo
1425 1597 1956 1662 communicasse.

229 1699 313 1761 44
498 1699 624 1766 Sed
654 1700 847 1767 dicis:
884 1699 1071 1781 ‘Quis
1112 1702 1269 1766 mihi
1300 1705 1400 1767 est
1435 1703 1560 1768 iste
1590 1703 2020 1787 TychoniusP’
2058 1703 2168 1768 ille
2199 1707 2298 1768 est
2325 1703 2710 1787 TychoniuS‚

406 1827 594 1892 quem
659 1807 1111 1874 Parmenianus
1185 1808 1584 1875 rescribendo
1653 1810 2007 1894 compescit
2081 1813 2146 1875 et
2201 1829 2346 1874 eum
2413 1810 2706 1882 deterret,

404 1934 481 1980 ne
544 1915 701 1981 talia
765 1915 1031 1992 scribat3
1099 1935 1221 1981 non
1286 1919 1501 1980 tamen
1564 1917 1805 1982 refellit
1869 1936 1942 1983 ea
2005 1917 2166 2000 ipsa,
2233 1935 2392 2000 quae
2458 1915 2706 1990 scribit;

406 2039 549 2100 uno,
606 2021 777 2088 sicut
832 2040 1025 2105 supra
1079 2022 1225 2099 dixi,
1285 2041 1432 2087 eum
1489 2022 1744 2107 premit,
1795 2023 1984 2108 quod,
2052 2043 2198 2089 cum
2261 2023 2418 2088 talia
2473 2023 2710 2088 diceret

320 2155 369 2196 ιε
407 2127 485 2192 de
533 2128 807 2194 ecclesia
850 2133 988 2194 toto
1031 2130 1177 2194 orbe
1220 2129 1451 2195 diffusa
1491 2133 1555 2194 et
1592 2130 1764 2213 quod
1809 2131 2124 2196 neminem
2171 2131 2234 2196 in
2277 2131 2414 2196 eius
2460 2130 2707 2196 unitate

406 2237 799 2302 macularent
852 2237 1058 2302 aliena
1120 2241 1401 2320 peccata,
1468 2239 1546 2303 ab
1603 2239 1903 2304 Afrorum
1959 2258 2027 2303 se
2081 2242 2290 2304 tamen
2349 2237 2530 2320 quasi
2584 2241 2708 2302 tra-

408 2341 684 2408 ditorum
725 2343 1100 2428 contagione
1147 2343 1522 2408 remouebat
1569 2347 1634 2409 et
1681 2349 1816 2410 erat
1860 2345 1922 2410 in
1969 2348 2148 2426 parte
2188 2345 2441 2409 Donati.
2485 2345 2709 2426 posset

409 2452 622 2512 autem
681 2449 887 2514 dicere
942 2449 1399 2515 Parmenianus
1464 2450 1594 2514 ista
1650 2470 1796 2515 eum
1854 2451 2066 2515 omnia
2129 2468 2268 2514 esse
2333 2451 2701 2524 mentitum;

407 2555 539 2633 sed,
581 2555 753 2620 sicut
787 2555 956 2619 idem
996 2554 1357 2639 Tychonius
1396 2558 1870 2634 commemorat,
1911 2555 2116 2621 adhuc
2153 2555 2460 2619 uiuebant
2493 2554 2707 2634 multi,

318 2691 370 2732 20
406 2681 518 2745 per
573 2681 733 2744 quos
798 2662 955 2727 haec
1009 2661 1369 2728 certissima
1424 2665 1488 2726 et
1552 2663 1956 2745 apertissima
2012 2681 2152 2728 esse
2212 2661 2708 2728 ostenderentur.

230 2777 312 2838 45
499 2767 625 2835 Sed
688 2769 765 2834 de
839 2767 941 2834 his
1014 2771 1217 2834 taceo.
1296 2769 1603 2835 contende
1669 2769 2066 2854 Tychonium
2133 2788 2272 2835 esse
2336 2768 2705 2844 mentitum:

407 2877 486 2941 ad
524 2875 911 2961 Cyprianum
946 2879 1011 2941 te
1050 2895 1305 2956 reuoco,
1346 2877 1529 2942 cuius
1566 2877 1952 2941 mentionem
1989 2877 2128 2960 ipse
2165 2875 2400 2942 fecisti.
2445 2893 2706 2957 prorsus

407 2982 753 3050 secundum
842 2983 1081 3066 scripta
1146 2981 1473 3067 Cypriani,
1552 2983 1608 3046 si
1682 2983 1962 3066 peccatis
2039 2983 2260 3048 alienis
2331 2982 2397 3047 in
2459 2981 2704 3046 unitate

407 3088 676 3172 quisque
740 3089 1119 3167 maculatur,
1182 3089 1310 3153 iam
1369 3092 1513 3154 ante
1571 3088 1953 3173 cyprianum
2019 3089 2208 3173 periit
2260 3087 2534 3154 ecclesia
2587 3105 2700 3152 nec

315 3223 367 3262 ιτ,
407 3199 543 3260 erat
612 3194 780 3260 unde
846 3195 1144 3260 existeret
1216 3195 1356 3279 ipse
1422 3196 1796 3281 Cyprianus.
1875 3196 1930 3261 si
1997 3199 2208 3261 autem
2282 3196 2402 3260 hoc
2470 3194 2702 3259 sentire

405 3301 787 3387 sacrilegum
816 3305 917 3367 est
953 3305 1290 3367 etcertum
1322 3306 1421 3368 est
1458 3302 1794 3369 ecclesiam
1830 3322 2218 3388 permanere,
2255 3321 2439 3368 nemo
2479 3299 2702 3366 alienis

480 3547 505 3600 1
548 3546 682 3600 reaeis
722 3557 782 3616 (g
816 3551 977 3612 eras.)
1014 3545 1071 3600 P
1209 3546 1242 3600 2
1282 3545 1806 3600 communicarentur
1849 3551 2016 3615 (post.
2056 3563 2094 3600 n
2131 3553 2271 3616 exp.)
2309 3547 2378 3602 N
2511 3546 2703 3600 macri-

405 3650 627 3689 nensem
665 3635 719 3690 A
756 3634 1223 3690 macedoniensem
1262 3635 1317 3690 R
1462 3635 1496 3689 3
1532 3637 1750 3689 uestrae
1789 3652 1892 3690 om.
1932 3635 1998 3688 N
2163 3639 2549 3707 congregatam
2589 3635 2704 3706 ple-

408 3723 529 3777 bem
566 3722 623 3778 R
799 3724 835 3777 4
874 3725 1275 3779 commiscuisse
1311 3725 1367 3780 R
1547 3729 1579 3780 5
1620 3725 1852 3786 consilii,
1891 3741 1960 3778 m.
1984 3727 2024 3778 2
2059 3725 2274 3779 concilii
2311 3724 2365 3778 P
2507 3723 2705 3778 uestris

406 3813 647 3884 episcopi
687 3816 777 3878 (m.
800 3815 840 3866 2
876 3813 1165 3883 episcopis)
1203 3811 1251 3866 0
1284 3813 1551 3884 episcopis
1590 3814 1788 3866 uestris
1817 3813 1874 3867 R
1911 3813 2030 3868 edd.
2147 3813 2296 3879 facti,
2323 3831 2394 3869 m.
2416 3817 2456 3867 2
2482 3813 2632 3866 facta
2663 3811 2709 3864 (1

406 3904 439 3957 9
478 3902 594 3957 dic·
624 3943 639 3964 ‚
676 3917 816 3956 cor-r.
858 3899 973 3954 dic·
1000 3901 1075 3954 Μ
1241 3901 1310 3955 ad
1349 3918 1452 3957 om.
1492 3901 1600 3954 PL
1771 3901 2098 3956 macharium
2139 3901 2214 3956 M
2392 3903 2458 3956 13
2497 3903 2612 3971 ipse
2649 3899 2704 3954 R

409 3992 476 4045 14
523 3991 655 4060 uno]
706 4006 813 4044 uno
864 3990 1007 4044 enim
1051 3989 1108 4044 R
1157 3990 1253 4044 sed
1303 4007 1411 4044 uno
1458 3991 1564 4044 PL
1617 3990 1738 4044 edd.
1924 3990 1989 4045 15
2038 3991 2328 4059 neminem]
2381 3990 2602 4043 minime
2647 3987 2705 4044 R

410 4081 476 4134 16
514 4095 599 4133 se*
630 4078 771 4149 (fuit
807 4079 864 4146 d)
901 4082 1083 4133 tamen
1130 4078 1177 4132 0
1208 4096 1259 4145 ες
1298 4083 1385 4144 (m.
1408 4082 1449 4133 2
1484 4084 1562 4148 se)
1599 4082 1786 4134 tamen
1821 4079 1880 4132 P
1911 4083 2094 4133 tamen
2135 4096 2190 4140 se
2228 4078 2283 4135 R
2423 4077 2702 4132 traditori-

405 4169 525 4232 bus,
565 4172 692 4222 m.2
726 4167 1049 4222 traditorum
1088 4167 1145 4220 P
1297 4169 1363 4223 18
1400 4169 1509 4222 ista
1546 4167 1731 4223 omnia
1764 4169 1946 4240 ipsum
1986 4184 2102 4222 esse
2139 4167 2196 4223 R
2339 4167 2410 4222 20
2445 4167 2548 4221 hec
2588 4184 2653 4220 m.
2675 4171 2704 4218 1

405 4273 582 4328 supra
619 4273 871 4327 paruam
912 4273 1025 4312 ras.
1066 4257 1127 4311 N
1304 4257 1373 4312 23
1420 4258 1742 4328 scripturam
1779 4257 1834 4312 L
2013 4258 2082 4311 25
2131 4256 2452 4327 sacrilegum
2504 4256 2704 4310 sentire

410 4353 493 4400 est
530 4345 587 4401 R
