3184 4959
520 433 651 494 450
1240 429 1292 480 S.
1350 425 1628 478 Aureli
1687 425 2120 492 Augustini

520 623 761 688 Nemo
801 623 893 686 ad
939 641 1053 685 me
1103 621 1349 697 uenit,
1390 620 1555 684 nisi
1599 638 1824 702 quem
1865 623 2094 702 pater
2133 617 2608 694 adtraxerit,
2649 617 2820 700 quod

520 729 595 794 fit
656 729 719 794 in
786 729 1081 795 cordibus
1149 727 1451 804 omnium,
1520 726 1630 808 qui
1685 743 1752 790 se
1809 725 1889 790 ad
1944 745 2090 790 eum
2147 725 2400 790 diuinae
2454 723 2818 789 iracundiae

520 838 747 902 timore
812 839 1211 910 conuertunt,
1296 837 1361 898 et
1434 832 1688 898 noueris
1765 831 2100 913 aliquando
2175 831 2379 896 furem
2455 829 2818 896 auertendis

520 942 855 1026 pecoribus
902 942 1207 1024 pabulum
1246 957 1539 1024 spargere
1586 943 1652 1003 et
1699 939 2032 1021 aliquando
2079 940 2402 1021 pastorem
2437 936 2692 1021 fiagello
2741 935 2818 998 ad

524 1069 783 1134 gregem
828 1067 1057 1130 pecora
1106 1047 1375 1112 enuntia
1418 1049 1760 1111 reuocare?
2883 1067 2910 1104 s

611 1157 834 1220 Nonne
884 1159 1321 1220 contumacem
1370 1153 1666 1217 ancillam
1715 1153 1862 1217 data
1898 1152 2023 1218 sibi
2057 1155 2375 1235 potestate
2415 1151 2570 1217 Sara
2605 1151 2820 1235 potius

524 1264 890 1350 affligebat?
958 1267 1023 1327 et
1076 1260 1299 1342 utique
1366 1278 1485 1325 non
1538 1279 1698 1335 eam,
1749 1279 1939 1340 quam
1997 1260 2292 1342 superius
2347 1259 2655 1324 beneficio
2703 1277 2819 1323 suo

522 1375 791 1435 matrem
856 1370 1113 1444 fecerat,
1180 1367 1519 1432 crudeliter
1574 1366 1809 1442 oderat,
1857 1366 1971 1432 sed
2017 1367 2080 1430 in
2128 1387 2200 1431 ea
2247 1366 2609 1448 superbiam
2657 1367 2824 1430 salu·

524 1477 719 1542 briter
764 1475 1116 1541 edomabat.
1164 1491 1286 1538 non
1334 1475 1547 1537 autem
1594 1472 1869 1556 ignoras,
1920 1473 2088 1553 quod
2125 1473 2286 1537 istae
2325 1473 2487 1537 duae
2526 1473 2822 1536 mulieres

528 1583 682 1648 Sara
746 1585 811 1646 et
864 1583 1035 1666 Agar
1088 1584 1152 1644 et
1212 1579 1337 1644 duo
1392 1578 1508 1642 filii
1555 1597 1774 1643 earum
1825 1579 2000 1643 Isaac
2048 1584 2114 1643 et
2157 1580 2436 1644 Ismahel
2483 1597 2594 1663 pro
2644 1579 2823 1662 spiri·
2861 1601 2912 1636 ιιι

526 1691 765 1754 talibus
814 1695 877 1754 et
924 1687 1281 1752 carnalibus
1328 1685 1708 1770 figurentur3
1767 1689 1834 1749 et
1879 1705 2026 1750 cum
2071 1687 2361 1770 legamus
2411 1685 2702 1750 ancillam
2761 1691 2822 1750 et

526 1799 731 1861 filium
798 1796 935 1860 eius
990 1813 1028 1858 a
1084 1793 1239 1860 Sara
1300 1811 1525 1876 passos
1590 1811 1817 1877 graues
1881 1793 2231 1862 molestias.
2299 1795 2538 1858 Paulus
2611 1799 2820 1857 tamen

530 1903 858 1986 apostolus
927 1901 1102 1978 dicit,
1170 1898 1337 1982 quod
1396 1899 1473 1964 ab
1530 1899 1848 1964 Ismahele
1901 1901 2410 1982 persecutionem
2457 1901 2548 1966 sit
2590 1917 2822 1984 passus

528 2011 739 2074 Isaac:
790 2009 943 2075 Sed
990 2008 1219 2073 sicut
1252 2010 1465 2079 tunc,
1504 2005 1734 2088 inquit,
1773 2006 1944 2082 ille,
1995 2006 2134 2088 qui
2173 2009 2348 2071 erat
2383 2006 2820 2072 seeundum

531 2135 869 2180 carnem.
937 2113 1591 2199 persequebatur
1665 2132 1856 2190 eum,
1923 2115 2056 2195 qui
2135 2116 2308 2178 erat
2381 2112 2820 2178 secundum
2857 2119 2915 2171 is

531 2223 938 2306 spiritum,
998 2223 1115 2286 ita
1164 2225 1241 2284 et
1286 2238 1511 2299 nunc,
1560 2224 1653 2297 ut,
1704 2220 1814 2302 qui
1859 2225 2151 2301 possunt,
2199 2221 2576 2304 intellegant
2619 2219 2824 2304 magis

533 2327 867 2391 ecclesiam
916 2326 1293 2391 catholicam
1341 2327 1844 2409 persecutionem
1895 2327 2029 2410 pati
2067 2327 2363 2410 superbia
2399 2331 2464 2391 et
2497 2327 2827 2411 impietate

532 2432 899 2508 carnalium,
950 2452 1110 2515 quos
1157 2433 1616 2516 temporalibus
1657 2433 1969 2499 molestiis
2009 2437 2198 2516 atque
2235 2433 2580 2498 terroribus
2621 2453 2828 2514 emen-

534 2541 679 2605 dare
756 2542 1037 2605 conatur.
1116 2539 1419 2622 quicquid
1485 2560 1632 2624 ergo
1697 2541 1854 2605 facit
1915 2559 2066 2606 uera
2129 2549 2193 2605 et
2256 2541 2546 2624 legitima
2607 2544 2828 2623 mater,

532 2647 723 2712 etiam
772 2647 827 2711 si
874 2665 1167 2730 asperum
1218 2665 1632 2728 amarumque
1680 2647 2010 2720 sentiatur,
2061 2667 2181 2712 non
2231 2645 2468 2710 malum
2507 2665 2620 2729 pro
2657 2646 2824 2710 malo
2863 2667 2918 2705 ευ

530 2754 759 2828 reddit,
828 2754 941 2818 sed
1003 2754 1237 2818 bonum
1304 2753 1676 2836 disciplinae
1743 2754 2108 2836 expellendo
2173 2755 2414 2818 malum
2469 2751 2826 2835 iniquitatis

532 2861 797 2944 adponit
860 2880 979 2926 non
1046 2859 1187 2925 odio
1254 2860 1521 2925 nocendi
1578 2861 1691 2925 sed
1747 2859 2086 2926 dilectione
2143 2859 2421 2926 sanandi.
2487 2879 2634 2924 cum
2679 2859 2826 2924 boni

534 2971 599 3031 et
672 2968 824 3030 mali
898 2967 1118 3031 eadem
1192 2967 1438 3032 faciunt
1500 2968 1848 3048 eademque
1913 2967 2262 3050 patiuntur,
2325 2985 2449 3031 non
2513 2966 2702 3032 factis
2767 2971 2828 3030 et

534 3074 753 3157 poenis
812 3074 924 3137 sed
980 3075 1191 3138 causis
1244 3074 1466 3156 utique
1526 3073 1920 3138 discernendi
1979 3078 2148 3138 sunt.
2212 3073 2458 3138 Pharao
2527 3072 2830 3157 populum

535 3179 635 3244 dei
728 3178 903 3243 duris
986 3180 1313 3246 laboribus
1398 3181 1745 3256 adterebat,
1829 3181 2086 3263 Moyses
2171 3181 2440 3246 eundem
2521 3180 2828 3263 populum
2870 3199 2925 3236 25

532 3285 726 3367 impie
784 3290 1073 3369 agentem
1130 3287 1305 3352 duris
1364 3287 1900 3352 cohercitionibus
1959 3287 2309 3371 affligebat3
2379 3287 2616 3351 similia
2669 3288 2832 3352 fece·

534 3394 699 3468 runt,
750 3393 865 3456 sed
912 3411 1031 3457 non
1082 3391 1379 3458 similiter
1434 3394 1738 3476 prodesse
1795 3395 2166 3460 uoluerunt:
2233 3393 2344 3458 ille
2399 3393 2830 3458 dominatione

716 3583 741 3635 1
784 3582 900 3636 Ioh.
940 3585 988 3646 6,
1028 3586 1101 3638 44
1226 3585 1257 3638 6
1298 3584 1432 3639 Gen.
1478 3585 1559 3640 16.
1605 3585 1741 3638 1-6
1870 3588 1902 3636 9
1943 3583 2062 3639 Gal.
2101 3585 2152 3638 4.
2191 3584 2406 3638 28—29
2535 3585 2604 3638 24
2643 3584 2737 3638 Ex.
2779 3587 2829 3638 5.

538 3673 749 3742 6-18,
820 3673 890 3726 25
928 3671 1022 3726 Ex.
1064 3675 1151 3728 32.
1190 3673 1403 3726 25—28

612 3801 635 3850 1
682 3797 833 3851 uenit
872 3797 938 3850 ad
976 3814 1060 3849 me
1098 3797 1218 3850 edd.
1258 3814 1357 3851 sec.
1396 3813 1539 3852 sacr.
1580 3799 1684 3852 litt.
1835 3803 1978 3860 uent,
2009 3813 2076 3852 m.
2099 3801 2138 3851 2
2167 3799 2320 3852 uenit
2347 3797 2402 3850 P
2495 3799 2531 3852 4
2559 3801 2832 3867 pastorem

540 3885 829 3954 aliquando
864 3888 910 3938 (J
1014 3885 1359 3954 flagellando,
1398 3890 1527 3940 m.2
1564 3887 1668 3941 del.
1709 3886 1816 3940 and
1853 3886 1906 3940 L
1979 3887 2009 3939 7
2039 3893 2361 3956 postquam
2397 3903 2510 3940 ras.
2549 3889 2693 3940 1—2
2717 3885 2752 3939 1.
2783 3885 2840 3938 Ρ

538 3975 571 4028 8
608 3975 877 4044 superbia,
918 3993 982 4026 m.
1005 3979 1043 4026 2
1080 3975 1389 4044 superbiam
1424 3975 1470 4028 (Γ
1566 3979 1600 4030 9
1639 3975 1742 4029 due
1782 3975 1885 4029 iste
1921 3975 1968 4030 (J
2067 3977 2132 4029 10
2171 3976 2618 4044 pro—molestias
2647 3991 2749 4030 om.
2779 3977 2834 4026 A

542 4065 606 4118 15
656 4081 775 4116 eum
822 4063 936 4133 qui]
988 4081 1109 4116 eum
1160 4065 1249 4132 qni
1300 4081 1419 4117 eum
1468 4069 1640 4134 (post.
1691 4081 1808 4118 eum
1859 4063 1962 4118 del.
2013 4082 2080 4117 m.
2102 4069 2150 4132 1)
2199 4063 2275 4116 M
2432 4067 2494 4119 16
2543 4067 2598 4118 et
2643 4079 2746 4119 om.
2791 4065 2839 4114 Γ

542 4153 607 4206 17
646 4151 917 4206 catholica
954 4169 985 4205 a
1024 4157 1081 4216 (a
1116 4153 1242 4218 del.)
1287 4153 1333 4206 C
1472 4155 1589 4222 pati
1627 4171 1723 4224 pro
1761 4153 2016 4223 superbia
2049 4153 2102 4206 L
2215 4153 2280 4206 18
2317 4153 2584 4207 molestiis
2619 4169 2732 4206 ras.
2771 4169 2838 4206 ex

538 4241 799 4295 molestus
838 4241 911 4295 M
1014 4241 1085 4295 20
1123 4243 1313 4295 eniam
1357 4247 1403 4308 (s
1442 4249 1607 4308 eras.)
1647 4242 1722 4294 M
1813 4243 1882 4295 26
1922 4242 2110 4296 coherc
2228 4298 2231 4299 ⁷
2264 4266 2315 4311 :J
2346 4274 2379 4307 ·:=
2408 4274 2419 4305 «7
2594 4241 2834 4294 coherci-

542 4331 843 4384 tationibus
888 4331 933 4384 C-
969 4329 1373 4384 ennox-tionibus
1412 4329 1534 4384 ML

668 4463 695 4492 d
