3184 4959
619 364 746 427 696
1339 360 1391 415 S.
1449 360 1725 415 Aureli
1780 361 2213 431 Augustini

621 558 969 640 conquirat,
1021 578 1128 625 eos
1189 563 1400 623 autem
1457 560 1631 625 solos
1680 579 1753 623 ex
1808 558 2135 625 ueteribus
2195 562 2445 644 praeter
2490 559 2904 625 Christianum

619 683 846 729 nomen
904 665 967 729 in
1026 666 1488 731 conuenticulis
1545 666 1681 731 suis
1738 666 2057 747 aliquanto
2112 667 2505 749 frequentius
2561 665 2905 749 perdurare,

622 772 728 853 qui
789 774 1134 855 scripturas
1183 793 1290 839 eas
1351 777 1586 853 tenent,
1647 792 1759 858 per
1806 792 1963 855 quas
2020 773 2463 837 adnuntiatum
2511 792 2653 839 esse
2706 774 2907 855 ipsum

621 879 948 943 dominum
987 880 1200 944 Iesum
1242 878 1566 944 Christum
1618 899 1687 943 se
1730 880 2111 963 intellegere.
2140 882 2205 943 et
2240 878 2455 943 uidere
2494 878 2907 943 dissimulant.

621 1004 804 1068 porro
847 986 959 1059 illi,
1005 986 1134 1068 qui,
1175 1006 1320 1049 cum
1358 986 1422 1049 in
1462 985 1707 1050 unitate
1747 988 1937 1067 atque
1968 986 2409 1051 communione
2444 986 2759 1049 catholica
2794 1004 2903 1049 non
2956 1004 2975 1041 τι

622 1093 768 1169 sint,
821 1092 1176 1158 Christiano
1233 1096 1444 1157 tamen
1501 1092 1755 1157 nomine
1813 1092 2186 1177 gloriantur,
2236 1096 2553 1177 coguntur
2598 1092 2907 1157 aduersari

623 1200 1026 1265 credentibus
1067 1205 1130 1264 et
1169 1200 1402 1265 audent
1436 1200 1745 1284 inperitos
1785 1200 1969 1282 quasi
2005 1200 2245 1264 ratione
2283 1199 2632 1275 traducere,
2674 1198 2910 1280 quando

620 1306 890 1370 maxime
929 1326 1076 1371 cum
1121 1306 1248 1371 ista
1294 1306 1610 1371 medicina
1657 1306 1951 1372 dominus
1998 1306 2265 1383 uenerit,
2313 1309 2389 1371 ut
2429 1306 2621 1371 fidem
2666 1304 2911 1389 populis

619 1412 977 1495 imperaret.
1045 1412 1156 1479 sed
1210 1413 1332 1477 hoc
1385 1413 1594 1477 facere
1655 1415 1987 1498 coguntur,
2058 1416 2133 1478 ut
2188 1413 2331 1492 dixi,
2390 1414 2539 1495 quia
2590 1413 2798 1477 iacere
2852 1431 2911 1475 se

623 1518 1050 1583 abiectissime
1125 1520 1431 1599 sentiunt,
1511 1520 1566 1584 si
1631 1538 1848 1585 eorum
1924 1520 2270 1584 auctoritas
2337 1539 2479 1584 cum
2546 1518 2913 1584 auctoritate
2940 1538 2978 1577 ιο

625 1626 940 1689 catholica
977 1626 1354 1693 conferatur.
1402 1630 1709 1691 conantur
1753 1644 1899 1709 ergo
1948 1627 2391 1691 auctoritatem
2442 1624 2911 1691 stabilissimam

623 1732 1103 1797 fundatissimae
1151 1732 1456 1797 ecclesiae
1504 1733 1689 1815 quasi
1732 1732 1997 1798 rationis
2044 1732 2295 1797 nomine
2342 1736 2408 1797 et
2459 1732 2911 1814 pollicitatione

625 1857 941 1921 superare.
992 1839 1276 1905 omnium
1325 1839 1492 1904 enim
1546 1839 2009 1905 haereticorum
2056 1838 2241 1921 quasi
2294 1838 2603 1923 regularis
2652 1842 2757 1902 est
2798 1838 2913 1901 ista

621 1946 968 2011 temeritas,
1027 1946 1138 2010 sed
1191 1946 1300 2011 ille
1347 1945 1494 2010 fidei
1542 1945 2077 2011 clementissimus
2122 1944 2467 2027 imperator
2513 1949 2577 2009 et
2621 1963 2737 2026 per
2782 1962 2911 2008 con-

625 2056 855 2117 uentus
905 2052 1344 2117 celeberrimos
1391 2052 1770 2135 populorum
1820 2055 2010 2135 atque
2059 2052 2345 2137 gentium
2392 2051 2702 2135 sedesque
2748 2052 2910 2135 ipsas
2942 2070 2977 2107 1⁵

627 2159 1058 2241 apostolorum
1117 2178 1256 2223 arce
1313 2159 1712 2225 auctoritatis
1768 2160 2049 2224 muniuit
2104 2158 2437 2225 ecclesiam
2486 2162 2551 2222 et
2602 2178 2721 2240 per
2772 2177 2911 2240 pau-

626 2266 826 2331 ciores
873 2266 974 2349 pie
1021 2266 1244 2331 doctos
1295 2270 1360 2329 et
1411 2285 1560 2330 uere
1620 2266 1935 2349 spiritales
1990 2265 2165 2331 uiros
2216 2264 2679 2346 copiosissimis
2737 2282 2911 2347 appa-

625 2373 869 2437 ratibus
911 2373 1099 2438 etiam
1149 2370 1614 2439 inuictissimae
1652 2374 1911 2438 rationis
1950 2373 2240 2437 armauit.
2288 2392 2514 2437 uerum
2556 2372 2671 2436 illa
2704 2372 2915 2435 rectis·

627 2480 790 2543 sima
865 2478 1200 2561 disciplina
1275 2482 1372 2544 est
1452 2480 1517 2544 in
1606 2498 1811 2544 arcem
1893 2480 2039 2543 fidei
2114 2500 2303 2561 quam
2385 2479 2656 2543 maxime
2731 2476 2915 2558 recipi

625 2585 928 2663 infirmos,
985 2589 1060 2650 ut
1113 2606 1224 2668 pro
1282 2585 1375 2650 eis
1433 2587 1560 2651 iam
1617 2587 1941 2652 tutissime
1996 2587 2225 2669 positis
2281 2585 2633 2651 fortissima
2684 2585 2915 2649 ratione
2944 2600 2984 2638 πο

627 2696 964 2775 pugnetur.

524 2800 607 2863 33
717 2800 1030 2864 Platonici
1097 2817 1270 2878 uero,
1331 2798 1441 2881 qui
1495 2800 1799 2865 falsorum
1860 2799 2383 2882 philosophorum
2443 2798 2760 2864 erroribus
2815 2799 2915 2861 illo

629 2909 913 2987 tempore
973 2906 1598 2983 circumlatrantibus
1664 2926 1785 2970 non
1851 2906 2157 2971 habentes
2224 2905 2506 2969 diuinam
2570 2923 2916 2988 personam,

630 3030 756 3093 qua
819 3012 1200 3094 imperarent
1263 3010 1473 3088 fidem,
1541 3013 1921 3077 sententiam
1988 3032 2167 3076 suam
2234 3014 2451 3095 tegere
2506 3010 2915 3093 quaerendam

704 3204 730 3255 1
774 3202 1072 3271 conquirat,
1113 3220 1178 3255 m.
1201 3208 1231 3256 1
1265 3220 1442 3271 supra
1477 3204 1504 3256 l'
1541 3204 1861 3273 conquirant
1896 3204 1953 3258 R
2097 3204 2243 3257 solus
2280 3203 2355 3257 M
2530 3204 2561 3256 2
2601 3219 2707 3272 quo
2746 3202 2913 3255 uenti·

631 3292 780 3355 culis,
819 3310 886 3345 m.
911 3295 950 3345 2
985 3293 1380 3347 conuenticulis
1416 3293 1493 3347 M
1525 3293 2064 3357 conuentiunculism
2207 3291 2497 3361 aliquando
2530 3292 2649 3345 MA
2758 3292 2795 3345 4
2832 3289 2915 3343 do·

629 3381 856 3451 minum]
899 3380 1172 3435 dominum
1209 3385 1453 3436 nostrum
1491 3383 1548 3437 R
1683 3383 1717 3436 6
1756 3385 1884 3435 sunt
1919 3382 1993 3437 M
2124 3384 2155 3434 7
2195 3381 2399 3435 audent
2432 3381 2699 3449 imperitis
2735 3382 2792 3435 A
2828 3396 2914 3431 au-

631 3470 848 3523 dentem
886 3470 1092 3540 peritus
1128 3469 1205 3523 M
1236 3470 1546 3524 audientem
1585 3471 1830 3541 peritiae,
1864 3478 1935 3524 m.
1957 3476 1987 3523 1
2020 3487 2198 3539 supra·
2232 3470 2410 3523 Aliter
2444 3469 2673 3523 audient
2706 3466 2913 3538 imperi-

629 3562 718 3613 tos
753 3558 810 3612 R
933 3559 966 3612 8
1006 3558 1109 3612 fide
1144 3559 1326 3614 MAR
1445 3560 1478 3613 9
1518 3560 1665 3628 quia,
1702 3576 1771 3613 m.
1793 3564 1823 3612 1
1858 3576 2033 3628 supra
2067 3560 2095 3613 ⁴l‘
2131 3560 2226 3629 qui
2261 3559 2317 3614 R
2430 3559 2495 3613 10
2533 3556 2913 3612 abiectissimes

630 3648 731 3716 (sic
753 3652 791 3715 J)
839 3648 844 3715 1
887 3648 1132 3701 sentiunt
1166 3649 1240 3701 M
1273 3648 1668 3702 abiectissimos
1708 3649 1953 3702 sentiunt
1990 3650 2045 3702 A
2158 3651 2223 3703 12
2260 3647 2599 3712 fundissime‚
2636 3664 2705 3701 m.
2728 3651 2767 3701 2
2802 3647 2913 3699 fun-

632 3736 913 3790 datissime
949 3736 1025 3790 M
1163 3737 1420 3791 ecclesiae
1461 3738 1617 3807 quasi
1653 3737 1880 3791 rationis
1915 3738 2135 3791 homine
2174 3740 2231 3791 et
2264 3737 2662 3807 pollicitatione
2698 3736 2773 3791 M
2804 3751 2915 3789 aec-

633 3826 828 3880 clesiae
868 3826 1024 3894 quasi
1060 3826 1289 3879 rationis
1327 3843 1482 3879 omne
1513 3829 1570 3880 et
1596 3825 1993 3896 pollicitatione
2022 3827 2075 3879 A
2104 3826 2397 3880 aecclesiae
2435 3825 2642 3879 ·Aliter·
2679 3823 2915 3879 Rationis

631 3915 848 3969 nomine
889 3919 946 3967 et
981 3914 1392 3984 pollicitatione.
1434 3916 1586 3983 quasi
1626 3915 1852 3969 rationis
1883 3915 2149 3969 humanae
2173 3914 2571 3985 pollicitatione
2594 3914 2651 3969 R
2730 3914 2793 3967 13
2818 3914 2917 3965 ista

631 4020 734 4057 om.
775 4007 828 4055 A
968 4004 1034 4055 14
1073 4004 1368 4073 imperator
1405 4004 1855 4057 clementissimus
1894 4004 2014 4057 cdd.
2151 4006 2217 4059 15
2256 4003 2635 4057 celeberrimus
2670 4002 2743 4055 M
2780 4002 2917 4062 amn?

634 4090 1032 4159 celeberrimos)
1071 4096 1124 4144 A
1308 4094 1374 4145 16
1413 4096 1528 4145 arte
1563 4093 1639 4145 Ρ1
1682 4095 1769 4157 (m.
1792 4096 1831 4147 2
1868 4098 2011 4159 arce)
2060 4092 2111 4145 V
2144 4096 2303 4159 (corr.
2344 4096 2483 4157 arce)
2640 4091 2836 4144 minuit
2868 4087 2915 4139 A

639 4183 701 4235 17
742 4181 962 4235 edoctos
991 4181 1128 4233 P¹V
1270 4181 1657 4249 cupiosissimis
1685 4182 1737 4233 A
1841 4183 1906 4236 19
1944 4186 2133 4245 artem,
2172 4197 2239 4236 m.
2262 4184 2302 4235 2
2338 4196 2511 4234 arcem
2542 4179 2617 4232 Ρι
2640 4181 2839 4233 aretem
2876 4174 2919 4227 V

632 4270 697 4324 21
739 4272 1071 4339 repugnetur
1105 4268 1162 4325 R
