3184 4959
523 413 653 477 560
1243 413 1293 467 S.
1351 415 1628 469 Aureli
1681 416 2116 486 Augustini

524 609 781 694 culpant
861 609 923 674 in
1011 611 1337 695 sacrilegis
1408 611 1640 678 ritibus
1715 633 2126 698 paganorum,
2212 616 2381 698 quod
2455 621 2826 682 construant

523 718 763 800 templa
808 721 873 782 et
926 718 1269 783 instituant
1322 719 1676 785 sacerdotia
1722 726 1787 785 et
1831 721 2068 786 faciant
2112 723 2438 798 sacrificia,
2495 723 2606 788 sed
2653 725 2822 808 quod

522 824 677 888 haec
738 821 929 887 idolis
994 827 1058 888 et
1125 824 1473 889 daemoniis
1540 825 1893 891 exhibeant.
1966 831 2032 892 et
2093 828 2268 893 idola
2329 828 2582 912 quidem
2651 831 2820 895 omni

522 949 714 994 sensu
772 949 980 995 carere
1036 931 1179 1012 quis
1237 931 1529 997 dubitet?
1592 951 1816 998 uerum
1880 938 2092 999 tamen
2159 954 2304 1000 cum
2367 936 2468 1001 his
2531 936 2823 1002 locantur

522 1037 782 1102 sedibus
828 1036 1185 1102 honorabili
1232 1038 1650 1117 sublimitate,
1705 1041 1780 1103 ut
1827 1059 1864 1104 a
1907 1041 2313 1123 precantibus
2361 1045 2549 1126 atque
2595 1042 2819 1108 immo·
2889 1069 2915 1108 5

519 1143 801 1209 lantibus
831 1143 1270 1220 adtendantur‚
1308 1143 1449 1226 ipsa
1488 1143 1904 1210 similitudine
1935 1146 2356 1213 animatorum
2393 1148 2822 1214 membrorum

522 1254 710 1334 atque
776 1268 1079 1316 sensuum
1138 1251 1429 1333 quamuis
1492 1251 1816 1317 insensata
1889 1257 1955 1318 et
2027 1255 2314 1319 exanima
2383 1254 2669 1321 afficiunt
2730 1257 2820 1320 in-

519 1357 734 1424 firmos
810 1359 1079 1436 animoS‚
1163 1360 1239 1422 ut
1309 1359 1525 1423 uiuere
1601 1378 1673 1424 ac
1757 1360 1993 1442 spirare
2076 1361 2412 1426 uideantur
2481 1363 2819 1428 accedente

522 1465 891 1548 praesertim
958 1464 1362 1530 ueneratione
1436 1465 1896 1544 multitudinis,
1973 1485 2100 1549 qua
2161 1471 2379 1533 tantus
2445 1469 2540 1534 eis
2606 1470 2819 1534 cultus

518 1571 895 1656 inpenditur.
2857 1601 2909 1640 ,ο

420 1681 497 1743 19
611 1677 858 1759 Quibus
904 1677 1208 1744 morbidis
1257 1681 1322 1743 et
1358 1678 1819 1762 pestilentiosis
1859 1679 2193 1746 affectibus
2229 1681 2590 1746 mederetur
2626 1682 2819 1764 scrip·

520 1789 664 1852 tura
728 1785 963 1862 diuina,
1039 1804 1199 1868 quae
1271 1805 1403 1850 rem
1478 1785 1732 1869 quidem
1806 1790 2024 1853 notam
2105 1788 2218 1853 sed
2289 1793 2501 1853 tamen
2577 1788 2819 1853 salubri

518 1893 796 1958 remedio
865 1891 1313 1957 admonitionis
1378 1892 1660 1958 inculcat
1714 1893 1956 1959 dicens:
2015 1892 2318 1960 Oculos
2381 1894 2688 1960 habent
2743 1897 2820 1958 et

522 2019 667 2065 non
726 1999 1031 2076 uident,
1100 2017 1334 2064 aures
1392 1999 1695 2064 habent
1751 2003 1831 2064 et
1885 2019 2033 2064 non
2092 2001 2436 2066 audiunt
2489 2005 2555 2066 et
2609 2003 2820 2066 cetera

520 2107 695 2171 talia.
778 2105 934 2172 haec
1013 2106 1179 2172 enim
1251 2106 1449 2171 uerba
1522 2125 1647 2189 quo
1723 2107 1930 2191 magis
2005 2110 2224 2190 aperta
2293 2111 2360 2172 et
2429 2107 2822 2192 populariter
2861 2135 2913 2176 ιε»

521 2232 673 2278 uera
727 2217 897 2292 sunt,
963 2233 1035 2279 eo
1092 2213 1298 2297 magis
1360 2213 1685 2278 incutiunt
1740 2215 2058 2279 salubrem
2114 2215 2418 2297 pudorem
2473 2214 2628 2294 illjs,
2685 2213 2818 2296 qui,

522 2339 668 2385 cum
714 2319 953 2384 talibus
1012 2319 1370 2384 simulacris
1420 2319 1712 2384 diuinum
1761 2339 1905 2384 cum
1951 2320 2181 2386 timore
2229 2322 2476 2385 cultum
2521 2319 2820 2384 exhibent

520 2445 717 2510 eaque
771 2426 1141 2491 uiuentibus
1200 2426 1435 2492 similia
1497 2431 1870 2492 uenerantes
1927 2428 2384 2511 adorantesque
2439 2431 2822 2494 contuentur

518 2535 735 2616 eisque
780 2535 964 2599 uelut
1007 2535 1449 2617 praesentibus
1494 2553 1716 2616 preces
1765 2534 2064 2618 allegant,
2112 2537 2408 2600 uictimas
2463 2535 2818 2612 immolant,

519 2645 673 2706 uota
724 2641 1121 2724 persoluunt‚
1182 2642 1276 2706 sic
1323 2641 1688 2706 afficiuntur
1734 2642 2008 2718 omnino,
2065 2646 2138 2707 ut
2185 2662 2259 2708 ea
2304 2661 2493 2708 sensu
2541 2640 2822 2706 carentia
2858 2665 2914 2708 so

516 2749 739 2831 putare
811 2767 934 2811 non
980 2747 1293 2820 audeant.
1368 2768 1447 2814 ne
1512 2748 1896 2812 arbitrentur
1958 2753 2172 2812 autem
2237 2750 2347 2813 isti
2419 2749 2538 2813 hoc
2605 2749 2816 2813 solum

701 3027 764 3079 13
803 3025 891 3080 ΡΒ.
937 3026 1056 3092 113,
1097 3027 1129 3079 5
1168 3027 1281 3097 (13)

593 3169 618 3221 1
663 3169 828 3221 sacris
865 3168 1005 3236 legis
1032 3168 1104 3222 M
1200 3169 1234 3222 2
1274 3171 1331 3221 et
1368 3169 1662 3222 instituant
1701 3185 1778 3220 an
1814 3185 1881 3222 m.
1903 3173 1934 3222 1
1969 3169 2057 3235 sit,
2095 3167 2362 3222 incertum
2403 3165 2452 3220 C
2485 3169 2541 3221 et
2576 3167 2816 3222 stituant

518 3259 659 3328 (m.1
695 3273 836 3310 corr.
876 3259 1145 3324 statuant)
1184 3258 1252 3311 H
1287 3261 1343 3312 et
1379 3260 1652 3311 instruant
1696 3256 1746 3310 G
1962 3257 2226 3310 sacrificia
2271 3272 2374 3311 om.
2413 3261 2463 3310 et
2500 3255 2710 3322 (m.1?)
2749 3254 2816 3307 in

520 3361 687 3415 mary.
729 3347 858 3400 add.
905 3345 951 3400 G
1054 3346 1189 3400 haec
1229 3346 1373 3415 quod
1399 3346 1473 3399 M
1570 3347 1603 3400 3
1644 3345 1922 3399 daemonis
1959 3345 2014 3399 A
2111 3347 2147 3402 4
2185 3361 2344 3398 sensu
2385 3347 2444 3412 (u
2482 3361 2549 3399 ex
2583 3349 2721 3408 raa.)
2749 3343 2822 3396 H

519 3440 550 3490 5
591 3435 744 3488 sedes
784 3439 863 3501 (es
901 3437 965 3488 in
1000 3451 1131 3498 ras,
1158 3435 1342 3503 fuisse
1375 3435 1490 3489 uid.
1532 3434 1735 3501 sedib3)
1775 3435 1849 3488 M
1929 3439 1934 3442 ’
2022 3432 2814 3488 honorabili—immolantibus

519 3541 620 3578 om.
660 3529 711 3578 et
750 3527 838 3588 (m.
862 3523 970 3590 22)
1009 3525 1074 3577 in
1109 3541 1279 3592 mary.
1322 3524 1452 3578 add.
1492 3523 1560 3578 H
1709 3532 1803 3577 *ut
1840 3525 1976 3591 (fuit
2011 3527 2056 3590 t)
2099 3523 2144 3576 C
2287 3525 2315 3576 7
2358 3522 2664 3576 exanimata
2703 3521 2820 3575 GE

520 3613 551 3666 8
590 3613 797 3666 animos
834 3630 936 3667 om.
974 3613 1036 3667 E
1199 3615 1407 3683 uiuere]
1449 3615 1650 3677 uenire,
1689 3631 1757 3666 m.
1780 3615 1820 3667 2
1855 3613 2039 3666 uiuere
2083 3612 2134 3666 G
2296 3611 2397 3665 hac
2434 3611 2496 3682 (h
2531 3611 2660 3678 del.)
2699 3610 2812 3679 spi-

518 3719 633 3755 rare
671 3701 741 3754 H
772 3719 833 3755 ac
872 3718 1085 3772 sperare
1115 3704 1167 3755 A
1197 3703 1449 3772 aspirare,
1486 3720 1555 3755 m.
1581 3706 1622 3754 2
1659 3719 1721 3755 ac
1749 3702 1952 3771 spirare
1983 3703 2036 3755 P
2063 3709 2119 3756 et
2143 3703 2346 3770 spirare
2382 3701 2433 3755 G
2535 3701 2598 3754 11
2629 3699 2813 3754 mede-

516 3795 684 3859 retur,
720 3810 789 3844 m.
812 3795 851 3846 2
884 3791 1133 3844 medetur
1159 3790 1210 3843 G
1246 3793 1553 3843 medentur
1591 3795 1670 3856 (re
1699 3795 1861 3856 eras.)
1894 3791 1949 3843 P
1971 3791 2218 3844 medetur
2245 3789 2304 3842 E
2325 3790 2443 3843 edd.
2541 3789 2814 3858 scriptura.

519 3880 705 3935 diuina
751 3885 872 3946 (a..
899 3923 909 3934 .
936 3922 946 3933 .
971 3897 1002 3932 a
1044 3879 1108 3932 in
1153 3895 1265 3934 ras,
1312 3896 1379 3932 m.
1426 3885 1490 3932 ut
1535 3879 1651 3932 uid.
1689 3884 1748 3946 1;
1783 3880 1967 3946 fuitne
2004 3881 2049 3931 is
2072 3877 2122 3943 .9)
2163 3878 2237 3932 M
2415 3878 2479 3931 12
2519 3885 2643 3948 qua,
2679 3893 2749 3934 m.
2772 3881 2814 3931 2

518 3977 581 4023 cu
608 3969 657 4024 G
680 3985 837 4038 quem
868 3969 927 4022 Ε
998 3970 1063 4021 14
1094 3967 1357 4020 uidebuut
1385 3969 1437 4020 A
1462 3984 1562 4021 sec.
1591 3985 1736 4021 saer.
1769 3969 1869 4021 litt.
1949 3969 2013 4020 15
2055 3967 2303 4036 aperdita
2330 3967 2383 4020 A
2461 3965 2526 4019 16
2557 3966 2640 4036 eo]
2673 3982 2734 4019 co
2753 3967 2818 4020 E

521 4058 585 4111 18
626 4073 689 4110 ea
728 4074 863 4125 quae
902 4057 971 4109 H
1108 4058 1455 4126 uenerantes]
1488 4057 1876 4110 uenerantibus
1913 4057 1978 4110 H
2052 4057 2116 4108 19
2153 4057 2362 4124 preces]
2399 4059 2716 4124 praesentes
2757 4053 2812 4108 G

590 4146 823 4215 alligant
858 4145 1033 4199 MCG
1156 4146 1225 4198 20
1266 4146 1596 4214 persoluant,
1633 4163 1701 4203 m.
1725 4150 1764 4200 2
1799 4146 2120 4214 persoluunt
2157 4148 2208 4200 G
2353 4145 2431 4198 sic
2470 4143 2808 4213 afficiuntur]

518 4237 915 4289 sacrificiuntur
949 4235 1017 4288 H
1058 4235 1389 4288 sacrificaant
1438 4235 1476 4300 (i
1516 4253 1657 4288 eras.
1699 4242 1748 4288 et
1783 4251 1946 4303 super
1981 4239 2006 4287 t
2041 4239 2175 4300 raa.)
2215 4234 2290 4288 M
2333 4232 2608 4287 sacrificiis
2644 4237 2810 4286 utun·

518 4327 608 4377 tur
643 4325 696 4376 A
842 4324 1083 4392 omnino]
1124 4323 1304 4377 animo
1342 4323 1407 4376 H
1514 4325 1575 4376 21
1620 4339 1687 4376 ne
1728 4323 2078 4392 arbitrentur]
2117 4339 2217 4376 nec
2256 4321 2589 4376 arbitrantur
2625 4321 2679 4373 P
