3184 4959
1147 471 1676 540 epistularum
1735 469 2002 524 LXXXII.
2588 476 2719 538 383

428 687 551 750 quo
620 666 827 730 sciant
888 665 1023 730 fieri
1086 685 1295 748 posse,
1362 671 1439 732 ut
1490 667 1654 731 inte-1·
1711 667 2071 730 carissimos
2129 665 2371 748 aliquid
2418 665 2722 732 alterutro

429 792 715 838 sermone
772 777 987 838 contra
1045 773 1293 839 dicatur
1346 793 1460 838 nec
1516 777 1729 838 tamen
1780 775 2008 838 caritas
2053 773 2194 856 ipsa
2239 773 2564 838 minuatur
2609 793 2722 838 nec

422 879 657 944 ueritas
709 881 923 945 odium
970 880 1192 962 pariat,
1244 899 1403 963 quae
1444 879 1708 945 debetur
1745 880 2081 958 amicitiae,
2123 879 2260 944 siue
2297 880 2460 944 illud
2499 899 2718 944 uerum

423 987 527 1054 sit.
586 987 755 1070 quod
810 989 1027 1052 contra
1082 987 1334 1065 dicitur,
1393 986 1532 1052 siue
1590 987 1774 1052 corde
1823 987 2054 1062 ueraci,
2103 987 2566 1069 qualecumque
2613 987 2718 1066 sit,

360 1114 386 1152 5
424 1093 656 1160 dicitur
702 1114 820 1158 non
870 1094 1195 1159 retinendo
1242 1094 1307 1158 in
1354 1098 1587 1173 mente,
1639 1093 1807 1177 quod
1864 1093 2061 1158 distet
2107 1113 2143 1158 a
2186 1093 2394 1161 labiis.
2461 1093 2722 1158 credant

418 1203 632 1284 itaque
716 1201 940 1267 fratres
1024 1203 1252 1276 nostri,
1336 1201 1682 1266 familiares
1765 1201 1882 1278 tui,
1967 1199 2197 1283 quibus
2279 1201 2717 1266 testimonium

418 1309 733 1391 perhibeS,
784 1308 951 1390 quod
999 1309 1128 1372 sint
1172 1327 1327 1372 uasa
1366 1308 1625 1386 Christi,
1673 1327 1776 1373 me
1812 1307 2015 1373 inuito
2053 1307 2294 1372 factum
2331 1327 2445 1372 nec
2483 1307 2718 1372 medio-

421 1435 587 1480 crem
635 1416 710 1480 de
756 1415 873 1480 hac
922 1435 987 1479 re
1037 1415 1317 1480 dolorem
1363 1416 1571 1480 inesse
1621 1415 1794 1481 cordi
1840 1433 2003 1492 mec,
2045 1415 2214 1498 quod
2251 1415 2500 1480 litterae
2539 1433 2714 1478 meae

418 1523 593 1602 prius
657 1523 721 1586 in
790 1523 1137 1588 multorum
1204 1541 1429 1588 manus
1494 1525 1826 1598 uenerunt,
1886 1541 2074 1605 quam
2133 1521 2209 1586 ad
2266 1527 2352 1600 te,
2401 1523 2481 1586 ad
2527 1541 2712 1604 quem

332 1645 381 1683 ιο
419 1629 690 1711 scriptae
740 1633 907 1704 sunt,
956 1630 1285 1712 peruenire
1332 1631 1694 1712 potuerunt.
1763 1648 1886 1712 quo
1945 1631 2158 1694 autem
2205 1629 2392 1693 modo
2441 1629 2503 1693 id
2554 1629 2714 1694 acci-

419 1735 611 1810 derit,
666 1739 731 1800 et
776 1736 1035 1820 longum
1095 1742 1194 1801 est
1248 1755 1493 1800 nan-are
1544 1740 1629 1815 et,
1677 1736 1800 1801 nisi
1847 1736 2053 1813 fallor,
2103 1735 2515 1818 superfluum,
2565 1755 2712 1800 cum

420 1841 716 1920 sufficiat,
766 1844 823 1906 si
872 1843 1020 1925 quid
1071 1843 1228 1907 mihi
1273 1843 1335 1906 in
1384 1843 1503 1908 hoc
1553 1843 1851 1918 creditur,
1899 1861 2020 1906 non
2071 1861 2142 1907 eo
2189 1842 2432 1908 factum
2481 1843 2710 1920 enimc,
2749 1835 2772 1862 ⁰

419 1969 541 2030 quo
589 1951 868 2030 putatur,
918 1968 1030 2014 nec
1079 1949 1331 2014 omnino
1378 1967 1555 2013 meae
1611 1948 1812 2014 fuisse
1869 1949 2220 2014 uoluntatis
2277 1951 2390 2012 aut
2444 1947 2711 2031 disposi-

414 2055 606 2120 tionis
682 2057 795 2120 aut
868 2056 1300 2122 consensionis
1380 2060 1491 2121 aut
1566 2056 1790 2120 saltem
1869 2056 2294 2141 cogitationis,
2370 2059 2444 2119 ut
2513 2055 2709 2120 fieret.

326 2179 379 2218 15
414 2163 567 2227 haec
634 2163 687 2226 si
754 2183 875 2228 non
944 2163 1226 2240 credunt,
1296 2163 1463 2247 quod
1527 2166 1692 2228 teste
1749 2163 1866 2228 deo
1921 2163 2166 2246 loquor,
2225 2161 2378 2244 quid
2436 2162 2709 2245 amplius

413 2269 660 2348 faciam,
728 2289 844 2336 non
912 2271 1133 2335 habeo.
1212 2289 1329 2354 ego
1396 2275 1608 2335 tamen
1675 2271 1863 2347 absit,
1931 2272 2005 2335 ut
2068 2289 2176 2334 eos
2243 2269 2492 2332 credam
2554 2268 2708 2333 haec

411 2384 559 2441 tuae
617 2377 941 2442 sanctitati
996 2378 1299 2442 maliuola
1352 2381 1565 2440 mente
1623 2395 1964 2460 suggerere
2013 2375 2090 2440 ad
2139 2374 2499 2439 excitandas
2546 2375 2710 2438 inter

410 2505 523 2549 nos
590 2484 977 2554 inimicitias,
1043 2505 1201 2568 quas
1257 2484 1692 2549 misericordia
1747 2484 1982 2549 domini
2041 2483 2142 2548 dei
2199 2483 2396 2547 nostri
2463 2484 2710 2545 auertat

414 2611 449 2654 a
512 2592 715 2670 nobiS,
784 2592 895 2656 sed
970 2592 1101 2656 sine
1176 2592 1309 2656 ullo
1392 2591 1660 2656 nocendi
1742 2591 1949 2656 animo
2034 2590 2218 2654 facile
2297 2589 2372 2652 de
2453 2588 2706 2652 homine

322 2719 375 2756 κο
412 2699 688 2762 humana
751 2698 911 2764 uitia
976 2699 1305 2781 suspicari.
1372 2699 1491 2762 hoc
1558 2699 1720 2761 enim
1789 2717 1890 2761 me
1957 2699 2033 2760 de
2090 2697 2217 2761 illis
2276 2715 2544 2778 aequum
2607 2700 2704 2757 est

587 2908 724 2962 6—7
766 2907 831 2960 er.
872 2925 921 2976 p.
962 2908 1085 2970 256,
1125 2907 1301 2960 9-10

482 3033 504 3085 1
550 3031 695 3101 quod
720 3031 785 3084 H
854 3031 886 3083 2
926 3046 1169 3083 sermone
1210 3033 1397 3083 eontra
1434 3044 1677 3082 sermone
1707 3026 2108 3082 contradicatur
2137 3025 2178 3078 I
2279 3023 2707 3094 mentiatur-<21⁴1

476 3137 575 3173 nec
616 3125 665 3184 (c
704 3119 867 3190 eras.)
904 3120 963 3174 E
1069 3119 1100 3172 3
1138 3121 1297 3188 parat
1332 3117 1399 3171 H
1540 3115 1841 3171 debebatur
1877 3115 1934 3168 P
2072 3115 2316 3169 amicitia
2353 3114 2390 3168 1
2503 3114 2538 3165 4
2575 3130 2700 3166 con-

404 3208 703 3262 tradicatur
740 3209 800 3262 Ε
968 3209 1347 3278 qualicumque
1387 3208 1439 3258 A
1613 3206 1686 3259 sit
1723 3221 1826 3259 om.
1867 3204 2042 3258 PMA
2216 3207 2248 3258 5
2288 3203 2460 3256 distat
2497 3203 2562 3255 H
2567 3201 2706 3270 QIE

476 3296 695 3351 credent
734 3297 838 3351 HI
956 3299 988 3351 6
1026 3296 1339 3353 familiares,
1378 3297 1441 3348 in
1478 3311 1652 3362 maru.
1693 3293 1894 3347 amicos
1936 3294 1964 3344 1
2092 3293 2122 3346 7
2160 3291 2389 3362 peribes,
2429 3291 2492 3344 in
2527 3307 2698 3360 mary.

406 3385 551 3440 dices
590 3387 625 3438 I
736 3387 911 3440 inuito
953 3391 1006 3452 (o
1046 3403 1111 3440 ex
1148 3388 1202 3454 fl)
1242 3386 1301 3438 Ε
1334 3385 1505 3438 inuite
1546 3383 1612 3436 H
1724 3383 1870 3436 facto
1913 3383 1960 3453 Q
2067 3399 2132 3435 ne
2171 3381 2234 3434 H
2339 3379 2610 3434 mediocre
2655 3381 2702 3449 Q

404 3477 437 3528 8
477 3475 561 3545 de]
603 3477 655 3529 in
703 3475 811 3544 QE
952 3474 1117 3544 cordi]
1156 3475 1211 3527 in
1254 3473 1413 3527 corde
1457 3473 1563 3543 ΟΕ
1689 3473 1754 3526 10
1792 3471 1996 3541 scripta
2033 3471 2098 3524 H
2239 3487 2362 3539 quo,
2398 3469 2496 3522 sed
2531 3484 2600 3522 uo
2637 3469 2696 3520 in

402 3580 511 3618 ras.
555 3569 641 3626 (m.
665 3563 765 3630 ff)
806 3565 865 3618 E
900 3581 969 3633 qu
1006 3579 1119 3617 rae.
1158 3579 1225 3616 ex
1262 3562 1333 3632 qd
1374 3567 1433 3614 ut
1468 3561 1585 3614 uid.
1625 3561 1696 3615 M
1731 3560 1874 3630 quod
1919 3560 2008 3630 ΩΙ
2168 3557 2436 3612 accederit
2475 3557 2524 3627 Q
2559 3557 2694 3610 acci-

403 3652 555 3707 deret
591 3655 651 3707 Ε
757 3655 816 3708 11
862 3657 918 3707 et
955 3671 1055 3708 om.
1096 3653 1155 3706 Ε
1189 3669 1217 3705 e
1260 3651 1305 3721 Q
1450 3667 1695 3704 enarrare
1733 3650 1794 3703 Ε
1931 3650 1990 3702 ni
2029 3648 2203 3702 uallor
2237 3647 2304 3700 H
2440 3647 2504 3700 12
2545 3643 2695 3715 quid]

403 3749 493 3797 cut
531 3743 597 3796 H
738 3744 823 3811 eol
866 3759 965 3812 ego
1005 3743 1046 3796 I
1175 3743 1240 3795 13
1277 3743 1529 3811 portatur
1564 3739 1630 3792 H
1772 3738 1986 3792 omnino
2023 3737 2198 3804 meae]
2241 3735 2474 3788 omnimo
2513 3749 2598 3786 me
2633 3735 2698 3786 H

440 3849 587 3886 .esse
626 3833 685 3885 Ε
811 3833 876 3885 14
914 3837 1011 3885 aut
1047 3830 1263 3898 saltem]
1302 3831 1367 3882 ut
1402 3829 1583 3882 saltim
1622 3827 1798 3881 PMA
1835 3830 1898 3880 ut
1935 3826 2128 3880 saltem
2163 3823 2298 3878 P¹R
2440 3823 2692 3891 cogitati—

402 3922 517 3974 onis
556 3938 657 3974 om.
692 3921 799 3991 ΟΕ
834 3924 979 3986 (m.2
1018 3919 1401 3986 conscientiae)
1444 3917 1770 3986 cogitationi
1799 3916 1854 3970 R
1893 3914 2222 3984 cognitionis
2261 3913 2363 3966 HI
2396 3911 2694 3980 cognitioni

397 4009 647 4064 ΡΜΑΡ1
757 4015 816 4063 ut
856 4011 1031 4078 fieret]
1068 4008 1342 4062 sufficeret
1379 4005 1689 4060 PMAP¹R
1775 4007 1839 4059 15
1876 4005 1979 4058 hac
2015 4003 2070 4056 P
2102 4004 2206 4057 hoc
2243 4001 2362 4054 edd.
2474 4000 2520 4053 si
2557 4001 2690 4066 non}

398 4100 481 4152 sin
519 4099 644 4153 PM
750 4097 1117 4152 credunturE
1222 4095 1387 4165 quod]
1420 4095 1638 4164 quaeE
1739 4091 1974 4148 locorH
2063 4094 2128 4146 16
2157 4091 2354 4159 habeo]
2383 4087 2698 4142 habeamH

470 4191 585 4258 eos]
628 4205 690 4242 eo
730 4189 765 4240 1
910 4188 973 4241 17
1014 4202 1233 4254 surgere
1276 4184 1322 4254 Q
1489 4184 1552 4238 18
1592 4185 1748 4252 quas]
1787 4199 1927 4252 quur
1962 4182 2066 4235 HI
2227 4176 2592 4233 misericordie
2629 4176 2698 4230 H

469 4277 557 4331 dei
594 4293 697 4331 om.
744 4275 841 4329 HI
987 4277 1053 4329 19
1101 4274 1329 4328 docendi
1368 4271 1457 4330 H,
1564 4275 1634 4327 20
1679 4273 1952 4340 suspicare
1997 4271 2104 4340 QE
2149 4273 2309 4335 (corr.
2357 4271 2478 4324 m.1
2516 4267 2691 4336 suspi-

398 4367 529 4436 cari)
677 4383 862 4420 ecuum
906 4365 967 4418 H
