<?xml version="1.0" encoding="UTF-8"?>
<!DOCTYPE html PUBLIC "-//W3C//DTD XHTML 1.0 Transitional//EN"
    "http://www.w3.org/TR/xhtml1/DTD/xhtml1-transitional.dtd">
<html xmlns="http://www.w3.org/1999/xhtml" xml:lang="en" lang="en">
 <head>
  <title>
</title>
<meta http-equiv="Content-Type" content="text/html;charset=utf-8" />
  <meta name='ocr-system' content='tesseract 3.04.00' />
  <meta name='ocr-capabilities' content='ocr_page ocr_carea ocr_par ocr_line ocrx_word'/>
</head>
<body>
  <div class='ocr_page' id='page_1' title='image "./corpusscriptoru26wiengoog_0713.png"; bbox 0 0 3184 4959; ppageno 0'>
   <div class='ocr_carea' id='block_1_1' title="bbox 1109 427 2658 498">
    <p class='ocr_par' dir='ltr' id='par_1_1' title="bbox 1109 427 2658 498">
     <span class='ocr_line' id='line_1_1' title="bbox 1109 427 2658 498; baseline 0.009 -15"><span class='ocrx_word' id='word_1_1' title='bbox 1109 427 1645 498; x_wconf 80' lang='lat' dir='ltr'><strong>epistularum</strong></span> <span class='ocrx_word' id='word_1_2' title='bbox 1701 428 1945 487; x_wconf 87' lang='lat' dir='ltr'>CXVIII.</span> <span class='ocrx_word' id='word_1_3' title='bbox 2530 432 2658 497; x_wconf 84' lang='grc'>687</span> 
     </span>
    </p>
   </div>
   <div class='ocr_carea' id='block_1_2' title="bbox 169 623 2663 3272">
    <p class='ocr_par' dir='ltr' id='par_1_2' title="bbox 169 623 2663 3272">
     <span class='ocr_line' id='line_1_2' title="bbox 364 623 2659 709; baseline 0 -19"><span class='ocrx_word' id='word_1_4' title='bbox 364 626 506 709; x_wconf 89' lang='lat' dir='ltr'>ipsa</span> <span class='ocrx_word' id='word_1_5' title='bbox 569 624 974 709; x_wconf 88' lang='lat' dir='ltr'>intellegibili</span> <span class='ocrx_word' id='word_1_6' title='bbox 1039 628 1228 708; x_wconf 87' lang='lat' dir='ltr'>atque</span> <span class='ocrx_word' id='word_1_7' title='bbox 1291 623 1799 689; x_wconf 79' lang='lat' dir='ltr'>incommutabili</span> <span class='ocrx_word' id='word_1_8' title='bbox 1854 624 2165 689; x_wconf 82' lang='lat' dir='ltr'>ueritate?</span> <span class='ocrx_word' id='word_1_9' title='bbox 2223 624 2390 709; x_wconf 92' lang='lat' dir='ltr'>quod</span> <span class='ocrx_word' id='word_1_10' title='bbox 2446 629 2659 691; x_wconf 86' lang='lat' dir='ltr'>autem</span> 
     </span>
     <span class='ocr_line' id='line_1_3' title="bbox 365 730 2661 815; baseline 0 -18"><span class='ocrx_word' id='word_1_11' title='bbox 365 733 456 797; x_wconf 88' lang='lat' dir='ltr'>ait</span> <span class='ocrx_word' id='word_1_12' title='bbox 510 732 619 796; x_wconf 91' lang='lat' dir='ltr'>ille</span> <span class='ocrx_word' id='word_1_13' title='bbox 675 730 854 815; x_wconf 87' lang='lat' dir='ltr'>gigni</span> <span class='ocrx_word' id='word_1_14' title='bbox 913 750 1138 809; x_wconf 88' lang='lat' dir='ltr'>aerem,</span> <span class='ocrx_word' id='word_1_15' title='bbox 1189 750 1378 813; x_wconf 90' lang='lat' dir='ltr'>quem</span> <span class='ocrx_word' id='word_1_16' title='bbox 1425 734 1634 796; x_wconf 85' lang='lat' dir='ltr'>tamen</span> <span class='ocrx_word' id='word_1_17' title='bbox 1684 731 1873 796; x_wconf 89' lang='lat' dir='ltr'>deum</span> <span class='ocrx_word' id='word_1_18' title='bbox 1922 750 2063 796; x_wconf 84' lang='lat' dir='ltr'>esse</span> <span class='ocrx_word' id='word_1_19' title='bbox 2110 731 2429 810; x_wconf 87' lang='lat' dir='ltr'>censebat,</span> <span class='ocrx_word' id='word_1_20' title='bbox 2484 733 2661 797; x_wconf 91' lang='lat' dir='ltr'>nullo</span> 
     </span>
     <span class='ocr_line' id='line_1_4' title="bbox 365 830 2659 924; baseline 0 -21"><span class='ocrx_word' id='word_1_21' title='bbox 365 838 554 905; x_wconf 91' lang='lat' dir='ltr'>modo</span> <span class='ocrx_word' id='word_1_22' title='bbox 593 841 813 903; x_wconf 89' lang='lat' dir='ltr'>mouet</span> <span class='ocrx_word' id='word_1_23' title='bbox 849 838 1018 903; x_wconf 90' lang='lat' dir='ltr'>hunc</span> <span class='ocrx_word' id='word_1_24' title='bbox 1056 838 1290 916; x_wconf 91' lang='lat' dir='ltr'>uirum,</span> <span class='ocrx_word' id='word_1_25' title='bbox 1330 838 1441 921; x_wconf 87' lang='lat' dir='ltr'>qui</span> <span class='ocrx_word' id='word_1_26' title='bbox 1478 838 1818 921; x_wconf 78' lang='lat' dir='ltr'>intellegit,</span> <span class='ocrx_word' id='word_1_27' title='bbox 1860 857 1979 902; x_wconf 92' lang='lat' dir='ltr'>non</span> <span class='ocrx_word' id='word_1_28' title='bbox 2020 838 2191 904; x_wconf 89' lang='lat' dir='ltr'>sicut</span> <span class='ocrx_word' id='word_1_29' title='bbox 2214 857 2322 903; x_wconf 88' lang='lat' dir='ltr'>aer</span> <span class='ocrx_word' id='word_1_30' title='bbox 2357 830 2659 924; x_wconf 82' lang='lat' dir='ltr'>gignitur,</span> 
     </span>
     <span class='ocr_line' id='line_1_5' title="bbox 365 944 2661 1027; baseline 0.001 -19"><span class='ocrx_word' id='word_1_31' title='bbox 365 944 432 1011; x_wconf 91' lang='lat' dir='ltr'>id</span> <span class='ocrx_word' id='word_1_32' title='bbox 487 948 586 1010; x_wconf 91' lang='lat' dir='ltr'>est</span> <span class='ocrx_word' id='word_1_33' title='bbox 641 944 854 1027; x_wconf 85' lang='lat' dir='ltr'>aliqua</span> <span class='ocrx_word' id='word_1_34' title='bbox 910 964 1124 1021; x_wconf 88' lang='lat' dir='ltr'>causa,</span> <span class='ocrx_word' id='word_1_35' title='bbox 1181 947 1256 1009; x_wconf 82' lang='lat' dir='ltr'>ut</span> <span class='ocrx_word' id='word_1_36' title='bbox 1312 945 1416 1023; x_wconf 87' lang='lat' dir='ltr'>sit,</span> <span class='ocrx_word' id='word_1_37' title='bbox 1475 944 1770 1022; x_wconf 83' lang='lat' dir='ltr'>efficitur,</span> <span class='ocrx_word' id='word_1_38' title='bbox 1828 964 1974 1009; x_wconf 89' lang='lat' dir='ltr'>cum</span> <span class='ocrx_word' id='word_1_39' title='bbox 2024 946 2277 1010; x_wconf 90' lang='lat' dir='ltr'>omnino</span> <span class='ocrx_word' id='word_1_40' title='bbox 2326 945 2483 1010; x_wconf 86' lang='lat' dir='ltr'>deus</span> <span class='ocrx_word' id='word_1_41' title='bbox 2540 964 2661 1011; x_wconf 91' lang='lat' dir='ltr'>non</span> 
     </span>
     <span class='ocr_line' id='line_1_6' title="bbox 303 1051 2661 1137; baseline 0.001 -22"><span class='ocrx_word' id='word_1_42' title='bbox 303 1076 329 1115; x_wconf 75' lang='lat'><strong>⁶</strong></span> <span class='ocrx_word' id='word_1_43' title='bbox 367 1051 472 1129; x_wconf 87' lang='lat' dir='ltr'>sit,</span> <span class='ocrx_word' id='word_1_44' title='bbox 518 1052 612 1116; x_wconf 89' lang='lat' dir='ltr'>ita</span> <span class='ocrx_word' id='word_1_45' title='bbox 648 1052 937 1135; x_wconf 89' lang='lat' dir='ltr'>genitum</span> <span class='ocrx_word' id='word_1_46' title='bbox 975 1070 1116 1117; x_wconf 86' lang='lat' dir='ltr'>esse</span> <span class='ocrx_word' id='word_1_47' title='bbox 1153 1053 1418 1117; x_wconf 90' lang='lat' dir='ltr'>uerbum</span> <span class='ocrx_word' id='word_1_48' title='bbox 1459 1051 1581 1130; x_wconf 89' lang='lat' dir='ltr'>dei,</span> <span class='ocrx_word' id='word_1_49' title='bbox 1625 1052 1814 1116; x_wconf 91' lang='lat' dir='ltr'>deum</span> <span class='ocrx_word' id='word_1_50' title='bbox 1850 1051 2018 1134; x_wconf 87' lang='lat' dir='ltr'>apud</span> <span class='ocrx_word' id='word_1_51' title='bbox 2058 1052 2267 1131; x_wconf 90' lang='lat' dir='ltr'>deum,</span> <span class='ocrx_word' id='word_1_52' title='bbox 2316 1052 2430 1117; x_wconf 85' lang='lat' dir='ltr'>sed</span> <span class='ocrx_word' id='word_1_53' title='bbox 2473 1052 2661 1137; x_wconf 91' lang='lat' dir='ltr'>longe</span> 
     </span>
     <span class='ocr_line' id='line_1_7' title="bbox 365 1158 2660 1242; baseline 0 -18"><span class='ocrx_word' id='word_1_54' title='bbox 365 1159 490 1224; x_wconf 85' lang='lat' dir='ltr'>alio</span> <span class='ocrx_word' id='word_1_55' title='bbox 529 1158 741 1235; x_wconf 87' lang='lat' dir='ltr'>mod0,</span> <span class='ocrx_word' id='word_1_56' title='bbox 784 1177 970 1241; x_wconf 90' lang='lat' dir='ltr'>quem</span> <span class='ocrx_word' id='word_1_57' title='bbox 1009 1176 1214 1239; x_wconf 91' lang='lat' dir='ltr'>nem0,</span> <span class='ocrx_word' id='word_1_58' title='bbox 1255 1158 1377 1223; x_wconf 87' lang='lat' dir='ltr'>nisi</span> <span class='ocrx_word' id='word_1_59' title='bbox 1419 1158 1520 1223; x_wconf 88' lang='lat' dir='ltr'>cui</span> <span class='ocrx_word' id='word_1_60' title='bbox 1561 1158 1718 1223; x_wconf 88' lang='lat' dir='ltr'>deus</span> <span class='ocrx_word' id='word_1_61' title='bbox 1756 1158 1895 1242; x_wconf 89' lang='lat' dir='ltr'>ipse</span> <span class='ocrx_word' id='word_1_62' title='bbox 1931 1158 2271 1241; x_wconf 84' lang='lat' dir='ltr'>inspirarit,</span> <span class='ocrx_word' id='word_1_63' title='bbox 2309 1159 2660 1242; x_wconf 77' lang='lat' dir='ltr'>intelleget.</span> 
     </span>
     <span class='ocr_line' id='line_1_8' title="bbox 363 1264 2659 1347; baseline 0 -18"><span class='ocrx_word' id='word_1_64' title='bbox 363 1266 547 1331; x_wconf 90' lang='lat' dir='ltr'>illum</span> <span class='ocrx_word' id='word_1_65' title='bbox 585 1269 800 1331; x_wconf 85' lang='lat' dir='ltr'>autem</span> <span class='ocrx_word' id='word_1_66' title='bbox 839 1266 1030 1329; x_wconf 87' lang='lat' dir='ltr'>etiam</span> <span class='ocrx_word' id='word_1_67' title='bbox 1069 1266 1133 1329; x_wconf 89' lang='lat' dir='ltr'>in</span> <span class='ocrx_word' id='word_1_68' title='bbox 1171 1265 1329 1347; x_wconf 87' lang='lat' dir='ltr'>ipsis</span> <span class='ocrx_word' id='word_1_69' title='bbox 1371 1264 1739 1347; x_wconf 79' lang='lat' dir='ltr'>corporibus</span> <span class='ocrx_word' id='word_1_70' title='bbox 1771 1264 2059 1347; x_wconf 84' lang='lat' dir='ltr'>desipere</span> <span class='ocrx_word' id='word_1_71' title='bbox 2090 1266 2233 1347; x_wconf 89' lang='lat' dir='ltr'>quis</span> <span class='ocrx_word' id='word_1_72' title='bbox 2272 1285 2393 1329; x_wconf 90' lang='lat' dir='ltr'>non</span> <span class='ocrx_word' id='word_1_73' title='bbox 2424 1264 2659 1343; x_wconf 86' lang='lat' dir='ltr'>uideat,</span> 
     </span>
     <span class='ocr_line' id='line_1_9' title="bbox 365 1371 2663 1456; baseline 0 -19"><span class='ocrx_word' id='word_1_74' title='bbox 365 1392 511 1437; x_wconf 86' lang='lat' dir='ltr'>cum</span> <span class='ocrx_word' id='word_1_75' title='bbox 557 1390 766 1436; x_wconf 87' lang='lat' dir='ltr'>aerem</span> <span class='ocrx_word' id='word_1_76' title='bbox 815 1372 992 1456; x_wconf 86' lang='lat' dir='ltr'>gigni</span> <span class='ocrx_word' id='word_1_77' title='bbox 1038 1371 1210 1436; x_wconf 88' lang='lat' dir='ltr'>dicat</span> <span class='ocrx_word' id='word_1_78' title='bbox 1256 1374 1320 1435; x_wconf 92' lang='lat' dir='ltr'>et</span> <span class='ocrx_word' id='word_1_79' title='bbox 1367 1371 1553 1435; x_wconf 91' lang='lat' dir='ltr'>deum</span> <span class='ocrx_word' id='word_1_80' title='bbox 1602 1372 1781 1450; x_wconf 90' lang='lat' dir='ltr'>uelit,</span> <span class='ocrx_word' id='word_1_81' title='bbox 1830 1390 1979 1435; x_wconf 88' lang='lat' dir='ltr'>eum</span> <span class='ocrx_word' id='word_1_82' title='bbox 2026 1374 2261 1449; x_wconf 90' lang='lat' dir='ltr'>autem,</span> <span class='ocrx_word' id='word_1_83' title='bbox 2310 1390 2348 1437; x_wconf 93' lang='lat' dir='ltr'>a</span> <span class='ocrx_word' id='word_1_84' title='bbox 2384 1392 2507 1454; x_wconf 89' lang='lat' dir='ltr'>quo</span> <span class='ocrx_word' id='word_1_85' title='bbox 2559 1390 2663 1437; x_wconf 88' lang='lat' dir='ltr'>aer</span> 
     </span>
     <span class='ocr_line' id='line_1_10' title="bbox 365 1478 2658 1564; baseline -0.001 -19"><span class='ocrx_word' id='word_1_86' title='bbox 365 1479 668 1564; x_wconf 79' lang='lat' dir='ltr'>gignitur,</span> <span class='ocrx_word' id='word_1_87' title='bbox 733 1497 858 1543; x_wconf 90' lang='lat' dir='ltr'>non</span> <span class='ocrx_word' id='word_1_88' title='bbox 915 1478 1081 1543; x_wconf 89' lang='lat' dir='ltr'>enim</span> <span class='ocrx_word' id='word_1_89' title='bbox 1137 1499 1174 1543; x_wconf 89' lang='lat' dir='ltr'>a</span> <span class='ocrx_word' id='word_1_90' title='bbox 1237 1478 1412 1543; x_wconf 90' lang='lat' dir='ltr'>nullo</span> <span class='ocrx_word' id='word_1_91' title='bbox 1479 1478 1658 1563; x_wconf 88' lang='lat' dir='ltr'>gigni</span> <span class='ocrx_word' id='word_1_92' title='bbox 1711 1481 1943 1560; x_wconf 89' lang='lat' dir='ltr'>potest,</span> <span class='ocrx_word' id='word_1_93' title='bbox 2010 1497 2133 1543; x_wconf 92' lang='lat' dir='ltr'>non</span> <span class='ocrx_word' id='word_1_94' title='bbox 2199 1478 2370 1543; x_wconf 85' lang='lat' dir='ltr'>dicat</span> <span class='ocrx_word' id='word_1_95' title='bbox 2424 1478 2658 1543; x_wconf 81' lang='lat' dir='ltr'>deum?</span> 
     </span>
     <span class='ocr_line' id='line_1_11' title="bbox 276 1585 2655 1669; baseline 0 -20"><span class='ocrx_word' id='word_1_96' title='bbox 276 1612 328 1650; x_wconf 84' lang='grc' dir='ltr'>ιο</span> <span class='ocrx_word' id='word_1_97' title='bbox 366 1605 512 1651; x_wconf 89' lang='lat' dir='ltr'>cum</span> <span class='ocrx_word' id='word_1_98' title='bbox 587 1590 801 1651; x_wconf 90' lang='lat' dir='ltr'>autem</span> <span class='ocrx_word' id='word_1_99' title='bbox 868 1585 1100 1650; x_wconf 89' lang='lat' dir='ltr'>dicitur</span> <span class='ocrx_word' id='word_1_100' title='bbox 1163 1604 1268 1649; x_wconf 89' lang='lat' dir='ltr'>aer</span> <span class='ocrx_word' id='word_1_101' title='bbox 1331 1605 1473 1651; x_wconf 89' lang='lat' dir='ltr'>esse</span> <span class='ocrx_word' id='word_1_102' title='bbox 1541 1604 1791 1669; x_wconf 87' lang='lat' dir='ltr'>semper</span> <span class='ocrx_word' id='word_1_103' title='bbox 1854 1585 1918 1649; x_wconf 90' lang='lat' dir='ltr'>in</span> <span class='ocrx_word' id='word_1_104' title='bbox 1984 1588 2187 1662; x_wconf 88' lang='lat' dir='ltr'>motu,</span> <span class='ocrx_word' id='word_1_105' title='bbox 2260 1603 2655 1667; x_wconf 84' lang='lat' dir='ltr'>nequaquam</span> 
     </span>
     <span class='ocr_line' id='line_1_12' title="bbox 367 1691 2663 1775; baseline -0.001 -18"><span class='ocrx_word' id='word_1_106' title='bbox 367 1692 770 1757; x_wconf 83' lang='lat' dir='ltr'>conturbabit</span> <span class='ocrx_word' id='word_1_107' title='bbox 796 1693 1136 1771; x_wconf 88' lang='lat' dir='ltr'>hominem,</span> <span class='ocrx_word' id='word_1_108' title='bbox 1175 1694 1248 1757; x_wconf 90' lang='lat' dir='ltr'>ut</span> <span class='ocrx_word' id='word_1_109' title='bbox 1284 1696 1619 1775; x_wconf 87' lang='lat' dir='ltr'>propterea</span> <span class='ocrx_word' id='word_1_110' title='bbox 1652 1691 1837 1756; x_wconf 89' lang='lat' dir='ltr'>illum</span> <span class='ocrx_word' id='word_1_111' title='bbox 1872 1693 2061 1757; x_wconf 91' lang='lat' dir='ltr'>deum</span> <span class='ocrx_word' id='word_1_112' title='bbox 2099 1694 2301 1775; x_wconf 87' lang='lat' dir='ltr'>putet,</span> <span class='ocrx_word' id='word_1_113' title='bbox 2333 1693 2439 1774; x_wconf 91' lang='lat' dir='ltr'>qui</span> <span class='ocrx_word' id='word_1_114' title='bbox 2480 1691 2663 1757; x_wconf 86' lang='lat' dir='ltr'>nouit</span> 
     </span>
     <span class='ocr_line' id='line_1_13' title="bbox 368 1799 2660 1882; baseline -0 -18"><span class='ocrx_word' id='word_1_115' title='bbox 368 1800 570 1864; x_wconf 85' lang='lat' dir='ltr'>omnis</span> <span class='ocrx_word' id='word_1_116' title='bbox 612 1800 891 1881; x_wconf 85' lang='lat' dir='ltr'>corporis</span> <span class='ocrx_word' id='word_1_117' title='bbox 929 1802 1178 1864; x_wconf 84' lang='lat' dir='ltr'>motum</span> <span class='ocrx_word' id='word_1_118' title='bbox 1223 1799 1584 1865; x_wconf 89' lang='lat' dir='ltr'>inferiorem</span> <span class='ocrx_word' id='word_1_119' title='bbox 1626 1818 1789 1877; x_wconf 87' lang='lat' dir='ltr'>esse,</span> <span class='ocrx_word' id='word_1_120' title='bbox 1830 1818 2019 1882; x_wconf 88' lang='lat' dir='ltr'>quam</span> <span class='ocrx_word' id='word_1_121' title='bbox 2058 1801 2158 1863; x_wconf 90' lang='lat' dir='ltr'>est</span> <span class='ocrx_word' id='word_1_122' title='bbox 2192 1802 2407 1863; x_wconf 88' lang='lat' dir='ltr'>motus</span> <span class='ocrx_word' id='word_1_123' title='bbox 2447 1799 2660 1877; x_wconf 89' lang='lat' dir='ltr'>animi,</span> 
     </span>
     <span class='ocr_line' id='line_1_14' title="bbox 366 1906 2659 1990; baseline 0.001 -21"><span class='ocrx_word' id='word_1_124' title='bbox 366 1910 610 1970; x_wconf 88' lang='lat' dir='ltr'>motum</span> <span class='ocrx_word' id='word_1_125' title='bbox 650 1908 864 1970; x_wconf 90' lang='lat' dir='ltr'>autem</span> <span class='ocrx_word' id='word_1_126' title='bbox 903 1906 1097 1969; x_wconf 88' lang='lat' dir='ltr'>animi</span> <span class='ocrx_word' id='word_1_127' title='bbox 1131 1906 1319 1990; x_wconf 89' lang='lat' dir='ltr'>longe</span> <span class='ocrx_word' id='word_1_128' title='bbox 1355 1906 1718 1990; x_wconf 87' lang='lat' dir='ltr'>pigriorem,</span> <span class='ocrx_word' id='word_1_129' title='bbox 1759 1925 1948 1988; x_wconf 87' lang='lat' dir='ltr'>quam</span> <span class='ocrx_word' id='word_1_130' title='bbox 1988 1909 2087 1970; x_wconf 89' lang='lat' dir='ltr'>est</span> <span class='ocrx_word' id='word_1_131' title='bbox 2121 1907 2337 1971; x_wconf 86' lang='lat' dir='ltr'>motus</span> <span class='ocrx_word' id='word_1_132' title='bbox 2376 1924 2659 1971; x_wconf 87' lang='lat' dir='ltr'>summae</span> 
     </span>
     <span class='ocr_line' id='line_1_15' title="bbox 365 2012 1560 2094; baseline 0 -17"><span class='ocrx_word' id='word_1_133' title='bbox 365 2014 556 2094; x_wconf 88' lang='lat' dir='ltr'>atque</span> <span class='ocrx_word' id='word_1_134' title='bbox 601 2012 1143 2077; x_wconf 86' lang='lat' dir='ltr'>incommutabilis</span> <span class='ocrx_word' id='word_1_135' title='bbox 1193 2013 1560 2094; x_wconf 84' lang='lat' dir='ltr'>sapientiae.</span> 
     </span>
     <span class='ocr_line' id='line_1_16' title="bbox 169 2118 2659 2203; baseline 0 -21"><span class='ocrx_word' id='word_1_136' title='bbox 169 2122 326 2183; x_wconf 76' lang='lat'><strong>241⁵</strong></span> <span class='ocrx_word' id='word_1_137' title='bbox 450 2119 612 2184; x_wconf 86' lang='lat' dir='ltr'>Item</span> <span class='ocrx_word' id='word_1_138' title='bbox 659 2120 1060 2203; x_wconf 83' lang='lat' dir='ltr'>Anaxagoras</span> <span class='ocrx_word' id='word_1_139' title='bbox 1108 2119 1246 2183; x_wconf 91' lang='lat' dir='ltr'>siue</span> <span class='ocrx_word' id='word_1_140' title='bbox 1297 2119 1566 2201; x_wconf 89' lang='lat' dir='ltr'>quilibet</span> <span class='ocrx_word' id='word_1_141' title='bbox 1612 2120 1667 2184; x_wconf 88' lang='lat' dir='ltr'>si</span> <span class='ocrx_word' id='word_1_142' title='bbox 1711 2123 1988 2184; x_wconf 87' lang='lat' dir='ltr'>mentem</span> <span class='ocrx_word' id='word_1_143' title='bbox 2041 2118 2197 2183; x_wconf 87' lang='lat' dir='ltr'>dicit</span> <span class='ocrx_word' id='word_1_144' title='bbox 2240 2119 2447 2201; x_wconf 84' lang='lat' dir='ltr'>ipsam</span> <span class='ocrx_word' id='word_1_145' title='bbox 2492 2118 2659 2184; x_wconf 90' lang='lat' dir='ltr'>ueri-</span> 
     </span>
     <span class='ocr_line' id='line_1_17' title="bbox 361 2225 2657 2309; baseline 0 -20"><span class='ocrx_word' id='word_1_146' title='bbox 361 2229 560 2290; x_wconf 90' lang='lat' dir='ltr'>tatem</span> <span class='ocrx_word' id='word_1_147' title='bbox 609 2229 798 2307; x_wconf 89' lang='lat' dir='ltr'>atque</span> <span class='ocrx_word' id='word_1_148' title='bbox 847 2226 1245 2309; x_wconf 84' lang='lat' dir='ltr'>sapientiam,</span> <span class='ocrx_word' id='word_1_149' title='bbox 1293 2226 1448 2308; x_wconf 90' lang='lat' dir='ltr'>quid</span> <span class='ocrx_word' id='word_1_150' title='bbox 1493 2226 1653 2291; x_wconf 90' lang='lat' dir='ltr'>mihi</span> <span class='ocrx_word' id='word_1_151' title='bbox 1700 2229 1799 2291; x_wconf 88' lang='lat' dir='ltr'>est</span> <span class='ocrx_word' id='word_1_152' title='bbox 1846 2226 1922 2291; x_wconf 87' lang='lat' dir='ltr'>de</span> <span class='ocrx_word' id='word_1_153' title='bbox 1966 2226 2159 2291; x_wconf 89' lang='lat' dir='ltr'>uerbo</span> <span class='ocrx_word' id='word_1_154' title='bbox 2210 2245 2355 2291; x_wconf 90' lang='lat' dir='ltr'>cum</span> <span class='ocrx_word' id='word_1_155' title='bbox 2402 2225 2657 2290; x_wconf 89' lang='lat' dir='ltr'>homine</span> 
     </span>
     <span class='ocr_line' id='line_1_18' title="bbox 365 2332 2657 2413; baseline -0 -17"><span class='ocrx_word' id='word_1_156' title='bbox 365 2332 779 2397; x_wconf 81' lang='lat' dir='ltr'>contendere?</span> <span class='ocrx_word' id='word_1_157' title='bbox 815 2332 1223 2397; x_wconf 86' lang='lat' dir='ltr'>manifestum</span> <span class='ocrx_word' id='word_1_158' title='bbox 1265 2336 1365 2397; x_wconf 86' lang='lat' dir='ltr'>est</span> <span class='ocrx_word' id='word_1_159' title='bbox 1401 2332 1566 2397; x_wconf 89' lang='lat' dir='ltr'>enim</span> <span class='ocrx_word' id='word_1_160' title='bbox 1605 2332 1887 2397; x_wconf 90' lang='lat' dir='ltr'>omnium</span> <span class='ocrx_word' id='word_1_161' title='bbox 1922 2352 2131 2396; x_wconf 90' lang='lat' dir='ltr'>rerum</span> <span class='ocrx_word' id='word_1_162' title='bbox 2171 2332 2657 2413; x_wconf 82' lang='lat' dir='ltr'>descriptionem</span> 
     </span>
     <span class='ocr_line' id='line_1_19' title="bbox 365 2438 2655 2525; baseline 0 -23"><span class='ocrx_word' id='word_1_163' title='bbox 365 2442 430 2503; x_wconf 93' lang='lat' dir='ltr'>et</span> <span class='ocrx_word' id='word_1_164' title='bbox 481 2439 742 2503; x_wconf 87' lang='lat' dir='ltr'>modum</span> <span class='ocrx_word' id='word_1_165' title='bbox 791 2440 868 2505; x_wconf 90' lang='lat' dir='ltr'>ab</span> <span class='ocrx_word' id='word_1_166' title='bbox 924 2439 1040 2504; x_wconf 89' lang='lat' dir='ltr'>illa</span> <span class='ocrx_word' id='word_1_167' title='bbox 1083 2439 1220 2503; x_wconf 87' lang='lat' dir='ltr'>fieri</span> <span class='ocrx_word' id='word_1_168' title='bbox 1267 2457 1534 2524; x_wconf 87' lang='lat' dir='ltr'>eamque</span> <span class='ocrx_word' id='word_1_169' title='bbox 1588 2460 1713 2504; x_wconf 90' lang='lat' dir='ltr'>non</span> <span class='ocrx_word' id='word_1_170' title='bbox 1770 2441 2117 2525; x_wconf 88' lang='lat' dir='ltr'>incongrue</span> <span class='ocrx_word' id='word_1_171' title='bbox 2164 2440 2289 2505; x_wconf 91' lang='lat' dir='ltr'>dici</span> <span class='ocrx_word' id='word_1_172' title='bbox 2344 2438 2655 2503; x_wconf 87' lang='lat' dir='ltr'>infinitam</span> 
     </span>
     <span class='ocr_line' id='line_1_20' title="bbox 363 2546 2657 2631; baseline 0 -22"><span class='ocrx_word' id='word_1_173' title='bbox 363 2566 484 2611; x_wconf 92' lang='lat' dir='ltr'>non</span> <span class='ocrx_word' id='word_1_174' title='bbox 541 2565 653 2629; x_wconf 89' lang='lat' dir='ltr'>per</span> <span class='ocrx_word' id='word_1_175' title='bbox 708 2546 914 2629; x_wconf 83' lang='lat' dir='ltr'>spatia</span> <span class='ocrx_word' id='word_1_176' title='bbox 967 2547 1253 2611; x_wconf 87' lang='lat' dir='ltr'>locorum</span> <span class='ocrx_word' id='word_1_177' title='bbox 1311 2546 1423 2611; x_wconf 89' lang='lat' dir='ltr'>sed</span> <span class='ocrx_word' id='word_1_178' title='bbox 1478 2566 1590 2629; x_wconf 89' lang='lat' dir='ltr'>per</span> <span class='ocrx_word' id='word_1_179' title='bbox 1644 2548 2014 2631; x_wconf 83' lang='lat' dir='ltr'>potentiam,</span> <span class='ocrx_word' id='word_1_180' title='bbox 2066 2566 2225 2628; x_wconf 88' lang='lat' dir='ltr'>quae</span> <span class='ocrx_word' id='word_1_181' title='bbox 2274 2546 2657 2631; x_wconf 87' lang='lat' dir='ltr'>cogitatione</span> 
     </span>
     <span class='ocr_line' id='line_1_21' title="bbox 270 2651 2657 2736; baseline -0.002 -17"><span class='ocrx_word' id='word_1_182' title='bbox 270 2680 325 2719; x_wconf 84' lang='lat'>80</span> <span class='ocrx_word' id='word_1_183' title='bbox 363 2653 636 2717; x_wconf 87' lang='lat' dir='ltr'>humana</span> <span class='ocrx_word' id='word_1_184' title='bbox 683 2652 1128 2735; x_wconf 88' lang='lat' dir='ltr'>comprehendi</span> <span class='ocrx_word' id='word_1_185' title='bbox 1173 2671 1295 2718; x_wconf 90' lang='lat' dir='ltr'>non</span> <span class='ocrx_word' id='word_1_186' title='bbox 1342 2656 1576 2735; x_wconf 90' lang='lat' dir='ltr'>potest,</span> <span class='ocrx_word' id='word_1_187' title='bbox 1636 2672 1839 2736; x_wconf 89' lang='lat' dir='ltr'>neque</span> <span class='ocrx_word' id='word_1_188' title='bbox 1888 2653 2057 2735; x_wconf 87' lang='lat' dir='ltr'>quod</span> <span class='ocrx_word' id='word_1_189' title='bbox 2103 2652 2371 2717; x_wconf 87' lang='lat' dir='ltr'>informe</span> <span class='ocrx_word' id='word_1_190' title='bbox 2419 2651 2657 2733; x_wconf 85' lang='lat' dir='ltr'>aliquid</span> 
     </span>
     <span class='ocr_line' id='line_1_22' title="bbox 362 2759 2657 2843; baseline 0 -20"><span class='ocrx_word' id='word_1_191' title='bbox 362 2759 448 2823; x_wconf 91' lang='lat' dir='ltr'>sit</span> <span class='ocrx_word' id='word_1_192' title='bbox 499 2759 642 2841; x_wconf 88' lang='lat' dir='ltr'>ipsa</span> <span class='ocrx_word' id='word_1_193' title='bbox 697 2760 1032 2841; x_wconf 80' lang='lat' dir='ltr'>sapientia3</span> <span class='ocrx_word' id='word_1_194' title='bbox 1101 2759 1222 2825; x_wconf 90' lang='lat' dir='ltr'>hoc</span> <span class='ocrx_word' id='word_1_195' title='bbox 1279 2760 1446 2825; x_wconf 91' lang='lat' dir='ltr'>enim</span> <span class='ocrx_word' id='word_1_196' title='bbox 1503 2778 1836 2843; x_wconf 86' lang='lat' dir='ltr'>corporum</span> <span class='ocrx_word' id='word_1_197' title='bbox 1894 2762 2011 2839; x_wconf 87' lang='lat' dir='ltr'>est,</span> <span class='ocrx_word' id='word_1_198' title='bbox 2068 2762 2163 2835; x_wconf 90' lang='lat' dir='ltr'>ut,</span> <span class='ocrx_word' id='word_1_199' title='bbox 2222 2776 2657 2842; x_wconf 85' lang='lat' dir='ltr'>quaecumque</span> 
     </span>
     <span class='ocr_line' id='line_1_23' title="bbox 359 2864 2655 2943; baseline 0 -14"><span class='ocrx_word' id='word_1_200' title='bbox 359 2866 604 2930; x_wconf 90' lang='lat' dir='ltr'>infinita</span> <span class='ocrx_word' id='word_1_201' title='bbox 639 2866 894 2943; x_wconf 84' lang='lat' dir='ltr'>fuerint,</span> <span class='ocrx_word' id='word_1_202' title='bbox 935 2867 1066 2932; x_wconf 86' lang='lat' dir='ltr'>sint</span> <span class='ocrx_word' id='word_1_203' title='bbox 1095 2870 1160 2931; x_wconf 86' lang='lat' dir='ltr'>et</span> <span class='ocrx_word' id='word_1_204' title='bbox 1194 2868 1506 2932; x_wconf 87' lang='lat' dir='ltr'>informia.</span> <span class='ocrx_word' id='word_1_205' title='bbox 1549 2866 1767 2933; x_wconf 88' lang='lat' dir='ltr'>Cicero</span> <span class='ocrx_word' id='word_1_206' title='bbox 1800 2870 2013 2932; x_wconf 88' lang='lat' dir='ltr'>autem</span> <span class='ocrx_word' id='word_1_207' title='bbox 2054 2866 2267 2932; x_wconf 84' lang='lat' dir='ltr'>studio</span> <span class='ocrx_word' id='word_1_208' title='bbox 2304 2864 2655 2943; x_wconf 87' lang='lat' dir='ltr'>refellendi,</span> 
     </span>
     <span class='ocr_line' id='line_1_24' title="bbox 361 2972 2655 3058; baseline 0 -22"><span class='ocrx_word' id='word_1_209' title='bbox 361 2975 672 3053; x_wconf 85' lang='lat' dir='ltr'>quantum</span> <span class='ocrx_word' id='word_1_210' title='bbox 733 2973 1008 3052; x_wconf 84' lang='lat' dir='ltr'>uidetur,</span> <span class='ocrx_word' id='word_1_211' title='bbox 1073 2979 1331 3057; x_wconf 86' lang='lat' dir='ltr'>propter</span> <span class='ocrx_word' id='word_1_212' title='bbox 1394 2973 1791 3038; x_wconf 86' lang='lat' dir='ltr'>aduersarios</span> <span class='ocrx_word' id='word_1_213' title='bbox 1850 2972 2255 3058; x_wconf 86' lang='lat' dir='ltr'>corporaliter</span> <span class='ocrx_word' id='word_1_214' title='bbox 2310 2972 2655 3038; x_wconf 86' lang='lat' dir='ltr'>sentientes</span> 
     </span>
     <span class='ocr_line' id='line_1_25' title="bbox 358 3079 2657 3165; baseline 0 -23"><span class='ocrx_word' id='word_1_215' title='bbox 358 3083 551 3163; x_wconf 87' lang='lat' dir='ltr'>negat</span> <span class='ocrx_word' id='word_1_216' title='bbox 604 3079 850 3144; x_wconf 87' lang='lat' dir='ltr'>infinito</span> <span class='ocrx_word' id='word_1_217' title='bbox 907 3080 1148 3162; x_wconf 89' lang='lat' dir='ltr'>aliquid</span> <span class='ocrx_word' id='word_1_218' title='bbox 1211 3081 1392 3165; x_wconf 91' lang='lat' dir='ltr'>iungi</span> <span class='ocrx_word' id='word_1_219' title='bbox 1455 3081 1763 3163; x_wconf 85' lang='lat' dir='ltr'>potuisse,</span> <span class='ocrx_word' id='word_1_220' title='bbox 1824 3082 1973 3165; x_wconf 89' lang='lat' dir='ltr'>quia</span> <span class='ocrx_word' id='word_1_221' title='bbox 2026 3100 2099 3145; x_wconf 87' lang='lat' dir='ltr'>ex</span> <span class='ocrx_word' id='word_1_222' title='bbox 2154 3100 2227 3145; x_wconf 88' lang='lat' dir='ltr'>ea</span> <span class='ocrx_word' id='word_1_223' title='bbox 2281 3082 2477 3162; x_wconf 87' lang='lat' dir='ltr'>parte,</span> <span class='ocrx_word' id='word_1_224' title='bbox 2536 3097 2657 3159; x_wconf 89' lang='lat' dir='ltr'>qua</span> 
     </span>
     <span class='ocr_line' id='line_1_26' title="bbox 268 3186 2657 3272; baseline -0.001 -21"><span class='ocrx_word' id='word_1_225' title='bbox 268 3213 320 3252; x_wconf 78' lang='lat'>2⁵</span> <span class='ocrx_word' id='word_1_226' title='bbox 359 3186 636 3270; x_wconf 91' lang='lat' dir='ltr'>quidque</span> <span class='ocrx_word' id='word_1_227' title='bbox 701 3188 1088 3272; x_wconf 90' lang='lat' dir='ltr'>adiungitur,</span> <span class='ocrx_word' id='word_1_228' title='bbox 1153 3207 1413 3253; x_wconf 85' lang='lat' dir='ltr'>necesse</span> <span class='ocrx_word' id='word_1_229' title='bbox 1469 3192 1570 3253; x_wconf 87' lang='lat' dir='ltr'>est</span> <span class='ocrx_word' id='word_1_230' title='bbox 1624 3207 1765 3253; x_wconf 83' lang='lat' dir='ltr'>esse</span> <span class='ocrx_word' id='word_1_231' title='bbox 1828 3188 1893 3253; x_wconf 91' lang='lat' dir='ltr'>in</span> <span class='ocrx_word' id='word_1_232' title='bbox 1949 3187 2314 3270; x_wconf 87' lang='lat' dir='ltr'>corporibus</span> <span class='ocrx_word' id='word_1_233' title='bbox 2379 3186 2657 3267; x_wconf 88' lang='lat' dir='ltr'>aliquem</span> 
     </span>
    </p>
   </div>
   <div class='ocr_carea' id='block_1_3' title="bbox 351 3349 2659 4408">
    <p class='ocr_par' dir='ltr' id='par_1_3' title="bbox 351 3349 2659 4408">
     <span class='ocr_line' id='line_1_27' title="bbox 431 3349 2656 3431; baseline 0 -18"><span class='ocrx_word' id='word_1_234' title='bbox 431 3361 457 3414; x_wconf 92' lang='lat'>1</span> <span class='ocrx_word' id='word_1_235' title='bbox 497 3361 823 3415; x_wconf 83' lang='lat' dir='ltr'>immutabili</span> <span class='ocrx_word' id='word_1_236' title='bbox 861 3360 985 3415; x_wconf 90' lang='lat' dir='ltr'>MA</span> <span class='ocrx_word' id='word_1_237' title='bbox 1093 3362 1126 3415; x_wconf 85' lang='lat'>2</span> <span class='ocrx_word' id='word_1_238' title='bbox 1165 3362 1389 3431; x_wconf 88' lang='lat' dir='ltr'>gignere</span> <span class='ocrx_word' id='word_1_239' title='bbox 1425 3360 1480 3413; x_wconf 81' lang='lat' dir='ltr'><em>R</em></span> <span class='ocrx_word' id='word_1_240' title='bbox 1627 3349 1721 3431; x_wconf 61' lang='lat' dir='ltr'>qm</span> <span class='ocrx_word' id='word_1_241' title='bbox 1764 3362 1817 3413; x_wconf 88' lang='lat' dir='ltr'><strong><em>V</em></strong></span> <span class='ocrx_word' id='word_1_242' title='bbox 1916 3362 1953 3415; x_wconf 85' lang='lat'>4</span> <span class='ocrx_word' id='word_1_243' title='bbox 1990 3361 2193 3430; x_wconf 80' lang='lat' dir='ltr'>aliqua]</span> <span class='ocrx_word' id='word_1_244' title='bbox 2235 3360 2419 3429; x_wconf 79' lang='lat' dir='ltr'>aliqua</span> <span class='ocrx_word' id='word_1_245' title='bbox 2457 3359 2564 3413; x_wconf 85' lang='lat' dir='ltr'>alia</span> <span class='ocrx_word' id='word_1_246' title='bbox 2600 3360 2656 3414; x_wconf 83' lang='lat' dir='ltr'><em>R</em></span> 
     </span>
     <span class='ocr_line' id='line_1_28' title="bbox 426 3447 2652 3520; baseline 0.001 -18"><span class='ocrx_word' id='word_1_247' title='bbox 426 3453 490 3503; x_wconf 86' lang='lat' dir='ltr'>ut</span> <span class='ocrx_word' id='word_1_248' title='bbox 527 3450 621 3518; x_wconf 87' lang='lat' dir='ltr'>sit]</span> <span class='ocrx_word' id='word_1_249' title='bbox 665 3453 762 3503; x_wconf 86' lang='lat' dir='ltr'>aut</span> <span class='ocrx_word' id='word_1_250' title='bbox 795 3449 962 3504; x_wconf 87' lang='lat' dir='ltr'>sitM</span> <span class='ocrx_word' id='word_1_251' title='bbox 985 3453 1080 3504; x_wconf 84' lang='lat' dir='ltr'>aut</span> <span class='ocrx_word' id='word_1_252' title='bbox 1107 3450 1259 3505; x_wconf 84' lang='lat' dir='ltr'>sicR</span> <span class='ocrx_word' id='word_1_253' title='bbox 1348 3453 1380 3504; x_wconf 91' lang='lat'>5</span> <span class='ocrx_word' id='word_1_254' title='bbox 1411 3451 1679 3520; x_wconf 87' lang='lat' dir='ltr'>genitum]</span> <span class='ocrx_word' id='word_1_255' title='bbox 1720 3451 1963 3519; x_wconf 87' lang='lat' dir='ltr'>gentium</span> <span class='ocrx_word' id='word_1_256' title='bbox 1992 3450 2067 3502; x_wconf 90' lang='lat' dir='ltr'><em>M</em></span> <span class='ocrx_word' id='word_1_257' title='bbox 2152 3450 2185 3502; x_wconf 83' lang='lat'>6</span> <span class='ocrx_word' id='word_1_258' title='bbox 2214 3450 2330 3517; x_wconf 85' lang='lat' dir='ltr'>ipse</span> <span class='ocrx_word' id='word_1_259' title='bbox 2368 3448 2501 3502; x_wconf 86' lang='lat' dir='ltr'>deus</span> <span class='ocrx_word' id='word_1_260' title='bbox 2532 3447 2652 3504; x_wconf 83' lang='lat' dir='ltr'>edd.</span> 
     </span>
     <span class='ocr_line' id='line_1_29' title="bbox 427 3536 2652 3609; baseline 0 -19"><span class='ocrx_word' id='word_1_261' title='bbox 427 3538 720 3607; x_wconf 85' lang='lat' dir='ltr'>inspiraret</span> <span class='ocrx_word' id='word_1_262' title='bbox 756 3538 880 3592; x_wconf 79' lang='lat' dir='ltr'>MR</span> <span class='ocrx_word' id='word_1_263' title='bbox 985 3540 1262 3609; x_wconf 88' lang='lat' dir='ltr'>intellegit</span> <span class='ocrx_word' id='word_1_264' title='bbox 1297 3539 1422 3593; x_wconf 90' lang='lat' dir='ltr'>MA</span> <span class='ocrx_word' id='word_1_265' title='bbox 1460 3539 1580 3593; x_wconf 80' lang='lat' dir='ltr'>edd.</span> <span class='ocrx_word' id='word_1_266' title='bbox 1694 3542 1723 3593; x_wconf 85' lang='lat'><strong>7</strong></span> <span class='ocrx_word' id='word_1_267' title='bbox 1764 3538 2133 3609; x_wconf 82' lang='lat' dir='ltr'>corporalibus</span> <span class='ocrx_word' id='word_1_268' title='bbox 2170 3538 2290 3591; x_wconf 79' lang='lat' dir='ltr'>edd.</span> <span class='ocrx_word' id='word_1_269' title='bbox 2404 3536 2652 3606; x_wconf 86' lang='lat' dir='ltr'>desipire‚</span> 
     </span>
     <span class='ocr_line' id='line_1_30' title="bbox 353 3625 2655 3699; baseline -0.001 -18"><span class='ocrx_word' id='word_1_270' title='bbox 353 3632 479 3682; x_wconf 84' lang='lat' dir='ltr'>m.2</span> <span class='ocrx_word' id='word_1_271' title='bbox 515 3627 761 3696; x_wconf 87' lang='lat' dir='ltr'>desipere</span> <span class='ocrx_word' id='word_1_272' title='bbox 797 3628 854 3683; x_wconf 90' lang='lat' dir='ltr'><em>P</em></span> <span class='ocrx_word' id='word_1_273' title='bbox 1032 3629 1152 3698; x_wconf 89' lang='lat' dir='ltr'>quis</span> <span class='ocrx_word' id='word_1_274' title='bbox 1191 3630 1238 3699; x_wconf 89' lang='lat' dir='ltr'>(s</span> <span class='ocrx_word' id='word_1_275' title='bbox 1275 3629 1338 3682; x_wconf 78' lang='lat' dir='ltr'>in</span> <span class='ocrx_word' id='word_1_276' title='bbox 1373 3644 1487 3683; x_wconf 79' lang='lat' dir='ltr'>ras.</span> <span class='ocrx_word' id='word_1_277' title='bbox 1525 3645 1599 3683; x_wconf 88' lang='lat' dir='ltr'>m.</span> <span class='ocrx_word' id='word_1_278' title='bbox 1633 3634 1697 3683; x_wconf 77' lang='lat' dir='ltr'>ut</span> <span class='ocrx_word' id='word_1_279' title='bbox 1734 3628 1849 3682; x_wconf 80' lang='lat' dir='ltr'>uid.</span> <span class='ocrx_word' id='word_1_280' title='bbox 1889 3632 1939 3693; x_wconf 83' lang='lat'>1)</span> <span class='ocrx_word' id='word_1_281' title='bbox 1978 3628 2035 3682; x_wconf 78' lang='lat' dir='ltr'><em>R</em></span> <span class='ocrx_word' id='word_1_282' title='bbox 2216 3626 2425 3695; x_wconf 86' lang='lat' dir='ltr'>uideat]</span> <span class='ocrx_word' id='word_1_283' title='bbox 2467 3625 2655 3681; x_wconf 80' lang='lat' dir='ltr'>uideat</span> 
     </span>
     <span class='ocr_line' id='line_1_31' title="bbox 354 3714 2653 3787; baseline 0 -18"><span class='ocrx_word' id='word_1_284' title='bbox 354 3716 530 3770; x_wconf 87' lang='lat' dir='ltr'>uideri</span> <span class='ocrx_word' id='word_1_285' title='bbox 575 3715 628 3769; x_wconf 92' lang='lat' dir='ltr'><em>V</em></span> <span class='ocrx_word' id='word_1_286' title='bbox 802 3716 836 3769; x_wconf 89' lang='lat'>8</span> <span class='ocrx_word' id='word_1_287' title='bbox 875 3732 1108 3787; x_wconf 79' lang='lat' dir='ltr'>agerem,</span> <span class='ocrx_word' id='word_1_288' title='bbox 1145 3721 1274 3770; x_wconf 81' lang='lat' dir='ltr'>m.2</span> <span class='ocrx_word' id='word_1_289' title='bbox 1311 3733 1488 3771; x_wconf 89' lang='lat' dir='ltr'>aerem</span> <span class='ocrx_word' id='word_1_290' title='bbox 1523 3716 1600 3771; x_wconf 87' lang='lat' dir='ltr'><strong><em>M</em></strong></span> <span class='ocrx_word' id='word_1_291' title='bbox 1756 3718 1791 3771; x_wconf 85' lang='lat'>9</span> <span class='ocrx_word' id='word_1_292' title='bbox 1827 3733 1935 3771; x_wconf 90' lang='lat' dir='ltr'>non</span> <span class='ocrx_word' id='word_1_293' title='bbox 1974 3717 2116 3771; x_wconf 89' lang='lat' dir='ltr'>enim</span> <span class='ocrx_word' id='word_1_294' title='bbox 2154 3733 2187 3769; x_wconf 87' lang='lat' dir='ltr'>a</span> <span class='ocrx_word' id='word_1_295' title='bbox 2221 3714 2395 3785; x_wconf 85' lang='lat' dir='ltr'>nullo]</span> <span class='ocrx_word' id='word_1_296' title='bbox 2437 3732 2469 3767; x_wconf 87' lang='lat' dir='ltr'>a</span> <span class='ocrx_word' id='word_1_297' title='bbox 2502 3716 2653 3769; x_wconf 88' lang='lat' dir='ltr'>nullo</span> 
     </span>
     <span class='ocr_line' id='line_1_32' title="bbox 356 3804 2659 3873; baseline 0 -16"><span class='ocrx_word' id='word_1_298' title='bbox 356 3805 498 3858; x_wconf 89' lang='lat' dir='ltr'>enim</span> <span class='ocrx_word' id='word_1_299' title='bbox 535 3821 774 3873; x_wconf 88' lang='lat' dir='ltr'>unquam</span> <span class='ocrx_word' id='word_1_300' title='bbox 812 3805 868 3859; x_wconf 83' lang='lat' dir='ltr'><em>R</em></span> <span class='ocrx_word' id='word_1_301' title='bbox 1008 3806 1072 3859; x_wconf 92' lang='lat'>10</span> <span class='ocrx_word' id='word_1_302' title='bbox 1109 3822 1322 3873; x_wconf 87' lang='lat' dir='ltr'>semper</span> <span class='ocrx_word' id='word_1_303' title='bbox 1360 3822 1476 3859; x_wconf 81' lang='lat' dir='ltr'>esse</span> <span class='ocrx_word' id='word_1_304' title='bbox 1511 3805 1653 3859; x_wconf 79' lang='lat' dir='ltr'>P¹V</span> <span class='ocrx_word' id='word_1_305' title='bbox 1806 3806 1863 3858; x_wconf 90' lang='lat' dir='ltr'>in</span> <span class='ocrx_word' id='word_1_306' title='bbox 1898 3808 2051 3859; x_wconf 90' lang='lat' dir='ltr'>motu</span> <span class='ocrx_word' id='word_1_307' title='bbox 2086 3820 2198 3859; x_wconf 77' lang='lat' dir='ltr'>ras.</span> <span class='ocrx_word' id='word_1_308' title='bbox 2238 3821 2307 3859; x_wconf 80' lang='lat' dir='ltr'>ex</span> <span class='ocrx_word' id='word_1_309' title='bbox 2338 3805 2566 3857; x_wconf 89' lang='lat' dir='ltr'>immotu</span> <span class='ocrx_word' id='word_1_310' title='bbox 2601 3804 2659 3857; x_wconf 89' lang='lat' dir='ltr'><strong><em>P</em></strong></span> 
     </span>
     <span class='ocr_line' id='line_1_33' title="bbox 354 3893 2651 3961; baseline -0.001 -14"><span class='ocrx_word' id='word_1_311' title='bbox 354 3894 578 3947; x_wconf 77' lang='lat' dir='ltr'>immota</span> <span class='ocrx_word' id='word_1_312' title='bbox 619 3894 694 3947; x_wconf 93' lang='lat' dir='ltr'><strong><em>M</em></strong></span> <span class='ocrx_word' id='word_1_313' title='bbox 799 3896 862 3948; x_wconf 92' lang='lat'>11</span> <span class='ocrx_word' id='word_1_314' title='bbox 903 3895 1192 3949; x_wconf 84' lang='lat' dir='ltr'>conturbet</span> <span class='ocrx_word' id='word_1_315' title='bbox 1227 3894 1284 3947; x_wconf 91' lang='lat' dir='ltr'><strong><em>P</em></strong></span> <span class='ocrx_word' id='word_1_316' title='bbox 1392 3896 1457 3947; x_wconf 87' lang='lat'>12</span> <span class='ocrx_word' id='word_1_317' title='bbox 1496 3894 1723 3948; x_wconf 81' lang='lat' dir='ltr'>aninimi</span> <span class='ocrx_word' id='word_1_318' title='bbox 1759 3894 1814 3947; x_wconf 90' lang='lat' dir='ltr'><strong><em>A</em></strong></span> <span class='ocrx_word' id='word_1_319' title='bbox 1920 3895 1985 3949; x_wconf 90' lang='grc'>13</span> <span class='ocrx_word' id='word_1_320' title='bbox 2022 3896 2205 3947; x_wconf 81' lang='lat' dir='ltr'>autem</span> <span class='ocrx_word' id='word_1_321' title='bbox 2242 3910 2345 3948; x_wconf 87' lang='lat' dir='ltr'>om.</span> <span class='ocrx_word' id='word_1_322' title='bbox 2382 3893 2438 3946; x_wconf 90' lang='lat' dir='ltr'><em>P</em></span> <span class='ocrx_word' id='word_1_323' title='bbox 2544 3893 2651 3961; x_wconf 86' lang='lat' dir='ltr'>est]</span> 
     </span>
     <span class='ocr_line' id='line_1_34' title="bbox 357 3982 2651 4053; baseline -0.001 -15"><span class='ocrx_word' id='word_1_324' title='bbox 357 3988 417 4038; x_wconf 55' lang='grc' dir='ltr'><strong><em>ὦ</em></strong></span> <span class='ocrx_word' id='word_1_325' title='bbox 457 3984 661 4045; x_wconf 79' lang='lat' dir='ltr'>(altera</span> <span class='ocrx_word' id='word_1_326' title='bbox 699 4000 728 4037; x_wconf 91' lang='lat' dir='ltr'>e</span> <span class='ocrx_word' id='word_1_327' title='bbox 765 3984 908 4053; x_wconf 75' lang='lat' dir='ltr'>exp.)</span> <span class='ocrx_word' id='word_1_328' title='bbox 955 3984 1008 4038; x_wconf 92' lang='lat' dir='ltr'><em>V</em></span> <span class='ocrx_word' id='word_1_329' title='bbox 1163 3985 1228 4039; x_wconf 91' lang='lat'>15</span> <span class='ocrx_word' id='word_1_330' title='bbox 1269 3982 1404 4037; x_wconf 87' lang='lat' dir='ltr'>dicit</span> <span class='ocrx_word' id='word_1_331' title='bbox 1438 3983 1496 4037; x_wconf 89' lang='lat' dir='ltr'>id</span> <span class='ocrx_word' id='word_1_332' title='bbox 1533 3984 1711 4052; x_wconf 86' lang='lat' dir='ltr'>ipsum</span> <span class='ocrx_word' id='word_1_333' title='bbox 1748 3983 2037 4037; x_wconf 88' lang='lat' dir='ltr'>ueritatem</span> <span class='ocrx_word' id='word_1_334' title='bbox 2075 3986 2242 4051; x_wconf 83' lang='lat' dir='ltr'>atque</span> <span class='ocrx_word' id='word_1_335' title='bbox 2280 3982 2530 4035; x_wconf 81' lang='lat' dir='ltr'>ueritatis</span> <span class='ocrx_word' id='word_1_336' title='bbox 2568 3998 2651 4035; x_wconf 84' lang='lat' dir='ltr'>sa-</span> 
     </span>
     <span class='ocr_line' id='line_1_35' title="bbox 351 4070 2654 4141; baseline -0 -17"><span class='ocrx_word' id='word_1_337' title='bbox 351 4072 615 4141; x_wconf 85' lang='lat' dir='ltr'>pientiam</span> <span class='ocrx_word' id='word_1_338' title='bbox 653 4070 710 4125; x_wconf 81' lang='lat' dir='ltr'><strong><em>R</em></strong></span> <span class='ocrx_word' id='word_1_339' title='bbox 848 4073 912 4125; x_wconf 88' lang='lat'>16</span> <span class='ocrx_word' id='word_1_340' title='bbox 952 4071 1112 4141; x_wconf 90' lang='lat' dir='ltr'>quod,</span> <span class='ocrx_word' id='word_1_341' title='bbox 1149 4074 1280 4125; x_wconf 79' lang='lat' dir='ltr'>m.2</span> <span class='ocrx_word' id='word_1_342' title='bbox 1318 4071 1450 4141; x_wconf 89' lang='lat' dir='ltr'>quid</span> <span class='ocrx_word' id='word_1_343' title='bbox 1487 4072 1540 4125; x_wconf 93' lang='lat' dir='ltr'><em>P</em></span> <span class='ocrx_word' id='word_1_344' title='bbox 1680 4072 1899 4126; x_wconf 78' lang='lat' dir='ltr'>homine</span> <span class='ocrx_word' id='word_1_345' title='bbox 1939 4076 2037 4138; x_wconf 54' lang='grc' dir='ltr'>(ω</span> <span class='ocrx_word' id='word_1_346' title='bbox 2077 4072 2240 4138; x_wconf 76' lang='lat' dir='ltr'>eras.)</span> <span class='ocrx_word' id='word_1_347' title='bbox 2276 4070 2350 4123; x_wconf 89' lang='lat' dir='ltr'><strong><em>M</em></strong></span> <span class='ocrx_word' id='word_1_348' title='bbox 2472 4071 2538 4125; x_wconf 82' lang='lat'>21</span> <span class='ocrx_word' id='word_1_349' title='bbox 2580 4072 2654 4124; x_wconf 89' lang='lat' dir='ltr'>sit</span> 
     </span>
     <span class='ocr_line' id='line_1_36' title="bbox 352 4158 2652 4229; baseline -0 -16"><span class='ocrx_word' id='word_1_350' title='bbox 352 4160 418 4213; x_wconf 69' lang='lat' dir='ltr'>in</span> <span class='ocrx_word' id='word_1_351' title='bbox 443 4160 564 4229; x_wconf 79' lang='lat' dir='ltr'>fine</span> <span class='ocrx_word' id='word_1_352' title='bbox 599 4178 654 4213; x_wconf 83' lang='lat' dir='ltr'>u.</span> <span class='ocrx_word' id='word_1_353' title='bbox 693 4176 795 4213; x_wconf 86' lang='lat' dir='ltr'>om.</span> <span class='ocrx_word' id='word_1_354' title='bbox 834 4160 890 4213; x_wconf 92' lang='lat' dir='ltr'><em>P</em></span> <span class='ocrx_word' id='word_1_355' title='bbox 978 4161 1047 4215; x_wconf 83' lang='lat'>22</span> <span class='ocrx_word' id='word_1_356' title='bbox 1077 4159 1308 4214; x_wconf 87' lang='lat' dir='ltr'>informa</span> <span class='ocrx_word' id='word_1_357' title='bbox 1344 4159 1455 4213; x_wconf 90' lang='lat' dir='ltr'>AP</span> <span class='ocrx_word' id='word_1_358' title='bbox 1490 4164 1578 4227; x_wconf 86' lang='lat' dir='ltr'>(m.</span> <span class='ocrx_word' id='word_1_359' title='bbox 1601 4164 1641 4215; x_wconf 80' lang='lat'><strong><em>2</em></strong></span> <span class='ocrx_word' id='word_1_360' title='bbox 1676 4158 1949 4225; x_wconf 82' lang='lat' dir='ltr'>informia)</span> <span class='ocrx_word' id='word_1_361' title='bbox 2042 4160 2112 4213; x_wconf 89' lang='grc'>24</span> <span class='ocrx_word' id='word_1_362' title='bbox 2147 4158 2337 4227; x_wconf 85' lang='lat' dir='ltr'>negat]</span> <span class='ocrx_word' id='word_1_363' title='bbox 2373 4160 2560 4228; x_wconf 83' lang='lat' dir='ltr'>negati</span> <span class='ocrx_word' id='word_1_364' title='bbox 2597 4159 2652 4212; x_wconf 90' lang='lat' dir='ltr'><strong><em>A</em></strong></span> 
     </span>
     <span class='ocr_line' id='line_1_37' title="bbox 422 4246 2649 4319; baseline -0.001 -16"><span class='ocrx_word' id='word_1_365' title='bbox 422 4266 582 4319; x_wconf 87' lang='lat' dir='ltr'>posse</span> <span class='ocrx_word' id='word_1_366' title='bbox 619 4250 806 4318; x_wconf 76' lang='lat' dir='ltr'>flrm</span> <span class='ocrx_word' id='word_1_367' title='bbox 996 4248 1144 4318; x_wconf 85' lang='lat' dir='ltr'>quia]</span> <span class='ocrx_word' id='word_1_368' title='bbox 1187 4266 1324 4318; x_wconf 85' lang='lat' dir='ltr'>quae</span> <span class='ocrx_word' id='word_1_369' title='bbox 1362 4249 1417 4303; x_wconf 94' lang='lat' dir='ltr'><em>P</em></span> <span class='ocrx_word' id='word_1_370' title='bbox 1608 4266 1675 4303; x_wconf 85' lang='lat' dir='ltr'>ea</span> <span class='ocrx_word' id='word_1_371' title='bbox 1711 4267 1813 4305; x_wconf 83' lang='lat' dir='ltr'>om.</span> <span class='ocrx_word' id='word_1_372' title='bbox 1851 4249 1907 4303; x_wconf 90' lang='lat' dir='ltr'><strong><em>A</em></strong></span> <span class='ocrx_word' id='word_1_373' title='bbox 2087 4250 2155 4303; x_wconf 83' lang='lat'>25</span> <span class='ocrx_word' id='word_1_374' title='bbox 2195 4246 2491 4317; x_wconf 83' lang='lat' dir='ltr'>quidquam</span> <span class='ocrx_word' id='word_1_375' title='bbox 2529 4249 2649 4303; x_wconf 82' lang='lat' dir='ltr'>edd.</span> 
     </span>
     <span class='ocr_line' id='line_1_38' title="bbox 425 4338 1330 4408; baseline -0.001 -15"><span class='ocrx_word' id='word_1_376' title='bbox 425 4343 512 4393; x_wconf 84' lang='lat' dir='ltr'>est</span> <span class='ocrx_word' id='word_1_377' title='bbox 547 4354 724 4392; x_wconf 87' lang='lat' dir='ltr'>om.m</span> <span class='ocrx_word' id='word_1_378' title='bbox 869 4338 1237 4408; x_wconf 82' lang='lat' dir='ltr'>corporalibus</span> <span class='ocrx_word' id='word_1_379' title='bbox 1273 4338 1330 4392; x_wconf 78' lang='lat' dir='ltr'><em>R</em></span> 
     </span>
    </p>
   </div>
  </div>
 </body>
</html>
