3184 4959
1192 464 1724 532 epistularum
1782 464 1899 521 CII.
2559 471 2688 535 549

394 658 695 723 diuturno
738 660 1024 740 tempore
1070 659 1317 741 dilapsa
1362 659 1671 725 cadauera
1717 661 2046 729 suscitare.
2101 661 2499 728 incredibilia
2543 667 2694 728 sunt

395 764 553 830 haec
614 765 1018 849 quibusdam,
1086 767 1237 850 quia
1297 767 1638 852 inexperta,
1713 787 1858 833 cum
1926 769 2131 835 omnis
2197 773 2420 834 natura
2480 789 2689 834 rerum

395 876 529 936 tam
583 873 673 938 sit
723 873 907 956 plena
971 872 1315 952 miraculi8‚
1384 878 1461 939 ut
1512 895 1634 941 non
1691 876 1874 958 quasi
1926 875 2101 940 facili
2153 877 2692 961 peruestigatione

395 979 660 1045 rationis
708 979 819 1044 sed
864 978 1125 1045 uidendi
1164 980 1620 1046 consuetudine
1666 983 1826 1046 mira
1871 1001 1991 1047 non
2041 983 2170 1048 sint
2215 986 2407 1066 atque
2445 984 2524 1049 ob
2571 984 2694 1049 hoc

328 1108 359 1148 5
398 1105 513 1152 nec
562 1086 1063 1152 consideratione
1108 1105 1225 1152 nec
1268 1086 1685 1170 inquisitione
1733 1088 1926 1173 digna
1969 1089 2323 1155 uideantur.
2381 1111 2525 1155 nam
2574 1110 2690 1176 ego

400 1196 466 1258 et
501 1213 755 1258 mecum
787 1195 1169 1277 quicumque
1201 1193 1686 1260 inuisibilia
1723 1196 1849 1261 dei
1893 1215 2034 1278 per
2080 1215 2186 1277 ea,
2229 1217 2427 1280 quae
2471 1199 2694 1262 facta

402 1301 611 1376 sunt,
659 1299 1169 1383 intellegere
1216 1299 1586 1378 moliuntur,
1649 1303 1761 1365 aut
1816 1320 1940 1366 non
1997 1303 2210 1366 minus
2259 1305 2372 1366 aut
2415 1304 2692 1386 amplius

402 1405 787 1470 admiramur
830 1405 895 1470 in
938 1423 1065 1470 uno
1137 1407 1396 1471 seminis
1461 1410 1594 1472 tam
1658 1408 1925 1490 paruulo
1997 1427 2190 1492 grano
2257 1409 2484 1485 omnia,
2534 1427 2694 1492 quae

399 1510 739 1577 laudamus
792 1511 856 1576 in
925 1512 1165 1587 arbore,
1221 1516 1549 1596 tamquam
1605 1513 1822 1578 liciata
1883 1515 2170 1594 latuisse,
2231 1535 2420 1598 quam
2477 1515 2691 1580 mundi

312 1641 366 1682 ιο
402 1619 594 1684 huius
658 1621 791 1684 tam
865 1619 1189 1702 ingentem
1260 1618 1493 1698 sinum,
1562 1637 1722 1702 quae
1800 1621 1876 1685 de
1941 1621 2310 1704 corporibus
2377 1621 2692 1702 humanis,

404 1725 555 1790 dum
604 1725 989 1804 dilabuntur,
1029 1724 1329 1805 absumit,
1369 1727 1816 1792 resurrectioni
1862 1728 2114 1793 futurae
2159 1733 2296 1794 tota
2341 1732 2406 1794 et
2450 1728 2698 1814 integra

400 1831 817 1898 redditurum.

267 1946 311 2009 6
494 1938 633 2019 Quo
690 1937 879 2003 modo
937 1942 1149 2003 autem
1200 1939 1583 2005 contrarium
1644 1944 1744 2004 est
1799 1943 1862 2005 et·
1911 1941 2236 2007 Christum
2290 1945 2438 2024 post
2491 1961 2696 2008 resur-

400 2046 745 2111 rectionem
819 2046 1098 2110 cibatum
1184 2049 1250 2110 et
1329 2047 1392 2112 in
1474 2047 1956 2124 resurrectione,
2041 2067 2202 2130 quae
2281 2049 2697 2132 promittitur,

314 2175 368 2216 ιο
405 2152 691 2218 ciborum
744 2151 1160 2237 indigentiam
1214 2173 1337 2218 non
1390 2153 1696 2232 futuram,
1762 2173 1912 2219 cum
1968 2157 2032 2218 et
2087 2156 2346 2239 angelos
2403 2156 2696 2241 legamus

404 2257 687 2324 eiusdem
760 2259 935 2325 modi
998 2277 1179 2324 escas
1246 2260 1594 2343 eodemque
1667 2261 1856 2326 modo
1933 2262 2287 2343 sumpsisse
2359 2281 2483 2326 non
2547 2262 2696 2326 ficto

402 2367 845 2451 phantasmate
892 2367 1003 2431 sed
1038 2367 1567 2432 manifestissima
1603 2367 1876 2432 ueritate
1913 2387 2026 2432 nec
2063 2370 2276 2432 tamen
2316 2369 2698 2434 necessitate

404 2475 514 2540 sed
558 2478 921 2557 potestate?
976 2474 1161 2539 aliter
1207 2474 1371 2538 enim
1420 2476 1716 2540 absorbet
1761 2495 1985 2559 aquam
2033 2479 2202 2539 terra
2247 2476 2470 2540 sitiens
2520 2475 2704 2539 aliter

406 2582 561 2649 solis
623 2583 841 2646 radius
910 2581 1202 2658 candem,
1269 2581 1385 2646 illa
1446 2581 1800 2665 indigentia
1869 2582 1996 2646 iste
2069 2582 2373 2665 potentia.
2453 2582 2700 2647 futurae

312 2709 369 2750 2⁰
408 2709 554 2774 ergo
608 2689 1089 2754 resurrectionis
1138 2707 1367 2769 corpus
1413 2687 1802 2770 inperfectae
1845 2688 2174 2754 felicitat-is
2221 2689 2360 2766 erit,
2420 2688 2475 2753 si
2523 2689 2698 2754 cibos

406 2815 655 2863 sumere
710 2816 833 2861 non
888 2795 1189 2878 potuerit,
1254 2794 1637 2878 inperfectae
1689 2795 2040 2874 felicitatiS,
2107 2795 2162 2860 si
2217 2795 2376 2860 cibis
2434 2797 2697 2880 eguerit.

580 2985 615 3038 6
652 2986 805 3039 Rom.
846 2987 896 3051 1,
934 2985 1003 3038 20

478 3136 503 3189 1
546 3134 757 3197 cadere,
791 3153 858 3189 m.
882 3137 922 3188 2
959 3135 1223 3190 cadauera
1257 3135 1335 3189 Ρ2
1478 3137 1772 3189 suscitare*
1803 3136 2014 3203 (fuitne
2051 3135 2146 3202 r?)
2183 3137 2260 3190 M
2363 3138 2396 3191 3
2436 3137 2699 3206 peruesti·

402 3225 625 3294 gatione
662 3223 741 3277 1³³
809 3225 844 3278 4
882 3225 1067 3293 atque]
1109 3240 1245 3293 quae
1281 3225 1425 3294 Eaecq.
1536 3225 1628 3293 ob]
1670 3225 1736 3278 ab
1783 3225 1834 3278 G
1872 3223 1940 3278 ad
1969 3225 2029 3278 E
2097 3227 2129 3278 5
2157 3242 2249 3294 pr.
2285 3243 2386 3279 nec
2423 3242 2545 3289 om„
2581 3230 2703 3280 m.1

406 3313 537 3366 add.
578 3313 639 3366 Ε
668 3329 737 3366 ne
780 3311 833 3366 G
976 3311 1234 3367 uidentur
1268 3313 1413 3382 Euy.
1597 3315 1628 3367 6
1671 3313 1992 3382 quicumque
2030 3329 2238 3367 mecum
2276 3315 2337 3368 Ε
2477 3331 2542 3367 ea
2577 3330 2699 3378 om„

403 3419 471 3455 m.
495 3404 536 3455 2
572 3401 702 3455 add.
739 3399 853 3455 PG-
960 3403 991 3456 7
1026 3401 1347 3471 intellegere
1384 3402 1702 3471 moliuntur]
1740 3402 2024 3456 intellecta
2061 3403 2402 3472 conspiciunt
2427 3403 2569 3473 Euq.
2598 3419 2698 3458 sec.

404 3505 546 3546 sacr.
586 3491 690 3544 litt.
818 3490 852 3544 8
892 3489 1227 3544 admirantur
1262 3490 1418 3544 P1M
1450 3494 1612 3556 (corr.
1652 3496 1772 3544 m.1
1809 3491 2154 3558 admiramur)
2291 3493 2324 3546 9
2360 3493 2514 3547 licita
2549 3491 2704 3547 P¹P²

404 3580 557 3648 (m.2
590 3579 933 3646 liniamenta)
973 3578 1019 3633 S
1053 3582 1142 3645 (m.
1166 3583 1205 3632 2
1240 3579 1373 3633 alibi
1410 3579 1622 3648 liciata)
1658 3579 1796 3632 P³E
1905 3580 1970 3634 10
2007 3579 2444 3634 tam—humanis
2481 3597 2584 3635 om.
2626 3581 2700 3635 P¹

478 3669 570 3738 qui
606 3669 667 3722 Ε
846 3667 907 3722 11
950 3667 1078 3722 dum
1114 3685 1238 3732 οη,
1275 3685 1344 3723 m.
1368 3673 1398 3721 1
1437 3668 1567 3722 add.
1605 3667 1684 3722 Ρ2
1873 3669 2101 3722 assumit
2135 3668 2547 3724 HMACPGE
2578 3669 2699 3725 edd.

406 3757 645 3812 adsumit
679 3756 932 3826 Euyippi
966 3757 1084 3813 cod.
1123 3757 1314 3811 Paris.
1351 3760 1539 3810 11642
1645 3758 2044 3811 resurrectione
2081 3757 2266 3810 futura
2299 3756 2547 3826 Eugippi
2583 3757 2701 3813 cod.

413 3845 540 3901 Vat.
648 3847 863 3900 futurae
900 3863 1003 3901 om.
1041 3847 1103 3900 Ε
1199 3847 1267 3900 14
1302 3847 1359 3899 in
1397 3863 1500 3900 om.
1539 3845 1609 3900 H
1706 3847 1771 3900 15
1811 3846 2041 3915 angelis,
2077 3862 2147 3898 m.
2170 3849 2201 3899 1
2237 3860 2374 3898 corr.
2413 3845 2635 3914 angelos
2661 3843 2708 3900 S

407 3937 473 3992 16
514 3937 627 3989 eius
653 3934 904 4002 Euqippi
938 3933 1056 3990 cod.
1086 3933 1257 4003 Sany.
1286 3938 1401 3988 176
1440 3941 1491 3988 et
1516 3935 1707 3988 Paris.
1735 3938 1920 3988 11642
1949 3934 2109 3986 huius
2139 3932 2389 4001 Euyippi
2415 3931 2534 3986 cod.
2575 3930 2700 3986 Vat.

475 4024 626 4093 ficto]
666 4023 814 4076 facto
852 4023 928 4076 M
958 4023 1087 4076 ficto
1127 4027 1183 4078 et
1218 4024 1371 4077 inani
1408 4024 1529 4077 edd.
1645 4023 1710 4077 18
1750 4027 1927 4077 autem
1967 4022 2029 4076 Ε
2167 4018 2414 4074 absorbit
2439 4019 2508 4073 H
2541 4023 2701 4085 (corr.

403 4112 519 4166 uid.
560 4111 837 4181 absorbet)
874 4111 947 4164 M
980 4115 1141 4177 (corr.
1184 4111 1457 4178 absorbet)
1504 4111 1556 4166 G
1591 4111 1744 4182 (ΜΣ
1780 4110 2053 4175 absorbet)
2249 4107 2703 4178 aquam!¹aquam

408 4202 643 4255 alterum
680 4199 783 4254 del.
822 4201 900 4254 Ρ2
1057 4204 1203 4254 terra
1241 4217 1437 4270 aquam
1476 4200 1598 4255 edd.
1739 4201 1804 4253 19
1844 4199 2024 4253 calens
2069 4197 2167 4252 GP
2202 4201 2335 4263 (ras.
2375 4213 2443 4252 ex
2480 4196 2700 4263 cadens)

475 4289 598 4355 ista,
636 4307 705 4345 m.
728 4293 767 4343 2
802 4291 909 4344 iste
946 4288 1146 4344 P²SP³
1180 4290 1287 4343 ista
1324 4289 1395 4343 Ρ1
1544 4290 1616 4344 20
1654 4287 1986 4358 „perfectae
2027 4287 2162 4354 (fuit
2197 4288 2276 4353 in)
2315 4285 2374 4339 Η
2533 4287 2702 4340 facul-

406 4378 540 4432 tatis
585 4378 632 4433 0
772 4379 943 4440 cibus,
980 4379 1079 4434 sed
1113 4397 1137 4432 s
1174 4380 1237 4432 in
1271 4395 1386 4436 ras,
1424 4396 1492 4432 m.
1516 4381 1557 4432 2
1599 4377 1646 4432 0
