3184 4959
482 420 610 484 468
1208 415 1264 468 S.
1320 414 1593 468 Aureli
1647 411 2085 482 Augustini

480 612 609 676 ista
672 629 849 688 uoce,
917 608 1105 674 rideri
1168 610 1231 673 te
1297 607 1535 672 metuis
1601 611 1685 686 et,
1753 627 1900 672 cum
1955 625 2030 672 ea
2083 625 2206 671 non
2263 625 2459 684 careS,
2515 605 2664 671 flere
2719 609 2784 670 te

483 738 605 785 non
652 717 795 783 uis?

380 835 463 898 23
574 827 854 890 Acutum
938 826 1154 888 autem
1236 821 1479 904 aliquid
1560 821 1800 886 uideris
1885 821 2111 894 dicere,
2197 839 2344 886 cum
2438 819 2785 885 catholicae

486 951 711 996 nomen
768 950 889 996 non
948 951 1019 996 ex
1073 931 1278 996 totius
1335 928 1505 993 orbis
1564 927 2009 993 communione
2065 927 2497 1009 interpretaris
2553 924 2665 991 sed
2712 945 2786 990 ex

487 1037 929 1104 obseruatione
976 1038 1459 1120 praeceptorum
1508 1035 1792 1099 omnium
1841 1033 2198 1098 diuinorum
2255 1036 2445 1116 atque
2503 1032 2782 1099 omnium
2845 1057 2874 1098 s

486 1147 1047 1221 sacramentorum,
1116 1143 1297 1226 quasi
1365 1161 1502 1219 noe,
1570 1141 1764 1205 etiam
1821 1140 1878 1206 si
1932 1139 2094 1204 forte
2142 1141 2287 1206 hinc
2337 1140 2424 1206 sit
2471 1140 2786 1224 appellata

487 1250 819 1328 catholica,
888 1249 1057 1332 quod
1120 1251 1329 1313 totum
1395 1247 1708 1312 ueraciter
1769 1251 2001 1322 teneat,
2059 1247 2244 1312 cuius
2300 1246 2594 1312 ueritatis
2639 1265 2788 1311 non-

488 1357 698 1422 nullae
770 1355 1119 1440 particulae
1194 1355 1385 1420 etiam
1459 1354 1522 1418 in
1590 1353 1861 1419 diuersis
1926 1353 2335 1420 inueniuntur
2396 1353 2788 1428 haeresibuS,

490 1464 680 1528 huius
746 1463 1018 1529 nominis
1083 1461 1452 1527 testimonio
1518 1461 1786 1526 nitimur
1845 1459 1925 1524 ad
1982 1458 2534 1526 demonstrandam
2591 1461 2788 1524 eccle-

491 1569 651 1633 siam
728 1569 790 1632 in
867 1569 1161 1632 omnibus
1237 1567 1535 1651 gentibus
1613 1569 1678 1630 et
1749 1584 1874 1630 non
1949 1567 2284 1648 promissis
2361 1566 2462 1630 dei
2527 1569 2594 1630 et
2655 1569 2784 1630 tam
2829 1593 2878 1630 ιο

490 1675 713 1740 multis
761 1678 1017 1756 tamque
1066 1673 1419 1738 manifestis
1469 1673 1744 1738 oraculis
1789 1673 1994 1756 ipsius
2041 1672 2354 1737 ueritatis,
2403 1672 2518 1738 sed
2563 1691 2788 1756 nempe

490 1784 609 1848 hoc
666 1785 768 1846 est
826 1784 1057 1856 totum,
1117 1781 1287 1864 quod
1340 1781 1523 1847 nobis
1586 1780 1966 1864 persuadere
2015 1780 2282 1858 conaris,
2331 1781 2504 1846 solos
2549 1799 2795 1844 reman-

492 1887 653 1954 sisse
702 1888 1092 1972 Rogatista5‚
1141 1887 1250 1970 qui
1298 1888 1598 1953 catholici
1643 1889 1816 1952 recte
1862 1887 2221 1970 appellandi
2269 1887 2399 1951 sint
2453 1905 2526 1952 ex
2579 1887 2792 1952 obser-

492 1995 747 2060 uatione
840 1997 1319 2078 praeceptorum
1412 1993 1692 2059 omnium
1789 1993 2150 2059 diuinorum
2233 1997 2427 2077 atque
2509 1993 2790 2060 omnium

494 2104 1052 2179 sacramentorum,
1122 2103 1186 2166 et
1249 2119 1367 2165 uos
1424 2118 1563 2166 esse
1621 2101 1814 2179 solos,
1862 2101 1924 2165 in
1973 2101 2205 2184 quibus
2251 2100 2536 2166 inueniat
2579 2099 2790 2178 fidem,
2829 2127 2880 2165 ιε,

497 2229 643 2276 cum
706 2209 955 2274 uenerit
1015 2208 1185 2273 filius
1242 2207 1537 2276 hominis.
1605 2209 1686 2273 da
1737 2208 2013 2284 ueniam,
2071 2228 2192 2274 non
2241 2207 2576 2274 credimus,
2643 2207 2796 2272 licet

500 2317 666 2382 enim
707 2321 771 2381 et
817 2317 935 2382 hoc
982 2316 1215 2382 audeas
1264 2315 1528 2381 forsitan
1570 2315 1798 2393 dicere,
1846 2318 1922 2380 ut
1957 2316 2019 2381 in
2061 2315 2245 2380 uobis
2283 2315 2491 2398 possit
2525 2314 2794 2379 inueniri

496 2422 677 2502 fides,
727 2443 918 2506 quam
974 2442 1041 2488 se
1096 2423 1159 2488 in
1216 2425 1383 2488 ten-a
1444 2441 1564 2487 non
1624 2423 2034 2488 inuenturum
2083 2422 2377 2488 dominus
2427 2421 2604 2497 dixit,
2670 2439 2791 2484 non

498 2548 616 2596 uos
652 2529 713 2594 in
756 2533 921 2594 terra
958 2529 1070 2594 sed
1105 2529 1171 2594 in
1210 2529 1382 2594 caelo
1425 2549 1564 2593 esse
1604 2528 2020 2611 deputandoS,
2059 2548 2174 2594 nos
2213 2532 2422 2594 tamen
2465 2528 2794 2613 apostolus

495 2637 589 2702 ita
642 2641 866 2701 cautos
921 2635 1215 2712 reddidit,
1282 2640 1357 2701 ut
1411 2637 1600 2702 etiam
1661 2637 1958 2721 angelum
2015 2635 2092 2700 de
2148 2636 2322 2700 caelo
2380 2635 2566 2701 nobis
2621 2633 2796 2700 alind
2831 2661 2886 2702 20

500 2743 1063 2828 euangelizantem,
1120 2746 1563 2826 praeterquam
1609 2742 1780 2826 quod
1827 2743 2210 2827 accepimu8‚
2269 2742 2604 2808 anathema
2655 2759 2796 2806 esse

502 2849 729 2914 debere
766 2850 1177 2934 praeceperit.
1225 2868 1349 2933 quo
1398 2849 1584 2916 modo
1627 2853 1840 2915 autem
1871 2849 2129 2916 fidimus
2169 2868 2240 2914 ex
2278 2847 2514 2914 diuinis
2561 2847 2794 2912 litteris

504 2956 825 3038 accepisse
884 2973 996 3020 nos
1056 2955 1383 3021 Christum
1438 2957 1872 3033 manifestum,
1941 2956 1996 3022 si
2051 2975 2175 3022 non
2231 2955 2375 3020 inde
2433 2954 2798 3037 accepimus

504 3064 568 3126 et
623 3061 957 3128 ecclesiam
1014 3063 1459 3130 manifestam?
1526 3063 1848 3146 quaslibet
1903 3064 2176 3146 quisque
2233 3081 2416 3128 ansas
2473 3067 2536 3126 et
2597 3079 2797 3126 uncos

504 3167 807 3234 aduersus
884 3167 1363 3250 simplicitatem
1440 3169 1732 3234 ueritatis
1805 3171 2061 3248 intexat,
2139 3168 2461 3252 quaslibet
2533 3166 2797 3232 nebulas
2835 3199 2890 3236 2⁵

684 3399 749 3452 15
786 3397 916 3452 Luc.
959 3397 1042 3466 18,
1082 3399 1115 3452 8
1230 3399 1294 3452 19
1335 3397 1451 3453 Gal.
1496 3401 1543 3461 1,
1583 3401 1616 3452 8

577 3521 603 3574 1
646 3537 827 3575 careas
866 3521 986 3575 edd.
1169 3522 1285 3575 fieri
1323 3522 1444 3576 edd.
1480 3529 1762 3592 praetera
1946 3525 1978 3578 3
2019 3523 2226 3592 aliquid
2265 3529 2448 3580 autem
2487 3533 2708 3583 acutum
2743 3529 2800 3584 R

574 3609 755 3664 dicere
790 3609 992 3664 uideris
1020 3609 1077 3665 R
1112 3611 1219 3664 tibi
1255 3609 1459 3664 uideris
1498 3611 1750 3666 dicerem
1823 3615 1856 3666 6
1885 3613 2035 3682 hinc]
2075 3614 2142 3668 ob
2183 3615 2284 3668 hoc
2317 3615 2374 3670 R
2411 3633 2480 3670 ue
2507 3617 2563 3671 P
2634 3618 2664 3671 '7
2696 3635 2800 3688 quo

504 3701 680 3750 totum
717 3697 843 3753 MR
882 3715 986 3769 quo
1025 3701 1205 3753 tutum
1246 3702 1293 3752 A
1452 3701 1487 3754 8
1523 3700 1774 3765 hei-ebus,
1812 3718 1880 3756 m.
1905 3705 1944 3754 2
1979 3701 2261 3756 heresibus
2298 3705 2366 3758 Μ
2527 3707 2560 3759 9
2597 3706 2804 3760 utimur

510 3785 659 3839 OPL
696 3787 935 3841 nitamur
972 3787 1093 3841 edd.
1121 3793 1411 3856 praetera
1554 3788 2032 3844 demonstrandum
2059 3790 2114 3845 L
2152 3792 2271 3848 edd.
2387 3793 2454 3848 10
2481 3793 2535 3847 in
2566 3811 2669 3850 om.
2697 3795 2802 3849 PL

578 3878 633 3928 et
668 3877 805 3946 tam]
851 3877 1017 3931 etiam
1052 3876 1287 3933 MAPR
1426 3879 1493 3933 12
1533 3879 1766 3948 conaris]
1809 3880 1960 3949 cupis
1997 3879 2050 3933 L
2199 3880 2266 3934 13
2303 3887 2432 3936 sunt
2465 3883 2572 3937 PL
2717 3885 2804 3953 ex]

506 3968 564 4016 et
597 3963 651 4017 L
836 3967 900 4020 15
938 3966 1102 4029 solus,
1150 3982 1289 4020 corr.
1328 3971 1450 4023 m.1
1494 3967 1640 4022 solos
1677 3967 1752 4022 M
1931 3970 1996 4024 17
2035 3968 2254 4029 audeat,
2291 3975 2422 4025 m.2
2468 3971 2716 4026 audeatis
2759 3973 2808 4027 G

509 4051 575 4105 18
610 4052 903 4108 inuentum
942 4057 999 4120 (u
1034 4071 1102 4110 ex
1138 4071 1277 4110 corr.
1313 4071 1381 4110 m.
1406 4059 1466 4124 2)
1504 4056 1562 4110 P
1719 4058 1851 4127 non]
1889 4060 1946 4112 et
1981 4075 2092 4112 non
2125 4058 2234 4112 PL
2381 4059 2449 4114 19
2487 4061 2662 4115 caelos
2707 4060 2807 4115 ΟΡ

506 4141 570 4194 21
602 4144 787 4210 preter
814 4142 1033 4212 quodA
1060 4147 1441 4214 praeterquam
1470 4149 1600 4211 (om.
1632 4145 1798 4215 quod)
1829 4147 1877 4201 G
1899 4163 2059 4216 quam
2091 4147 2238 4217 quod
2265 4147 2348 4214 R,·
2377 4149 2450 4218 cf.
2470 4167 2532 4218 p.
2567 4153 2702 4215 469,
2729 4153 2806 4206 10

578 4228 773 4284 debere
814 4247 929 4286 esse
968 4231 1087 4286 edd.
1248 4235 1317 4287 22
1357 4233 1674 4288 confidimus
1709 4235 1832 4290 edd.
2014 4252 2078 4290 ex
2114 4252 2218 4290 om.
2255 4235 2312 4292 R
2466 4239 2538 4292 24
2571 4237 2802 4293 manife-

508 4321 705 4372 statam
748 4319 799 4372 L
