<?xml version="1.0" encoding="UTF-8"?>
<!DOCTYPE html PUBLIC "-//W3C//DTD XHTML 1.0 Transitional//EN"
    "http://www.w3.org/TR/xhtml1/DTD/xhtml1-transitional.dtd">
<html xmlns="http://www.w3.org/1999/xhtml" xml:lang="en" lang="en">
 <head>
  <title>
</title>
<meta http-equiv="Content-Type" content="text/html;charset=utf-8" />
  <meta name='ocr-system' content='tesseract 3.04.00' />
  <meta name='ocr-capabilities' content='ocr_page ocr_carea ocr_par ocr_line ocrx_word'/>
</head>
<body>
  <div class='ocr_page' id='page_1' title='image "./corpusscriptoru26wiengoog_0726.png"; bbox 0 0 3184 4959; ppageno 0'>
   <div class='ocr_carea' id='block_1_1' title="bbox 580 428 2165 497">
    <p class='ocr_par' dir='ltr' id='par_1_1' title="bbox 580 428 2165 497">
     <span class='ocr_line' id='line_1_1' title="bbox 580 428 2165 497; baseline -0.004 -10"><span class='ocrx_word' id='word_1_1' title='bbox 580 432 705 496; x_wconf 87' lang='grc'>700</span> <span class='ocrx_word' id='word_1_2' title='bbox 1290 430 1345 481; x_wconf 86' lang='lat' dir='ltr'>S.</span> <span class='ocrx_word' id='word_1_3' title='bbox 1401 428 1676 482; x_wconf 76' lang='lat' dir='ltr'>Aureli</span> <span class='ocrx_word' id='word_1_4' title='bbox 1732 428 2165 497; x_wconf 81' lang='lat' dir='ltr'><strong>Augustini</strong></span> 
     </span>
    </p>
   </div>
   <div class='ocr_carea' id='block_1_2' title="bbox 573 624 2981 2737">
    <p class='ocr_par' dir='ltr' id='par_1_2' title="bbox 575 624 2885 925">
     <span class='ocr_line' id='line_1_2' title="bbox 576 624 2885 709; baseline 0 -20"><span class='ocrx_word' id='word_1_5' title='bbox 576 645 816 690; x_wconf 81' lang='lat' dir='ltr'>errasse</span> <span class='ocrx_word' id='word_1_6' title='bbox 856 644 1191 709; x_wconf 83' lang='lat' dir='ltr'>cognoscO,</span> <span class='ocrx_word' id='word_1_7' title='bbox 1244 626 1350 709; x_wconf 89' lang='lat' dir='ltr'>qui</span> <span class='ocrx_word' id='word_1_8' title='bbox 1399 626 1842 690; x_wconf 82' lang='lat' dir='ltr'>auctoritatem</span> <span class='ocrx_word' id='word_1_9' title='bbox 1890 626 2251 689; x_wconf 76' lang='lat' dir='ltr'>sanctitatis</span> <span class='ocrx_word' id='word_1_10' title='bbox 2300 631 2446 689; x_wconf 89' lang='lat' dir='ltr'>tuae</span> <span class='ocrx_word' id='word_1_11' title='bbox 2494 624 2615 689; x_wconf 88' lang='lat' dir='ltr'>fide</span> <span class='ocrx_word' id='word_1_12' title='bbox 2664 626 2885 709; x_wconf 87' lang='lat' dir='ltr'>magis</span> 
     </span>
     <span class='ocr_line' id='line_1_3' title="bbox 577 732 2883 816; baseline -0.001 -19"><span class='ocrx_word' id='word_1_13' title='bbox 577 732 756 815; x_wconf 88' lang='lat' dir='ltr'>sequi</span> <span class='ocrx_word' id='word_1_14' title='bbox 794 734 943 797; x_wconf 92' lang='lat' dir='ltr'>uolo</span> <span class='ocrx_word' id='word_1_15' title='bbox 984 752 1168 813; x_wconf 89' lang='lat' dir='ltr'>quam</span> <span class='ocrx_word' id='word_1_16' title='bbox 1219 733 1482 797; x_wconf 89' lang='lat' dir='ltr'>rationis</span> <span class='ocrx_word' id='word_1_17' title='bbox 1521 732 1707 797; x_wconf 90' lang='lat' dir='ltr'>corde</span> <span class='ocrx_word' id='word_1_18' title='bbox 1746 739 2083 815; x_wconf 82' lang='lat' dir='ltr'>conceptae</span> <span class='ocrx_word' id='word_1_19' title='bbox 2130 734 2293 797; x_wconf 87' lang='lat' dir='ltr'>falsa</span> <span class='ocrx_word' id='word_1_20' title='bbox 2336 732 2613 816; x_wconf 82' lang='lat' dir='ltr'>imagine</span> <span class='ocrx_word' id='word_1_21' title='bbox 2653 732 2883 815; x_wconf 86' lang='lat' dir='ltr'>depra—</span> 
     </span>
     <span class='ocr_line' id='line_1_4' title="bbox 575 839 2579 925; baseline -0 -21"><span class='ocrx_word' id='word_1_22' title='bbox 575 840 732 914; x_wconf 84' lang='lat' dir='ltr'>uari,</span> <span class='ocrx_word' id='word_1_23' title='bbox 781 841 1054 923; x_wconf 88' lang='lat' dir='ltr'>primum</span> <span class='ocrx_word' id='word_1_24' title='bbox 1101 840 1164 903; x_wconf 92' lang='lat' dir='ltr'>in</span> <span class='ocrx_word' id='word_1_25' title='bbox 1212 844 1448 903; x_wconf 90' lang='lat' dir='ltr'>memet</span> <span class='ocrx_word' id='word_1_26' title='bbox 1491 839 1655 921; x_wconf 87' lang='lat' dir='ltr'>ipsc,</span> <span class='ocrx_word' id='word_1_27' title='bbox 1706 840 1933 903; x_wconf 86' lang='lat' dir='ltr'>dehinc</span> <span class='ocrx_word' id='word_1_28' title='bbox 1979 841 2041 903; x_wconf 86' lang='lat' dir='ltr'>in</span> <span class='ocrx_word' id='word_1_29' title='bbox 2087 840 2268 905; x_wconf 87' lang='lat' dir='ltr'>libris</span> <span class='ocrx_word' id='word_1_30' title='bbox 2318 841 2579 925; x_wconf 84' lang='lat' dir='ltr'>corrige.</span> 
     </span>
    </p>

    <p class='ocr_par' dir='ltr' id='par_1_3' title="bbox 573 946 2981 2737">
     <span class='ocr_line' id='line_1_5' title="bbox 661 946 2885 1031; baseline -0.001 -20"><span class='ocrx_word' id='word_1_31' title='bbox 661 948 798 1031; x_wconf 87' lang='lat' dir='ltr'>Ego</span> <span class='ocrx_word' id='word_1_32' title='bbox 857 947 912 1011; x_wconf 92' lang='lat' dir='ltr'>si</span> <span class='ocrx_word' id='word_1_33' title='bbox 961 947 1214 1030; x_wconf 90' lang='lat' dir='ltr'>quidem</span> <span class='ocrx_word' id='word_1_34' title='bbox 1270 947 1336 1011; x_wconf 90' lang='lat' dir='ltr'>in</span> <span class='ocrx_word' id='word_1_35' title='bbox 1385 947 1849 1029; x_wconf 88' lang='lat' dir='ltr'>circumspecta</span> <span class='ocrx_word' id='word_1_36' title='bbox 1895 946 2235 1012; x_wconf 83' lang='lat' dir='ltr'><strong>admodum</strong></span> <span class='ocrx_word' id='word_1_37' title='bbox 2292 946 2704 1029; x_wconf 87' lang='lat' dir='ltr'>simplicitate</span> <span class='ocrx_word' id='word_1_38' title='bbox 2767 964 2885 1009; x_wconf 91' lang='lat' dir='ltr'>au-</span> 
     </span>
     <span class='ocr_line' id='line_1_6' title="bbox 575 1052 2981 1137; baseline 0 -24"><span class='ocrx_word' id='word_1_39' title='bbox 575 1054 750 1118; x_wconf 80' lang='lat' dir='ltr'>diens</span> <span class='ocrx_word' id='word_1_40' title='bbox 829 1054 1215 1137; x_wconf 82' lang='lat' dir='ltr'>credensque</span> <span class='ocrx_word' id='word_1_41' title='bbox 1291 1053 1617 1117; x_wconf 90' lang='lat' dir='ltr'>dominum</span> <span class='ocrx_word' id='word_1_42' title='bbox 1680 1054 1895 1117; x_wconf 88' lang='lat' dir='ltr'>Iesum</span> <span class='ocrx_word' id='word_1_43' title='bbox 1969 1054 2181 1117; x_wconf 88' lang='lat' dir='ltr'>lumen</span> <span class='ocrx_word' id='word_1_44' title='bbox 2250 1072 2389 1117; x_wconf 88' lang='lat' dir='ltr'>esse</span> <span class='ocrx_word' id='word_1_45' title='bbox 2456 1053 2531 1117; x_wconf 89' lang='lat' dir='ltr'>de</span> <span class='ocrx_word' id='word_1_46' title='bbox 2602 1052 2881 1122; x_wconf 73' lang='lat' dir='ltr'>lumine,</span> <span class='ocrx_word' id='word_1_47' title='bbox 2958 1078 2981 1113; x_wconf 70' lang='lat' dir='ltr'>s</span> 
     </span>
     <span class='ocr_line' id='line_1_7' title="bbox 575 1160 2885 1243; baseline -0 -20"><span class='ocrx_word' id='word_1_48' title='bbox 575 1162 746 1225; x_wconf 89' lang='lat' dir='ltr'>sicut</span> <span class='ocrx_word' id='word_1_49' title='bbox 799 1160 1102 1243; x_wconf 86' lang='lat' dir='ltr'>scriptum</span> <span class='ocrx_word' id='word_1_50' title='bbox 1163 1164 1290 1225; x_wconf 84' lang='lat' dir='ltr'>est:</span> <span class='ocrx_word' id='word_1_51' title='bbox 1359 1160 1569 1223; x_wconf 90' lang='lat' dir='ltr'>Bene</span> <span class='ocrx_word' id='word_1_52' title='bbox 1628 1162 2002 1225; x_wconf 84' lang='lat' dir='ltr'>nuntiate</span> <span class='ocrx_word' id='word_1_53' title='bbox 2060 1160 2265 1224; x_wconf 89' lang='lat' dir='ltr'>diem</span> <span class='ocrx_word' id='word_1_54' title='bbox 2325 1160 2413 1225; x_wconf 88' lang='lat' dir='ltr'>de</span> <span class='ocrx_word' id='word_1_55' title='bbox 2471 1160 2597 1223; x_wconf 87' lang='lat' dir='ltr'>die</span> <span class='ocrx_word' id='word_1_56' title='bbox 2666 1160 2885 1223; x_wconf 85' lang='lat' dir='ltr'>salu·</span> 
     </span>
     <span class='ocr_line' id='line_1_8' title="bbox 575 1266 2883 1350; baseline -0 -20"><span class='ocrx_word' id='word_1_57' title='bbox 575 1270 744 1331; x_wconf 87' lang='lat' dir='ltr'>tare</span> <span class='ocrx_word' id='word_1_58' title='bbox 801 1267 978 1331; x_wconf 90' lang='lat' dir='ltr'>eius</span> <span class='ocrx_word' id='word_1_59' title='bbox 1047 1271 1114 1331; x_wconf 90' lang='lat' dir='ltr'>et</span> <span class='ocrx_word' id='word_1_60' title='bbox 1174 1268 1237 1331; x_wconf 90' lang='lat' dir='ltr'>in</span> <span class='ocrx_word' id='word_1_61' title='bbox 1297 1266 1623 1350; x_wconf 79' lang='lat' dir='ltr'>Sapientia</span> <span class='ocrx_word' id='word_1_62' title='bbox 1672 1267 2055 1333; x_wconf 87' lang='lat' dir='ltr'>Salomonis:</span> <span class='ocrx_word' id='word_1_63' title='bbox 2116 1266 2427 1331; x_wconf 86' lang='lat' dir='ltr'>Candor</span> <span class='ocrx_word' id='word_1_64' title='bbox 2482 1269 2608 1329; x_wconf 91' lang='lat' dir='ltr'>est</span> <span class='ocrx_word' id='word_1_65' title='bbox 2661 1266 2883 1329; x_wconf 86' lang='lat' dir='ltr'>enim</span> 
     </span>
     <span class='ocr_line' id='line_1_9' title="bbox 573 1373 2889 1455; baseline -0.001 -17"><span class='ocrx_word' id='word_1_66' title='bbox 573 1374 791 1439; x_wconf 89' lang='lat' dir='ltr'>lucis</span> <span class='ocrx_word' id='word_1_67' title='bbox 857 1378 1252 1453; x_wconf 80' lang='lat' dir='ltr'>aeternae,</span> <span class='ocrx_word' id='word_1_68' title='bbox 1323 1374 1651 1439; x_wconf 83' lang='lat' dir='ltr'>credebam</span> <span class='ocrx_word' id='word_1_69' title='bbox 1720 1375 1929 1446; x_wconf 86' lang='lat' dir='ltr'>deum,</span> <span class='ocrx_word' id='word_1_70' title='bbox 2005 1374 2174 1455; x_wconf 89' lang='lat' dir='ltr'>quod</span> <span class='ocrx_word' id='word_1_71' title='bbox 2236 1374 2393 1437; x_wconf 84' lang='lat' dir='ltr'>licet</span> <span class='ocrx_word' id='word_1_72' title='bbox 2452 1373 2727 1449; x_wconf 87' lang='lat' dir='ltr'>credere,</span> <span class='ocrx_word' id='word_1_73' title='bbox 2804 1382 2889 1436; x_wconf 87' lang='lat' dir='ltr'>ut</span> 
     </span>
     <span class='ocr_line' id='line_1_10' title="bbox 576 1478 2885 1563; baseline -0.001 -19"><span class='ocrx_word' id='word_1_74' title='bbox 576 1480 836 1563; x_wconf 88' lang='lat' dir='ltr'>dignum</span> <span class='ocrx_word' id='word_1_75' title='bbox 878 1482 997 1558; x_wconf 87' lang='lat' dir='ltr'>est,</span> <span class='ocrx_word' id='word_1_76' title='bbox 1044 1500 1162 1545; x_wconf 91' lang='lat' dir='ltr'>non</span> <span class='ocrx_word' id='word_1_77' title='bbox 1213 1482 1524 1557; x_wconf 85' lang='lat' dir='ltr'>ualebam,</span> <span class='ocrx_word' id='word_1_78' title='bbox 1571 1484 1781 1545; x_wconf 85' lang='lat' dir='ltr'>tamen</span> <span class='ocrx_word' id='word_1_79' title='bbox 1832 1499 1973 1544; x_wconf 91' lang='lat' dir='ltr'>esse</span> <span class='ocrx_word' id='word_1_80' title='bbox 2018 1479 2501 1545; x_wconf 88' lang='lat' dir='ltr'>inaestimabilis</span> <span class='ocrx_word' id='word_1_81' title='bbox 2540 1478 2885 1543; x_wconf 83' lang='lat' dir='ltr'>cuiusdam</span> 
     </span>
     <span class='ocr_line' id='line_1_11' title="bbox 575 1586 2979 1670; baseline -0.002 -18"><span class='ocrx_word' id='word_1_82' title='bbox 575 1586 740 1652; x_wconf 87' lang='lat' dir='ltr'>lucis</span> <span class='ocrx_word' id='word_1_83' title='bbox 785 1587 1096 1651; x_wconf 87' lang='lat' dir='ltr'>infinitam</span> <span class='ocrx_word' id='word_1_84' title='bbox 1145 1586 1669 1670; x_wconf 85' lang='lat' dir='ltr'>magnitudinem,</span> <span class='ocrx_word' id='word_1_85' title='bbox 1722 1588 1904 1651; x_wconf 91' lang='lat' dir='ltr'>cuius</span> <span class='ocrx_word' id='word_1_86' title='bbox 1952 1606 2066 1651; x_wconf 89' lang='lat' dir='ltr'>nec</span> <span class='ocrx_word' id='word_1_87' title='bbox 2117 1588 2490 1669; x_wconf 86' lang='lat' dir='ltr'>qualitatem</span> <span class='ocrx_word' id='word_1_88' title='bbox 2536 1587 2887 1651; x_wconf 81' lang='lat' dir='ltr'>aestimare</span> <span class='ocrx_word' id='word_1_89' title='bbox 2932 1608 2979 1648; x_wconf 81' lang='grc' dir='ltr'>ιο</span> 
     </span>
     <span class='ocr_line' id='line_1_12' title="bbox 575 1692 2889 1777; baseline 0 -20"><span class='ocrx_word' id='word_1_90' title='bbox 575 1713 692 1759; x_wconf 89' lang='lat' dir='ltr'>nec</span> <span class='ocrx_word' id='word_1_91' title='bbox 731 1696 1151 1777; x_wconf 86' lang='lat' dir='ltr'>quantitatem</span> <span class='ocrx_word' id='word_1_92' title='bbox 1187 1695 1400 1759; x_wconf 85' lang='lat' dir='ltr'>metiri</span> <span class='ocrx_word' id='word_1_93' title='bbox 1437 1712 1552 1757; x_wconf 91' lang='lat' dir='ltr'>nec</span> <span class='ocrx_word' id='word_1_94' title='bbox 1589 1694 1865 1776; x_wconf 88' lang='lat' dir='ltr'>speciem</span> <span class='ocrx_word' id='word_1_95' title='bbox 1906 1692 2141 1777; x_wconf 87' lang='lat' dir='ltr'>fingere</span> <span class='ocrx_word' id='word_1_96' title='bbox 2180 1712 2561 1775; x_wconf 88' lang='lat' dir='ltr'>quamquam</span> <span class='ocrx_word' id='word_1_97' title='bbox 2598 1692 2889 1757; x_wconf 86' lang='lat' dir='ltr'>sublime</span> 
     </span>
     <span class='ocr_line' id='line_1_13' title="bbox 577 1798 2885 1883; baseline 0 -20"><span class='ocrx_word' id='word_1_98' title='bbox 577 1799 864 1883; x_wconf 85' lang='lat' dir='ltr'>cogitans</span> <span class='ocrx_word' id='word_1_99' title='bbox 921 1818 1098 1863; x_wconf 89' lang='lat' dir='ltr'>mens</span> <span class='ocrx_word' id='word_1_100' title='bbox 1155 1799 1430 1863; x_wconf 89' lang='lat' dir='ltr'>humana</span> <span class='ocrx_word' id='word_1_101' title='bbox 1485 1800 1827 1877; x_wconf 82' lang='lat' dir='ltr'>sufficeret,</span> <span class='ocrx_word' id='word_1_102' title='bbox 1884 1802 2095 1863; x_wconf 86' lang='lat' dir='ltr'>tamen</span> <span class='ocrx_word' id='word_1_103' title='bbox 2144 1818 2283 1864; x_wconf 89' lang='lat' dir='ltr'>esse</span> <span class='ocrx_word' id='word_1_104' title='bbox 2338 1798 2501 1863; x_wconf 90' lang='lat' dir='ltr'>illud</span> <span class='ocrx_word' id='word_1_105' title='bbox 2550 1799 2885 1881; x_wconf 84' lang='lat' dir='ltr'>quiddam,</span> 
     </span>
     <span class='ocr_line' id='line_1_14' title="bbox 577 1905 2889 1989; baseline 0.001 -22"><span class='ocrx_word' id='word_1_106' title='bbox 577 1906 878 1989; x_wconf 88' lang='lat' dir='ltr'>quicquid</span> <span class='ocrx_word' id='word_1_107' title='bbox 927 1910 1045 1984; x_wconf 84' lang='lat' dir='ltr'>est,</span> <span class='ocrx_word' id='word_1_108' title='bbox 1095 1907 1198 1971; x_wconf 88' lang='lat' dir='ltr'>cui</span> <span class='ocrx_word' id='word_1_109' title='bbox 1246 1906 1415 1971; x_wconf 89' lang='lat' dir='ltr'>adsit</span> <span class='ocrx_word' id='word_1_110' title='bbox 1457 1905 1973 1988; x_wconf 87' lang='lat' dir='ltr'>incomparabilis</span> <span class='ocrx_word' id='word_1_111' title='bbox 2020 1906 2240 1981; x_wconf 84' lang='lat' dir='ltr'>forma,</span> <span class='ocrx_word' id='word_1_112' title='bbox 2300 1906 2471 1971; x_wconf 87' lang='lat' dir='ltr'>adsit</span> <span class='ocrx_word' id='word_1_113' title='bbox 2512 1906 2889 1971; x_wconf 84' lang='lat' dir='ltr'>inaestima-</span> 
     </span>
     <span class='ocr_line' id='line_1_15' title="bbox 576 2012 2889 2095; baseline -0 -18"><span class='ocrx_word' id='word_1_114' title='bbox 576 2012 724 2077; x_wconf 88' lang='lat' dir='ltr'>bilis</span> <span class='ocrx_word' id='word_1_115' title='bbox 763 2012 1194 2095; x_wconf 82' lang='lat' dir='ltr'>pulchritudo,</span> <span class='ocrx_word' id='word_1_116' title='bbox 1236 2030 1424 2095; x_wconf 89' lang='lat' dir='ltr'>quam</span> <span class='ocrx_word' id='word_1_117' title='bbox 1459 2012 1652 2076; x_wconf 89' lang='lat' dir='ltr'>etiam</span> <span class='ocrx_word' id='word_1_118' title='bbox 1683 2012 2038 2077; x_wconf 81' lang='lat' dir='ltr'>carnalibus</span> <span class='ocrx_word' id='word_1_119' title='bbox 2080 2012 2285 2077; x_wconf 89' lang='lat' dir='ltr'>oculis</span> <span class='ocrx_word' id='word_1_120' title='bbox 2324 2014 2552 2077; x_wconf 87' lang='lat' dir='ltr'>saltem</span> <span class='ocrx_word' id='word_1_121' title='bbox 2584 2012 2889 2077; x_wconf 83' lang='lat' dir='ltr'>Christus</span> 
     </span>
     <span class='ocr_line' id='line_1_16' title="bbox 577 2116 2979 2202; baseline 0 -19"><span class='ocrx_word' id='word_1_122' title='bbox 577 2119 864 2202; x_wconf 83' lang='lat' dir='ltr'>aspiciat,</span> <span class='ocrx_word' id='word_1_123' title='bbox 914 2138 1056 2183; x_wconf 90' lang='lat' dir='ltr'>cum</span> <span class='ocrx_word' id='word_1_124' title='bbox 1108 2137 1252 2201; x_wconf 82' lang='lat' dir='ltr'>ergo</span> <span class='ocrx_word' id='word_1_125' title='bbox 1303 2118 1470 2182; x_wconf 88' lang='lat' dir='ltr'>circa</span> <span class='ocrx_word' id='word_1_126' title='bbox 1513 2116 1703 2182; x_wconf 87' lang='lat' dir='ltr'>finem</span> <span class='ocrx_word' id='word_1_127' title='bbox 1750 2119 1939 2201; x_wconf 90' lang='lat' dir='ltr'>primi</span> <span class='ocrx_word' id='word_1_128' title='bbox 1986 2118 2153 2197; x_wconf 89' lang='lat' dir='ltr'>libri,</span> <span class='ocrx_word' id='word_1_129' title='bbox 2204 2120 2373 2183; x_wconf 89' lang='lat' dir='ltr'>sicut</span> <span class='ocrx_word' id='word_1_130' title='bbox 2416 2120 2639 2201; x_wconf 86' lang='lat' dir='ltr'>procul</span> <span class='ocrx_word' id='word_1_131' title='bbox 2678 2118 2885 2183; x_wconf 88' lang='lat' dir='ltr'>dubio</span> <span class='ocrx_word' id='word_1_132' title='bbox 2930 2145 2979 2183; x_wconf 66' lang='grc' dir='ltr'>ιε</span> 
     </span>
     <span class='ocr_line' id='line_1_17' title="bbox 575 2224 2887 2308; baseline -0 -19"><span class='ocrx_word' id='word_1_133' title='bbox 575 2226 938 2290; x_wconf 88' lang='lat' dir='ltr'>meminisse</span> <span class='ocrx_word' id='word_1_134' title='bbox 979 2225 1277 2307; x_wconf 88' lang='lat' dir='ltr'>dignaris,</span> <span class='ocrx_word' id='word_1_135' title='bbox 1328 2226 1588 2306; x_wconf 90' lang='lat' dir='ltr'>cupiens</span> <span class='ocrx_word' id='word_1_136' title='bbox 1630 2226 2037 2308; x_wconf 85' lang='lat' dir='ltr'>comprobare</span> <span class='ocrx_word' id='word_1_137' title='bbox 2077 2226 2401 2291; x_wconf 88' lang='lat' dir='ltr'>dominum</span> <span class='ocrx_word' id='word_1_138' title='bbox 2448 2226 2661 2291; x_wconf 84' lang='lat' dir='ltr'>Iesum</span> <span class='ocrx_word' id='word_1_139' title='bbox 2700 2224 2887 2291; x_wconf 85' lang='lat' dir='ltr'>Chri—</span> 
     </span>
     <span class='ocr_line' id='line_1_18' title="bbox 575 2332 2883 2416; baseline -0.001 -19"><span class='ocrx_word' id='word_1_140' title='bbox 575 2338 767 2409; x_wconf 86' lang='lat' dir='ltr'>stum,</span> <span class='ocrx_word' id='word_1_141' title='bbox 843 2333 904 2396; x_wconf 90' lang='lat' dir='ltr'>id</span> <span class='ocrx_word' id='word_1_142' title='bbox 973 2340 1072 2396; x_wconf 87' lang='lat' dir='ltr'>est</span> <span class='ocrx_word' id='word_1_143' title='bbox 1145 2332 1462 2397; x_wconf 89' lang='lat' dir='ltr'>hominem</span> <span class='ocrx_word' id='word_1_144' title='bbox 1529 2332 1940 2415; x_wconf 89' lang='lat' dir='ltr'>adsumptum</span> <span class='ocrx_word' id='word_1_145' title='bbox 2017 2334 2107 2397; x_wconf 86' lang='lat' dir='ltr'>ita</span> <span class='ocrx_word' id='word_1_146' title='bbox 2172 2332 2451 2397; x_wconf 88' lang='lat' dir='ltr'>diuinam</span> <span class='ocrx_word' id='word_1_147' title='bbox 2520 2333 2883 2416; x_wconf 84' lang='lat' dir='ltr'>potentiam</span> 
     </span>
     <span class='ocr_line' id='line_1_19' title="bbox 573 2440 2887 2524; baseline -0 -20"><span class='ocrx_word' id='word_1_148' title='bbox 573 2440 916 2524; x_wconf 89' lang='lat' dir='ltr'>possidere,</span> <span class='ocrx_word' id='word_1_149' title='bbox 974 2447 1048 2503; x_wconf 87' lang='lat' dir='ltr'>ut</span> <span class='ocrx_word' id='word_1_150' title='bbox 1101 2440 1365 2505; x_wconf 77' lang='lat' dir='ltr'>materia</span> <span class='ocrx_word' id='word_1_151' title='bbox 1413 2440 1617 2505; x_wconf 87' lang='lat' dir='ltr'>carnis</span> <span class='ocrx_word' id='word_1_152' title='bbox 1673 2440 2005 2516; x_wconf 87' lang='lat' dir='ltr'>humanae,</span> <span class='ocrx_word' id='word_1_153' title='bbox 2056 2458 2243 2523; x_wconf 87' lang='lat' dir='ltr'>quam</span> <span class='ocrx_word' id='word_1_154' title='bbox 2294 2444 2676 2522; x_wconf 86' lang='lat' dir='ltr'>susceperat.</span> <span class='ocrx_word' id='word_1_155' title='bbox 2738 2459 2887 2522; x_wconf 86' lang='lat' dir='ltr'>per·</span> 
     </span>
     <span class='ocr_line' id='line_1_20' title="bbox 573 2546 2883 2629; baseline -0.001 -18"><span class='ocrx_word' id='word_1_156' title='bbox 573 2552 873 2626; x_wconf 86' lang='lat' dir='ltr'>maneret,</span> <span class='ocrx_word' id='word_1_157' title='bbox 907 2584 994 2593; x_wconf 91' lang='lat'>—</span> <span class='ocrx_word' id='word_1_158' title='bbox 1017 2566 1161 2610; x_wconf 90' lang='lat' dir='ltr'>cum</span> <span class='ocrx_word' id='word_1_159' title='bbox 1191 2547 1254 2609; x_wconf 89' lang='lat' dir='ltr'>in</span> <span class='ocrx_word' id='word_1_160' title='bbox 1285 2547 1414 2610; x_wconf 89' lang='lat' dir='ltr'>illis</span> <span class='ocrx_word' id='word_1_161' title='bbox 1445 2546 1802 2611; x_wconf 87' lang='lat' dir='ltr'>uisceribus</span> <span class='ocrx_word' id='word_1_162' title='bbox 1835 2546 1993 2610; x_wconf 88' lang='lat' dir='ltr'>nihil</span> <span class='ocrx_word' id='word_1_163' title='bbox 2024 2547 2197 2611; x_wconf 92' lang='lat' dir='ltr'>aliud</span> <span class='ocrx_word' id='word_1_164' title='bbox 2219 2566 2405 2629; x_wconf 89' lang='lat' dir='ltr'>quam</span> <span class='ocrx_word' id='word_1_165' title='bbox 2442 2547 2883 2611; x_wconf 73' lang='lat' dir='ltr'>Infirmitatem</span> 
     </span>
     <span class='ocr_line' id='line_1_21' title="bbox 573 2653 2979 2737; baseline 0 -20"><span class='ocrx_word' id='word_1_166' title='bbox 573 2654 814 2735; x_wconf 88' lang='lat' dir='ltr'>perisse</span> <span class='ocrx_word' id='word_1_167' title='bbox 855 2653 1238 2729; x_wconf 88' lang='lat' dir='ltr'>docuissem,</span> <span class='ocrx_word' id='word_1_168' title='bbox 1285 2654 1461 2718; x_wconf 88' lang='lat' dir='ltr'>illius</span> <span class='ocrx_word' id='word_1_169' title='bbox 1509 2655 1666 2718; x_wconf 90' lang='lat' dir='ltr'>mihi</span> <span class='ocrx_word' id='word_1_170' title='bbox 1714 2654 1915 2719; x_wconf 90' lang='lat' dir='ltr'>nodus</span> <span class='ocrx_word' id='word_1_171' title='bbox 1964 2655 2357 2737; x_wconf 89' lang='lat' dir='ltr'>quaestionis</span> <span class='ocrx_word' id='word_1_172' title='bbox 2406 2655 2695 2720; x_wconf 89' lang='lat' dir='ltr'>obiectus</span> <span class='ocrx_word' id='word_1_173' title='bbox 2744 2664 2881 2721; x_wconf 83' lang='lat' dir='ltr'>est:</span> <span class='ocrx_word' id='word_1_174' title='bbox 2922 2678 2979 2717; x_wconf 67' lang='grc' dir='ltr'>ιο</span> 
     </span>
    </p>
   </div>
   <div class='ocr_carea' id='block_1_3' title="bbox 497 2745 682 2788">
    <p class='ocr_par' dir='ltr' id='par_1_4' title="bbox 497 2745 682 2788">
     <span class='ocr_line' id='line_1_22' title="bbox 497 2745 682 2788; baseline -0.005 -1"><span class='ocrx_word' id='word_1_175' title='bbox 497 2745 682 2788; x_wconf 58' lang='grc' dir='ltr'>ἰἰἰἰ</span> 
     </span>
    </p>
   </div>
   <div class='ocr_carea' id='block_1_4' title="bbox 573 2867 2977 3375">
    <p class='ocr_par' dir='ltr' id='par_1_5' title="bbox 573 2867 2885 3162">
     <span class='ocr_line' id='line_1_23' title="bbox 574 2867 2885 2953; baseline 0 -22"><span class='ocrx_word' id='word_1_176' title='bbox 574 2886 801 2931; x_wconf 88' lang='lat' dir='ltr'>uersus</span> <span class='ocrx_word' id='word_1_177' title='bbox 876 2870 996 2942; x_wconf 81' lang='lat' dir='ltr'>est,</span> <span class='ocrx_word' id='word_1_178' title='bbox 1072 2885 1220 2950; x_wconf 87' lang='lat' dir='ltr'>ergo</span> <span class='ocrx_word' id='word_1_179' title='bbox 1296 2867 1518 2932; x_wconf 87' lang='lat' dir='ltr'>localis</span> <span class='ocrx_word' id='word_1_180' title='bbox 1587 2886 1729 2931; x_wconf 90' lang='lat' dir='ltr'>esse</span> <span class='ocrx_word' id='word_1_181' title='bbox 1800 2886 1923 2932; x_wconf 88' lang='lat' dir='ltr'>non</span> <span class='ocrx_word' id='word_1_182' title='bbox 2002 2868 2250 2943; x_wconf 78' lang='lat' dir='ltr'>debuit3</span> <span class='ocrx_word' id='word_1_183' title='bbox 2326 2888 2440 2933; x_wconf 86' lang='lat' dir='ltr'>cur</span> <span class='ocrx_word' id='word_1_184' title='bbox 2503 2887 2651 2953; x_wconf 87' lang='lat' dir='ltr'>ergo</span> <span class='ocrx_word' id='word_1_185' title='bbox 2726 2876 2885 2950; x_wconf 87' lang='lat' dir='ltr'>post</span> 
     </span>
     <span class='ocr_line' id='line_1_24' title="bbox 573 2973 2881 3059; baseline 0.001 -23"><span class='ocrx_word' id='word_1_186' title='bbox 573 2973 1096 3038; x_wconf 85' lang='lat' dir='ltr'>resurrectionem</span> <span class='ocrx_word' id='word_1_187' title='bbox 1157 2974 1338 3038; x_wconf 84' lang='lat' dir='ltr'>dixit:</span> <span class='ocrx_word' id='word_1_188' title='bbox 1397 2974 1582 3039; x_wconf 91' lang='lat' dir='ltr'>Noli</span> <span class='ocrx_word' id='word_1_189' title='bbox 1648 2994 1763 3037; x_wconf 89' lang='lat' dir='ltr'>me</span> <span class='ocrx_word' id='word_1_190' title='bbox 1829 2978 2192 3059; x_wconf 86' lang='lat' dir='ltr'>tangere;</span> <span class='ocrx_word' id='word_1_191' title='bbox 2261 2975 2605 3040; x_wconf 86' lang='lat' dir='ltr'>nondum</span> <span class='ocrx_word' id='word_1_192' title='bbox 2664 2974 2881 3039; x_wconf 87' lang='lat' dir='ltr'>enim</span> 
     </span>
     <span class='ocr_line' id='line_1_25' title="bbox 575 3080 1765 3162; baseline 0.001 -18"><span class='ocrx_word' id='word_1_193' title='bbox 575 3080 902 3144; x_wconf 87' lang='lat' dir='ltr'>ascendi</span> <span class='ocrx_word' id='word_1_194' title='bbox 951 3080 1040 3144; x_wconf 90' lang='lat' dir='ltr'>ad</span> <span class='ocrx_word' id='word_1_195' title='bbox 1089 3085 1396 3162; x_wconf 88' lang='lat' dir='ltr'>patrem</span> <span class='ocrx_word' id='word_1_196' title='bbox 1445 3083 1765 3145; x_wconf 75' lang='lat' dir='ltr'>meumP&#39;</span> 
     </span>
    </p>

    <p class='ocr_par' dir='ltr' id='par_1_6' title="bbox 575 3186 2977 3375">
     <span class='ocr_line' id='line_1_26' title="bbox 661 3186 2977 3271; baseline 0.001 -21"><span class='ocrx_word' id='word_1_197' title='bbox 661 3188 794 3271; x_wconf 81' lang='lat' dir='ltr'>Ego</span> <span class='ocrx_word' id='word_1_198' title='bbox 851 3186 1050 3269; x_wconf 86' lang='lat' dir='ltr'>igitur</span> <span class='ocrx_word' id='word_1_199' title='bbox 1105 3188 1430 3252; x_wconf 89' lang='lat' dir='ltr'>elaborans</span> <span class='ocrx_word' id='word_1_200' title='bbox 1490 3187 1834 3269; x_wconf 88' lang='lat' dir='ltr'>adprobare</span> <span class='ocrx_word' id='word_1_201' title='bbox 1892 3187 2127 3269; x_wconf 88' lang='lat' dir='ltr'>ubique</span> <span class='ocrx_word' id='word_1_202' title='bbox 2177 3206 2317 3252; x_wconf 89' lang='lat' dir='ltr'>esse</span> <span class='ocrx_word' id='word_1_203' title='bbox 2368 3187 2689 3253; x_wconf 86' lang='lat' dir='ltr'>Christum</span> <span class='ocrx_word' id='word_1_204' title='bbox 2748 3188 2883 3252; x_wconf 88' lang='lat' dir='ltr'>uir·</span> <span class='ocrx_word' id='word_1_205' title='bbox 2921 3212 2977 3252; x_wconf 74' lang='lat'>2⁵</span> 
     </span>
     <span class='ocr_line' id='line_1_27' title="bbox 575 3294 2882 3375; baseline 0.002 -19"><span class='ocrx_word' id='word_1_206' title='bbox 575 3297 712 3357; x_wconf 88' lang='lat' dir='ltr'>tute</span> <span class='ocrx_word' id='word_1_207' title='bbox 777 3312 900 3357; x_wconf 89' lang='lat' dir='ltr'>non</span> <span class='ocrx_word' id='word_1_208' title='bbox 971 3312 1247 3375; x_wconf 89' lang='lat' dir='ltr'>corpore,</span> <span class='ocrx_word' id='word_1_209' title='bbox 1315 3294 1653 3358; x_wconf 86' lang='lat' dir='ltr'>diuinitate</span> <span class='ocrx_word' id='word_1_210' title='bbox 1726 3314 1845 3359; x_wconf 90' lang='lat' dir='ltr'>non</span> <span class='ocrx_word' id='word_1_211' title='bbox 1917 3314 2097 3359; x_wconf 83' lang='lat' dir='ltr'>carne</span> <span class='ocrx_word' id='word_1_212' title='bbox 2174 3296 2249 3359; x_wconf 89' lang='lat' dir='ltr'>de</span> <span class='ocrx_word' id='word_1_213' title='bbox 2328 3296 2573 3359; x_wconf 84' lang='lat' dir='ltr'>unit-ate</span> <span class='ocrx_word' id='word_1_214' title='bbox 2639 3294 2741 3359; x_wconf 90' lang='lat' dir='ltr'>dei</span> <span class='ocrx_word' id='word_1_215' title='bbox 2812 3304 2882 3360; x_wconf 90' lang='lat' dir='ltr'>et</span> 
     </span>
    </p>
   </div>
   <div class='ocr_carea' id='block_1_5' title="bbox 751 3536 2175 3605">
    <p class='ocr_par' dir='ltr' id='par_1_7' title="bbox 751 3536 2175 3605">
     <span class='ocr_line' id='line_1_28' title="bbox 751 3536 2175 3605; baseline 0 -14"><span class='ocrx_word' id='word_1_216' title='bbox 751 3538 783 3591; x_wconf 92' lang='lat'><strong>6</strong></span> <span class='ocrx_word' id='word_1_217' title='bbox 821 3536 909 3589; x_wconf 89' lang='lat' dir='ltr'>Ps.</span> <span class='ocrx_word' id='word_1_218' title='bbox 949 3538 1034 3601; x_wconf 89' lang='grc'>95,</span> <span class='ocrx_word' id='word_1_219' title='bbox 1075 3538 1107 3590; x_wconf 89' lang='grc'>2</span> <span class='ocrx_word' id='word_1_220' title='bbox 1219 3538 1248 3590; x_wconf 85' lang='grc'><strong>7</strong></span> <span class='ocrx_word' id='word_1_221' title='bbox 1291 3537 1414 3605; x_wconf 85' lang='lat' dir='ltr'>Sap.</span> <span class='ocrx_word' id='word_1_222' title='bbox 1456 3538 1504 3601; x_wconf 80' lang='lat'>7,</span> <span class='ocrx_word' id='word_1_223' title='bbox 1544 3538 1613 3591; x_wconf 90' lang='grc'>26</span> <span class='ocrx_word' id='word_1_224' title='bbox 1722 3538 1791 3591; x_wconf 88' lang='grc'>23</span> <span class='ocrx_word' id='word_1_225' title='bbox 1828 3538 1943 3591; x_wconf 92' lang='lat' dir='ltr'>Ioh.</span> <span class='ocrx_word' id='word_1_226' title='bbox 1984 3538 2069 3603; x_wconf 84' lang='lat'>20,</span> <span class='ocrx_word' id='word_1_227' title='bbox 2112 3540 2175 3592; x_wconf 83' lang='lat'>17</span> 
     </span>
    </p>
   </div>
   <div class='ocr_carea' id='block_1_6' title="bbox 569 3712 2891 4407">
    <p class='ocr_par' dir='ltr' id='par_1_8' title="bbox 571 3712 2891 3949">
     <span class='ocr_line' id='line_1_29' title="bbox 645 3712 2883 3785; baseline 0.002 -18"><span class='ocrx_word' id='word_1_228' title='bbox 645 3716 668 3767; x_wconf 93' lang='lat'>1</span> <span class='ocrx_word' id='word_1_229' title='bbox 714 3730 888 3767; x_wconf 88' lang='lat' dir='ltr'>errare</span> <span class='ocrx_word' id='word_1_230' title='bbox 925 3712 1080 3766; x_wconf 83' lang='lat' dir='ltr'>OPT</span> <span class='ocrx_word' id='word_1_231' title='bbox 1114 3712 1234 3766; x_wconf 82' lang='lat' dir='ltr'>edd.</span> <span class='ocrx_word' id='word_1_232' title='bbox 1343 3716 1378 3765; x_wconf 92' lang='lat'>4</span> <span class='ocrx_word' id='word_1_233' title='bbox 1414 3714 1671 3767; x_wconf 84' lang='lat' dir='ltr'>inciscum</span> <span class='ocrx_word' id='word_1_234' title='bbox 1694 3714 1697 3728; x_wconf 93' lang='lat'>&#39;</span> <span class='ocrx_word' id='word_1_235' title='bbox 1720 3716 1908 3782; x_wconf 85' lang='lat' dir='ltr'>specta</span> <span class='ocrx_word' id='word_1_236' title='bbox 1953 3713 2004 3767; x_wconf 87' lang='lat' dir='ltr'><em>T</em></span> <span class='ocrx_word' id='word_1_237' title='bbox 2126 3717 2159 3769; x_wconf 87' lang='lat'>5</span> <span class='ocrx_word' id='word_1_238' title='bbox 2186 3720 2319 3783; x_wconf 78' lang='lat' dir='ltr'>post</span> <span class='ocrx_word' id='word_1_239' title='bbox 2355 3713 2533 3768; x_wconf 88' lang='lat' dir='ltr'>Iesum</span> <span class='ocrx_word' id='word_1_240' title='bbox 2572 3732 2687 3769; x_wconf 72' lang='lat' dir='ltr'>raa.</span> <span class='ocrx_word' id='word_1_241' title='bbox 2732 3717 2883 3785; x_wconf 75' lang='lat' dir='ltr'>(su-it</span> 
     </span>
     <span class='ocr_line' id='line_1_30' title="bbox 571 3801 2881 3875; baseline 0.002 -19"><span class='ocrx_word' id='word_1_242' title='bbox 571 3802 851 3867; x_wconf 85' lang='lat' dir='ltr'>christum)</span> <span class='ocrx_word' id='word_1_243' title='bbox 892 3802 946 3853; x_wconf 99' lang='grc' dir='ltr'><strong><em>Β</em></strong></span> <span class='ocrx_word' id='word_1_244' title='bbox 983 3802 1152 3855; x_wconf 86' lang='lat' dir='ltr'>iesum</span> <span class='ocrx_word' id='word_1_245' title='bbox 1195 3801 1454 3857; x_wconf 87' lang='lat' dir='ltr'>christum</span> <span class='ocrx_word' id='word_1_246' title='bbox 1491 3803 1547 3856; x_wconf 91' lang='lat' dir='ltr'><strong><em>P</em></strong></span> <span class='ocrx_word' id='word_1_247' title='bbox 1580 3803 1701 3857; x_wconf 78' lang='lat' dir='ltr'>edd.</span> <span class='ocrx_word' id='word_1_248' title='bbox 1832 3804 1862 3855; x_wconf 86' lang='lat'><strong>7</strong></span> <span class='ocrx_word' id='word_1_249' title='bbox 1904 3803 2045 3857; x_wconf 85' lang='lat' dir='ltr'>enim</span> <span class='ocrx_word' id='word_1_250' title='bbox 2084 3808 2169 3857; x_wconf 84' lang='lat' dir='ltr'>est</span> <span class='ocrx_word' id='word_1_251' title='bbox 2212 3802 2258 3856; x_wconf 88' lang='grc' dir='ltr'><em>Ο</em></span> <span class='ocrx_word' id='word_1_252' title='bbox 2385 3805 2451 3859; x_wconf 93' lang='grc'>10</span> <span class='ocrx_word' id='word_1_253' title='bbox 2490 3810 2623 3859; x_wconf 72' lang='lat' dir='ltr'>ante</span> <span class='ocrx_word' id='word_1_254' title='bbox 2658 3808 2881 3875; x_wconf 80' lang='lat' dir='ltr'>mag-ni·</span> 
     </span>
     <span class='ocr_line' id='line_1_31' title="bbox 571 3890 2891 3949; baseline 0.003 -6"><span class='ocrx_word' id='word_1_255' title='bbox 571 3890 813 3944; x_wconf 85' lang='lat' dir='ltr'>tudinem</span> <span class='ocrx_word' id='word_1_256' title='bbox 850 3908 963 3946; x_wconf 78' lang='lat' dir='ltr'>ras,</span> <span class='ocrx_word' id='word_1_257' title='bbox 1009 3893 1159 3943; x_wconf 81' lang='lat'>4-5</span> <span class='ocrx_word' id='word_1_258' title='bbox 1198 3891 1232 3943; x_wconf 83' lang='lat'>1.</span> <span class='ocrx_word' id='word_1_259' title='bbox 1270 3890 1326 3943; x_wconf 90' lang='lat' dir='ltr'><em>B</em></span> <span class='ocrx_word' id='word_1_260' title='bbox 1526 3893 1592 3944; x_wconf 83' lang='lat'>12</span> <span class='ocrx_word' id='word_1_261' title='bbox 1630 3896 1809 3945; x_wconf 84' lang='lat' dir='ltr'>tamen</span> <span class='ocrx_word' id='word_1_262' title='bbox 1852 3891 1987 3945; x_wconf 90' lang='lat' dir='ltr'>illud</span> <span class='ocrx_word' id='word_1_263' title='bbox 2026 3908 2143 3946; x_wconf 86' lang='lat' dir='ltr'>esse</span> <span class='ocrx_word' id='word_1_264' title='bbox 2186 3894 2232 3947; x_wconf 87' lang='grc' dir='ltr'><em>Ο</em></span> <span class='ocrx_word' id='word_1_265' title='bbox 2268 3910 2385 3947; x_wconf 84' lang='lat' dir='ltr'>esse</span> <span class='ocrx_word' id='word_1_266' title='bbox 2420 3896 2607 3947; x_wconf 85' lang='lat' dir='ltr'>tamen</span> <span class='ocrx_word' id='word_1_267' title='bbox 2644 3894 2783 3948; x_wconf 77' lang='lat' dir='ltr'>illud</span> <span class='ocrx_word' id='word_1_268' title='bbox 2834 3896 2891 3949; x_wconf 80' lang='lat' dir='ltr'><em>T</em></span> 
     </span>
    </p>

    <p class='ocr_par' dir='ltr' id='par_1_9' title="bbox 569 3980 2887 4407">
     <span class='ocr_line' id='line_1_32' title="bbox 642 3980 2885 4049; baseline 0.002 -16"><span class='ocrx_word' id='word_1_269' title='bbox 642 3980 858 4049; x_wconf 76' lang='lat' dir='ltr'>quidam</span> <span class='ocrx_word' id='word_1_270' title='bbox 897 3981 952 4033; x_wconf 94' lang='grc' dir='ltr'><strong><em>Β</em></strong></span> <span class='ocrx_word' id='word_1_271' title='bbox 1062 3982 1128 4034; x_wconf 89' lang='grc'>13</span> <span class='ocrx_word' id='word_1_272' title='bbox 1167 3980 1342 4033; x_wconf 83' lang='lat' dir='ltr'>forma</span> <span class='ocrx_word' id='word_1_273' title='bbox 1379 3980 1542 4049; x_wconf 86' lang='lat' dir='ltr'>adsit]</span> <span class='ocrx_word' id='word_1_274' title='bbox 1583 3980 1758 4034; x_wconf 83' lang='lat' dir='ltr'>forma</span> <span class='ocrx_word' id='word_1_275' title='bbox 1797 3985 1922 4048; x_wconf 89' lang='lat' dir='ltr'>(om.</span> <span class='ocrx_word' id='word_1_276' title='bbox 1962 3982 2126 4043; x_wconf 85' lang='lat' dir='ltr'>adsit)</span> <span class='ocrx_word' id='word_1_277' title='bbox 2171 3981 2327 4035; x_wconf 70' lang='lat'><em>0121*</em></span> <span class='ocrx_word' id='word_1_278' title='bbox 2360 3982 2480 4036; x_wconf 78' lang='lat' dir='ltr'>edd.</span> <span class='ocrx_word' id='word_1_279' title='bbox 2596 3984 2659 4037; x_wconf 83' lang='lat'>17</span> <span class='ocrx_word' id='word_1_280' title='bbox 2700 3983 2759 4037; x_wconf 83' lang='lat' dir='ltr'>id</span> <span class='ocrx_word' id='word_1_281' title='bbox 2788 3991 2885 4038; x_wconf 82' lang='lat' dir='ltr'>est</span> 
     </span>
     <span class='ocr_line' id='line_1_33' title="bbox 569 4068 2883 4140; baseline 0.003 -20"><span class='ocrx_word' id='word_1_282' title='bbox 569 4084 690 4126; x_wconf 67' lang='lat' dir='ltr'>om„</span> <span class='ocrx_word' id='word_1_283' title='bbox 729 4070 792 4121; x_wconf 78' lang='lat' dir='ltr'>in</span> <span class='ocrx_word' id='word_1_284' title='bbox 827 4085 1000 4137; x_wconf 74' lang='lat' dir='ltr'>mary.</span> <span class='ocrx_word' id='word_1_285' title='bbox 1039 4084 1106 4121; x_wconf 84' lang='lat' dir='ltr'>m.</span> <span class='ocrx_word' id='word_1_286' title='bbox 1147 4073 1210 4121; x_wconf 76' lang='lat' dir='ltr'>ut</span> <span class='ocrx_word' id='word_1_287' title='bbox 1245 4068 1362 4121; x_wconf 82' lang='lat' dir='ltr'>uid.</span> <span class='ocrx_word' id='word_1_288' title='bbox 1399 4073 1431 4122; x_wconf 89' lang='lat'><em>1</em></span> <span class='ocrx_word' id='word_1_289' title='bbox 1467 4069 1597 4122; x_wconf 80' lang='lat' dir='ltr'>add.</span> <span class='ocrx_word' id='word_1_290' title='bbox 1638 4070 1693 4121; x_wconf 92' lang='grc' dir='ltr'><strong><em>Β</em></strong></span> <span class='ocrx_word' id='word_1_291' title='bbox 1889 4070 2167 4139; x_wconf 86' lang='lat' dir='ltr'>possidere</span> <span class='ocrx_word' id='word_1_292' title='bbox 2205 4072 2509 4140; x_wconf 83' lang='lat' dir='ltr'>potentiam</span> <span class='ocrx_word' id='word_1_293' title='bbox 2555 4070 2717 4125; x_wconf 82' lang='lat' dir='ltr'>OPT</span> <span class='ocrx_word' id='word_1_294' title='bbox 2750 4072 2883 4128; x_wconf 78' lang='lat' dir='ltr'>edd.</span> 
     </span>
     <span class='ocr_line' id='line_1_34' title="bbox 575 4156 2883 4228; baseline 0.002 -18"><span class='ocrx_word' id='word_1_295' title='bbox 575 4159 638 4210; x_wconf 88' lang='lat'>19</span> <span class='ocrx_word' id='word_1_296' title='bbox 677 4174 795 4210; x_wconf 89' lang='lat' dir='ltr'>cum</span> <span class='ocrx_word' id='word_1_297' title='bbox 832 4173 934 4211; x_wconf 83' lang='lat' dir='ltr'>om.</span> <span class='ocrx_word' id='word_1_298' title='bbox 981 4156 1027 4210; x_wconf 88' lang='grc' dir='ltr'><em>Ο</em></span> <span class='ocrx_word' id='word_1_299' title='bbox 1065 4174 1224 4226; x_wconf 87' lang='lat' dir='ltr'>quam</span> <span class='ocrx_word' id='word_1_300' title='bbox 1253 4157 1364 4209; x_wconf 78' lang='lat' dir='ltr'>PT</span> <span class='ocrx_word' id='word_1_301' title='bbox 1397 4158 1517 4211; x_wconf 81' lang='lat' dir='ltr'>edd.</span> <span class='ocrx_word' id='word_1_302' title='bbox 1664 4158 1801 4212; x_wconf 87' lang='lat' dir='ltr'>nihil</span> <span class='ocrx_word' id='word_1_303' title='bbox 1836 4160 2063 4228; x_wconf 75' lang='lat' dir='ltr'>scripsi5</span> <span class='ocrx_word' id='word_1_304' title='bbox 2098 4159 2205 4213; x_wconf 88' lang='lat' dir='ltr'>nisi</span> <span class='ocrx_word' id='word_1_305' title='bbox 2242 4160 2397 4215; x_wconf 83' lang='lat' dir='ltr'>codd.</span> <span class='ocrx_word' id='word_1_306' title='bbox 2436 4160 2561 4215; x_wconf 78' lang='lat' dir='ltr'>edd.</span> <span class='ocrx_word' id='word_1_307' title='bbox 2672 4162 2747 4216; x_wconf 88' lang='grc'>20</span> <span class='ocrx_word' id='word_1_308' title='bbox 2776 4162 2883 4215; x_wconf 83' lang='lat' dir='ltr'>do·</span> 
     </span>
     <span class='ocr_line' id='line_1_35' title="bbox 571 4246 2887 4315; baseline 0.003 -16"><span class='ocrx_word' id='word_1_309' title='bbox 571 4246 820 4315; x_wconf 86' lang='lat' dir='ltr'>cuissem]</span> <span class='ocrx_word' id='word_1_310' title='bbox 861 4246 1088 4299; x_wconf 85' lang='lat' dir='ltr'>dicimus</span> <span class='ocrx_word' id='word_1_311' title='bbox 1133 4246 1291 4301; x_wconf 82' lang='lat' dir='ltr'>OPT</span> <span class='ocrx_word' id='word_1_312' title='bbox 1323 4246 1444 4302; x_wconf 84' lang='lat' dir='ltr'>edd.</span> <span class='ocrx_word' id='word_1_313' title='bbox 1473 4252 1771 4314; x_wconf 77' lang='lat' dir='ltr'>praeterm</span> <span class='ocrx_word' id='word_1_314' title='bbox 1950 4248 2140 4302; x_wconf 87' lang='lat' dir='ltr'>modus</span> <span class='ocrx_word' id='word_1_315' title='bbox 2184 4249 2231 4303; x_wconf 89' lang='lat'><em>0</em></span> <span class='ocrx_word' id='word_1_316' title='bbox 2429 4248 2497 4303; x_wconf 87' lang='grc'>22</span> <span class='ocrx_word' id='word_1_317' title='bbox 2536 4266 2715 4314; x_wconf 57' lang='lat' dir='ltr'>uerus„</span> <span class='ocrx_word' id='word_1_318' title='bbox 2755 4268 2829 4306; x_wconf 80' lang='lat' dir='ltr'>m.</span> <span class='ocrx_word' id='word_1_319' title='bbox 2854 4258 2887 4305; x_wconf 86' lang='lat'><em>1</em></span> 
     </span>
     <span class='ocr_line' id='line_1_36' title="bbox 569 4335 2531 4407; baseline 0.002 -19"><span class='ocrx_word' id='word_1_320' title='bbox 569 4350 704 4389; x_wconf 84' lang='lat' dir='ltr'>corr.</span> <span class='ocrx_word' id='word_1_321' title='bbox 743 4352 930 4389; x_wconf 88' lang='lat' dir='ltr'>uersus</span> <span class='ocrx_word' id='word_1_322' title='bbox 967 4335 1022 4387; x_wconf 92' lang='grc' dir='ltr'><strong><em>Β</em></strong></span> <span class='ocrx_word' id='word_1_323' title='bbox 1131 4336 1199 4389; x_wconf 82' lang='lat'>25</span> <span class='ocrx_word' id='word_1_324' title='bbox 1239 4336 1426 4405; x_wconf 86' lang='lat' dir='ltr'>utique</span> <span class='ocrx_word' id='word_1_325' title='bbox 1470 4336 1515 4390; x_wconf 87' lang='lat' dir='ltr'><strong><em>O</em></strong></span> <span class='ocrx_word' id='word_1_326' title='bbox 1625 4337 1692 4391; x_wconf 89' lang='grc'>26</span> <span class='ocrx_word' id='word_1_327' title='bbox 1732 4338 1975 4407; x_wconf 88' lang='lat' dir='ltr'>corpore]</span> <span class='ocrx_word' id='word_1_328' title='bbox 2016 4354 2177 4406; x_wconf 89' lang='lat' dir='ltr'>opere</span> <span class='ocrx_word' id='word_1_329' title='bbox 2222 4336 2377 4391; x_wconf 78' lang='lat' dir='ltr'>OPT</span> <span class='ocrx_word' id='word_1_330' title='bbox 2410 4338 2531 4393; x_wconf 80' lang='lat' dir='ltr'>edd.</span> 
     </span>
    </p>
   </div>
  </div>
 </body>
</html>
