3184 4959
309 924 401 989 1V
441 924 528 987 23

577 419 704 483 686
1303 416 1356 471 S.
1413 414 1690 471 Aureli
1742 414 2176 484 Augustini

575 616 928 697 ten-ogares
985 616 1048 676 et
1105 612 1396 694 quotiens
1451 611 1871 694 interrogares
1928 609 2005 675 de
2060 610 2416 694 praeceptis
2476 608 2887 676 Christianae

574 719 924 803 religionis,
981 718 1142 783 nihil
1188 737 1290 782 me
1338 718 1509 782 aliud
1554 718 1933 799 respondere
1981 716 2104 782 nisi
2150 716 2579 783 humilitatem
2625 716 2885 796 liberet,

578 825 700 890 etsi
748 826 909 891 forte
957 826 1082 890 alia
1129 825 1336 891 dicere
1383 825 1734 890 necessitas
1782 827 2059 908 cogeret.

665 931 836 995 Huic
891 930 1242 996 humilitati
1299 931 1771 1009 saluberrimae,
1828 950 2020 1013 quam
2069 930 2363 996 dominus
2419 933 2637 995 noster
2690 930 2887 996 Iesus

576 1038 870 1104 Christus
933 1042 1007 1104 ut
1071 1038 1326 1105 doceret
1391 1038 1772 1103 humiliatus
1841 1040 1958 1117 est,
2024 1037 2193 1114 huic,
2256 1037 2536 1120 inquam,
2602 1037 2887 1103 maxime
2950 1059 2973 1097 ⁵

575 1145 948 1210 aduersatur
986 1146 1315 1228 quaedam,
1361 1148 1438 1210 ut
1481 1145 1572 1207 ita
1610 1143 1839 1223 dicam,
1884 1143 2340 1226 inperitissima
2385 1144 2672 1221 scientia,
2724 1144 2888 1208 dum

573 1271 689 1317 nos
738 1252 898 1316 scire
947 1251 1320 1335 gaudemus,
1370 1250 1524 1333 quid
1568 1249 2004 1329 Anaximenes,
2053 1250 2208 1332 quid
2252 1249 2671 1334 Anaxagoras,
2723 1251 2891 1333 quid

573 1359 990 1443 Pythagorae,
1050 1358 1203 1441 quid
1247 1357 1657 1422 Democritus
1714 1358 2005 1435 senserit,
2062 1361 2125 1422 et
2172 1362 2385 1421 cetera
2436 1357 2630 1421 huius
2678 1357 2888 1435 modi,

573 1469 649 1530 ut
703 1465 875 1531 docti
931 1464 1288 1547 eruditique
1353 1464 1708 1541 uideamur,
1766 1483 1907 1529 cum
1976 1465 2097 1529 hoc
2162 1485 2199 1529 a
2262 1484 2413 1529 uera
2468 1464 2760 1529 doctrina
2818 1468 2889 1529 et

575 1572 930 1637 eruditione
983 1572 1172 1655 longe
1228 1571 1416 1635 absit.
1474 1571 1584 1653 qui
1633 1570 1801 1635 enim
1850 1570 2145 1635 didicerit
2191 1570 2380 1636 deum
2426 1591 2549 1636 non
2597 1570 2889 1635 distendi
2928 1592 2977 1627 ιο

575 1681 688 1744 aut
734 1678 1000 1742 diffundi
1053 1697 1168 1761 per
1219 1678 1396 1743 locos
1454 1696 1657 1760 neque
1702 1678 1919 1743 finitos
1967 1696 2172 1761 neque
2226 1678 2529 1755 infinitos,
2578 1678 2769 1761 quasi
2814 1678 2885 1743 in

575 1786 792 1867 aliqua
853 1789 1030 1869 parte
1092 1784 1298 1848 maior
1358 1784 1445 1850 sit
1507 1784 1570 1849 in
1630 1784 1843 1868 aliqua
1902 1784 2128 1862 minor,
2196 1784 2309 1849 sed
2360 1786 2571 1849 totum
2637 1785 2889 1867 ubique

575 1910 716 1956 esse
789 1895 1186 1974 praesentem
1263 1890 1432 1955 sicut
1501 1891 1863 1969 ueritatem,
1938 1892 2123 1957 cuius
2195 1911 2379 1957 nemo
2444 1892 2652 1957 sobrie
2720 1892 2891 1958 dicit

574 2002 818 2082 partem
866 2016 1007 2061 esse
1062 1996 1127 2061 in
1185 1996 1310 2061 isto
1368 1997 1510 2061 loco
1561 1998 1627 2061 et
1679 2000 1922 2080 partem
1975 1998 2041 2060 in
2094 1997 2229 2073 illo,
2278 1996 2577 2078 quoniam
2634 1998 2887 2064 ueritas

573 2106 798 2187 utique
855 2104 1012 2169 deus
1069 2107 1188 2181 est,
1244 2123 1644 2186 nequaquam
1700 2123 1847 2167 eum
1902 2104 2211 2181 monebit,
2268 2102 2437 2186 quod
2494 2103 2569 2168 de
2624 2103 2887 2169 infinito
2926 2126 2979 2164 ιε

575 2230 715 2276 aere
763 2210 981 2288 sensit,
1029 2211 1418 2293 quicumque
1467 2210 1689 2287 sensit,
1738 2210 1907 2291 quod
1950 2211 2091 2291 ipse
2140 2212 2313 2275 esset
2358 2208 2533 2274 deus.
2591 2209 2751 2292 quid
2796 2211 2888 2276 ad

572 2318 778 2396 illum,
838 2318 892 2381 si
947 2316 1210 2394 nesciat,
1267 2336 1458 2399 quam
1506 2316 1723 2381 dicant
1775 2318 1886 2381 isti
1934 2317 2213 2400 corporis
2270 2316 2537 2382 formam
2599 2353 2687 2362 —
2735 2336 2889 2382 eam

573 2425 806 2507 quippe
855 2424 1094 2503 dicunt,
1144 2443 1304 2507 quae
1351 2423 1630 2506 undique
1676 2423 1857 2489 finita
1902 2423 1988 2489 sit
2034 2460 2119 2471 —
2168 2427 2233 2488 et
2276 2427 2495 2489 utrum
2539 2424 2892 2490 refellendi

574 2550 766 2597 causa
827 2538 1154 2614 tamquam
1210 2530 1631 2596 Academicus
1685 2530 2058 2596 Anaximeni
2114 2530 2328 2596 Cicero
2386 2530 2691 2596 obiecerit
2754 2530 2892 2595 for-

571 2657 740 2703 mam
781 2641 846 2702 et
880 2638 1420 2721 pulchritudinem
1460 2636 1649 2702 deum
1688 2638 1919 2702 habere
1959 2640 2245 2720 oportere
2286 2638 2470 2721 quasi
2506 2656 2888 2721 corpoream
2926 2660 2985 2701 πο

573 2745 846 2828 speciem
897 2746 1206 2829 cogitant-1,
1256 2746 1406 2827 quia
1449 2744 1560 2809 ille
1610 2763 1981 2826 corporeum
2028 2744 2215 2808 deum
2262 2762 2405 2809 esse
2453 2744 2711 2821 dixerat,
2769 2764 2892 2809 aer

573 2851 740 2914 enim
787 2870 1016 2932 corpus
1065 2855 1192 2926 est;
1245 2870 1319 2917 an
1365 2852 1504 2933 ipse
1553 2850 1871 2915 sentiebat
1916 2870 2055 2915 esse
2102 2851 2367 2915 formam
2408 2853 2471 2914 et
2514 2849 2890 2932 pulchritu-

572 2956 783 3021 dinem
847 2957 1280 3041 incorpoream
1343 2958 1621 3033 ueritati,
1679 2976 1804 3039 qua
1866 2958 2006 3040 ipse
2070 2958 2320 3021 animus
2376 2956 2754 3021 informatur
2818 2961 2891 3021 et

569 3082 684 3146 per
738 3082 928 3146 quam
987 3064 1198 3129 omnia
1251 3064 1554 3147 sapientis
1611 3066 1781 3129 facta
1833 3065 2099 3147 pulchra
2152 3083 2292 3129 esse
2346 3062 2731 3141 iudicamus,
2808 3068 2891 3129 ut

571 3190 695 3235 non
733 3174 986 3236 tantum
1030 3172 1359 3237 refellendi
1407 3172 1613 3256 gratia
1658 3173 1771 3237 sed
1810 3172 2001 3236 etiam
2040 3171 2374 3236 uerissime
2413 3170 2654 3247 dixerit,
2698 3172 2892 3253 quod
2934 3194 2989 3233 25

572 3277 764 3343 deum
808 3278 1234 3362 pulchen‘ima
1279 3279 1492 3362 specie
1531 3278 1755 3345 deceat
1792 3298 1951 3355 esse,
2001 3277 2151 3361 quia
2196 3277 2357 3341 nihil
2393 3280 2491 3343 est
2536 3277 2891 3361 pulchrius

751 3536 816 3591 19
855 3536 919 3590 cf.
960 3536 1027 3591 de
1063 3541 1174 3591 nat.
1214 3537 1263 3591 d.
1301 3538 1330 3593 1
1371 3538 1454 3605 10,
1493 3540 1561 3593 26

645 3697 670 3750 1
714 3697 778 3751 de
819 3701 868 3764 (e
904 3712 946 3753 s.
983 3715 1042 3751 u.
1077 3703 1217 3765 m.1)
1255 3699 1327 3753 M
1433 3700 1466 3752 2
1503 3698 1701 3754 liberet
1738 3701 1821 3766 (er
1856 3714 1976 3767 exp.
2014 3714 2083 3753 m.
2106 3696 2167 3767 2)
2204 3698 2263 3751 et
2298 3697 2345 3751 si
2374 3696 2449 3751 M
2479 3696 2797 3767 libereVet
2838 3702 2891 3754 si

572 3788 662 3853 (ψ
699 3804 767 3841 m.
790 3790 848 3853 2)
875 3786 932 3839 P
1037 3788 1068 3841 3
1108 3787 1403 3841 necessitas
1441 3790 1663 3857 cogeret
1698 3785 1877 3840 dicere
1904 3786 1960 3841 R
2067 3787 2105 3839 4
2138 3784 2267 3839 huic
2303 3801 2405 3839 om.
2443 3785 2499 3839 A
2640 3785 2890 3842 humili-

567 3876 702 3929 tatis
737 3874 815 3928 M
882 3878 914 3929 5
951 3875 1296 3929 humilitatus
1335 3879 1444 3943 (pr.
1485 3878 1510 3928 t
1545 3892 1665 3943 exp.
1704 3891 1772 3929 m.
1794 3878 1853 3941 2)
1891 3874 1969 3928 M
2044 3874 2077 3928 8
2116 3875 2385 3929 senserint
2420 3874 2609 3942 flrm
2682 3876 2719 3929 9
2749 3892 2891 3931 eru-

569 3964 674 4019 diti
696 3965 702 4033 Ι
728 3979 884 4033 quae,
921 3967 1050 4017 m.2
1086 3964 1390 4033 eruditique
1425 3963 1500 4017 M
1608 3963 1669 4017 11
1711 3965 1830 4032 aut]
1871 3968 2032 4033 atque
2068 3963 2145 4017 1³¹
2267 3963 2390 4017 loca
2423 3961 2551 4017 MR
2703 3980 2895 4033 super

569 4053 754 4107 finitos
789 4057 842 4105 et
876 4046 1118 4106 infinitos
1155 4069 1224 4106 m.
1249 4055 1289 4105 2
1321 4052 1349 4105 l?
1385 4052 1456 4105 tis
1484 4050 1541 4105 R
1655 4052 1722 4105 14
1758 4068 1878 4105 esse
1914 4054 2126 4121 partem
2153 4050 2211 4106 R
2314 4052 2379 4105 16
2406 4050 2538 4105 deus
2567 4056 2722 4106 esset
2749 4054 2889 4109 edd.

573 4142 636 4194 17
674 4142 884 4194 nesciat
921 4141 1100 4211 quam]
1139 4140 1386 4194 nesciant
1423 4139 1553 4209 quid
1588 4140 1646 4196 R
1722 4141 1788 4195 18
1819 4139 2026 4210 dicunt]
2068 4139 2253 4194 dicant
2287 4139 2345 4194 R
2447 4139 2513 4193 19
2551 4145 2892 4198 anaxameni

565 4228 692 4282 MA
728 4230 1030 4284 anaximeni
1070 4234 1266 4298 (postr.
1307 4230 1342 4283 l.
1379 4246 1423 4284 s.
1461 4232 1541 4295 u.)
1591 4229 1646 4283 V
1784 4228 1987 4283 obiecit
2021 4229 2078 4285 R
2229 4230 2293 4283 21
2334 4228 2419 4283 illi
2452 4226 2639 4286 ΜΔΕ
2798 4232 2895 4289 (11-

567 4320 755 4371 terant
790 4317 901 4373 AR
1009 4318 1078 4371 26
1117 4334 1224 4387 qua
1259 4318 1333 4371 M
1468 4318 1765 4388 pulchrius,
1802 4322 1923 4372 m.1
1956 4334 2132 4387 supra
2168 4318 2314 4387 prius
2350 4317 2407 4372 R
