3184 4959
271 1559 322 1598 10

273 2092 324 2133 15

269 2624 320 2663 20

269 3160 321 3199 25

1127 386 1653 453 epistularum
1714 383 1869 441 CXX.
2523 388 2643 453 711

355 583 530 646 intus
575 582 686 647 illo
727 582 1067 645 adiuuante
1115 584 1306 663 atque
1352 582 1791 659 inluminante,
1841 581 1951 663 qui
1991 600 2135 646 cum
2180 582 2417 646 talibus
2463 582 2652 647 idolis

358 690 420 752 in
471 688 655 753 corde
705 690 920 752 nostro
977 688 1260 751 habitare
1307 707 1427 751 non
1477 688 1641 763 uult,
1698 687 1789 752 ita
1842 688 1969 753 ista
2017 688 2407 773 confringere
2464 693 2653 769 atque

360 816 396 860 a
449 795 572 861 fide
630 798 846 860 nostra
893 794 1164 875 quodam
1221 795 1408 859 modo
1459 800 1751 859 excutere
1806 795 2206 873 festinamuS,
2262 798 2338 859 ut
2382 814 2458 860 ne
2514 796 2651 877 pul-

359 922 572 967 uerem
637 902 894 985 quidem
967 902 1172 966 ullum
1238 902 1466 965 talium
1539 902 2061 983 phantasmatum
2133 902 2268 965 illic
2332 920 2652 967 remanere

357 1010 692 1091 patiamur.

449 1115 652 1195 Quam
711 1114 790 1179 ob
845 1134 982 1179 rem
1039 1114 1160 1178 nisi
1215 1116 1526 1179 rationem
1583 1115 2054 1197 disputationiS,
2113 1134 2237 1197 qua
2300 1114 2651 1179 forinsecus

357 1221 663 1287 admoniti
707 1221 834 1304 ipsi
879 1221 1261 1286 intrinsecus
1307 1222 1577 1286 ueritate
1624 1222 1877 1286 lucente
1924 1224 2078 1287 haec
2125 1222 2287 1287 falsa
2334 1240 2473 1285 esse
2519 1242 2652 1305 per·

357 1330 684 1412 spicimuS,
715 1328 872 1393 fides
909 1328 973 1391 in
1015 1332 1228 1392 nostro
1269 1328 1456 1393 corde
1503 1328 1973 1406 antecessisset,
2014 1348 2173 1411 quae
2212 1348 2325 1393 nos
2364 1328 2655 1393 indueret

359 1438 615 1519 pietate,
673 1454 876 1500 nonne
929 1436 1276 1511 incassum,
1328 1455 1485 1518 quae
1532 1454 1685 1499 uera
1742 1439 1910 1512 sunt,
1968 1436 2375 1500 audiremus?
2426 1454 2496 1499 ac
2542 1454 2656 1517 per

358 1545 498 1621 hoc,
557 1543 854 1625 quoniam
920 1542 1006 1619 id,
1075 1541 1244 1625 quod
1301 1542 1378 1605 ad
1437 1562 1572 1607 eam
1640 1543 2011 1625 pertinebat,
2078 1542 2235 1607 fides
2294 1543 2443 1626 egit,
2508 1542 2651 1606 ideo

361 1648 753 1732 subsequens
791 1648 950 1712 ratio
991 1648 1230 1730 aliquid
1262 1668 1498 1725 eorum,
1540 1668 1700 1731 quae
1738 1649 2117 1731 inquirebat.
2156 1649 2416 1713 inuenit.
2454 1649 2653 1714 falsae

359 1756 576 1839 itaque
629 1756 860 1820 rationi
916 1774 1038 1820 non
1097 1756 1304 1821 solum
1350 1756 1510 1820 ratio
1559 1775 1728 1832 uera,
1778 1776 1902 1839 qua
1948 1756 2032 1833 id,
2092 1756 2261 1839 quod
2318 1756 2651 1828 credimuS,

359 1862 817 1949 intellegimus,
871 1881 1096 1926 uerum
1147 1863 1336 1927 etiam
1395 1862 1548 1926 fides
1608 1864 1748 1945 ipsa
1792 1882 2003 1927 rerum
2048 1862 2325 1928 nondum
2372 1862 2655 1926 intellec-

359 1975 566 2033 tarum
627 1968 760 2033 sine
817 1968 1009 2034 dubio
1065 1968 1470 2051 praeferenda
1527 1972 1644 2034 est.
1700 1969 1931 2034 melius
1990 1973 2091 2034 est
2145 1969 2309 2033 enim
2360 1968 2651 2051 quamuis

360 2075 638 2140 nondum
715 2075 930 2139 uisum
997 2075 1270 2151 credere,
1337 2074 1504 2155 quod
1568 2094 1793 2140 uerum
1862 2079 1979 2153 est,
2048 2095 2235 2157 quam
2298 2077 2521 2158 putare
2585 2076 2648 2137 te

358 2202 580 2247 uerum
638 2182 872 2260 uidere,
933 2181 1102 2263 quod
1165 2181 1399 2245 falsum
1457 2185 1576 2245 est.
1643 2181 1837 2245 habet
1889 2201 2161 2263 namque
2216 2181 2371 2246 fides
2430 2180 2648 2246 oculos

359 2309 531 2364 suos,
583 2290 814 2373 quibus
864 2289 1138 2371 quodam
1192 2289 1379 2353 modo
1437 2289 1618 2353 uidet
1668 2308 1892 2353 uerum
1941 2308 2100 2367 esse,
2150 2288 2317 2370 quod
2373 2286 2651 2352 nondum

358 2396 552 2473 uidet,
622 2400 686 2459 et
750 2396 982 2478 quibus
1040 2395 1391 2459 certissime
1457 2395 1636 2459 uidet
1699 2395 1977 2459 nondum
2044 2414 2113 2459 se
2177 2395 2413 2471 uidere,
2481 2393 2650 2476 quod

361 2501 581 2565 credit.
627 2520 810 2583 porro
859 2503 1074 2563 autem
1113 2500 1221 2581 qui
1268 2518 1420 2563 uera
1464 2500 1707 2565 ratione
1752 2501 1900 2575 iam,
1952 2500 2120 2583 quod
2166 2503 2415 2563 tantum
2460 2498 2649 2563 modo

358 2608 672 2687 credebat,
735 2606 1074 2691 intellegit,
1138 2606 1420 2690 profecto
1487 2608 1962 2691 praeponendus
2020 2609 2121 2671 est
2173 2607 2251 2685 ei,
2308 2606 2419 2687 qui
2475 2604 2654 2687 cupit

359 2712 566 2777 adhuc
609 2713 996 2797 intellegere,
1037 2714 1204 2797 qnod
1244 2714 1468 2793 credit3
1517 2714 1573 2779 si
1622 2716 1832 2777 autem
1882 2731 1997 2777 nec
2043 2712 2222 2795 cupit
2258 2714 2321 2775 et
2358 2730 2451 2787 ea,
2492 2729 2651 2792 quae

358 2819 786 2904 intellegenda
824 2824 992 2897 sunt,
1023 2820 1330 2885 credenda
1357 2824 1609 2885 tantum
1646 2819 1832 2886 modo
1865 2820 2203 2897 existimat,
2235 2820 2337 2883 cui
2364 2818 2457 2881 rei
2492 2816 2650 2881 fides

357 2926 580 3009 prosit,
635 2927 910 3010 ignorat;
969 2946 1114 2991 nam
1171 2928 1276 3009 pia
1330 2927 1488 2993 fides
1545 2928 1681 2993 sine
1738 2948 1849 3011 spe
1900 2932 1963 2991 et
2018 2928 2153 2991 sine
2200 2924 2461 2991 caritate
2510 2943 2649 2988 esse

358 3051 480 3096 non
527 3032 691 3096 uult.
741 3032 834 3096 sic
878 3032 1078 3115 igitur
1123 3032 1310 3097 homo
1359 3032 1564 3097 fidelis
1614 3032 1801 3097 debet
1847 3032 2117 3111 credere,
2158 3031 2327 3113 quod
2372 3030 2651 3097 nondum

359 3140 556 3215 uidet,
606 3142 678 3202 ut
722 3138 1034 3204 uisionem
1084 3143 1148 3204 et
1194 3143 1406 3221 speret
1452 3143 1516 3204 et
1561 3146 1749 3205 amet.

447 3246 528 3309 Et
583 3245 938 3311 uisibilium
995 3246 1248 3329 quidem
1305 3266 1512 3311 rerum
1567 3246 2069 3329 praeteritarum,
2127 3264 2287 3327 quae
2342 3248 2651 3325 tempora-

356 3353 504 3417 liter
556 3355 959 3432 transierunt,
1019 3355 1155 3419 sola
1210 3353 1366 3419 fides
1415 3357 1533 3427 est,
1584 3354 1879 3436 quoniam
1936 3372 2059 3417 non
2118 3352 2323 3417 adhuc
2380 3349 2653 3415 uidenda

359 3463 706 3541 sperantur,
773 3462 882 3525 sed
948 3461 1117 3526 facta
1171 3464 1236 3525 et
1287 3463 1607 3525 transacta
1660 3460 2018 3538 creduntur,
2084 3460 2257 3523 sicut
2309 3463 2407 3523 est
2466 3455 2650 3533 illud,

359 3567 526 3648 quod
577 3566 962 3633 Christus
1013 3568 1260 3633 semel
1316 3588 1454 3651 pro
1503 3567 1874 3649 peccatis
1923 3566 2233 3630 nostris
2281 3566 2650 3628 mortuus

535 3810 604 3863 29
641 3810 668 3863 Ι
705 3810 850 3864 Petr.
890 3811 940 3871 3,
983 3810 1072 3873 183
1113 3811 1265 3863 Rom.
1303 3811 1354 3879 6,
1394 3810 1568 3865 9—10

433 3934 458 3987 1
499 3934 596 3988 illo
633 3935 780 3988 intus
818 3934 937 3989 edd.
1049 3936 1082 3989 2
1119 3935 1176 3988 in
1217 3934 1464 3989 cordibus
1501 3936 1703 3989 nostris
1742 3934 1861 3988 edd.
1894 3939 2119 4003 praeter
2154 3950 2208 3985 m
2328 3932 2361 3985 3
2400 3945 2649 3984 excusare

357 4023 608 4092 Euyippi
628 4022 893 4079 cod.Vat.
966 4024 1212 4093 4nllum]
1233 4024 1389 4077 illum
1405 4024 1534 4078 ΡΤι
1644 4023 2121 4093 manereEuyippi
2138 4022 2253 4078 cod.
2282 4020 2407 4075 Vat.
2483 4019 2651 4087 7ipsa

359 4112 477 4166 edd.
658 4114 690 4166 8
729 4114 785 4165 in
825 4112 982 4167 corde
1022 4118 1206 4167 nostro
1245 4114 1366 4167 edd.
1519 4111 1887 4166 in„‚du*eret
1922 4112 1977 4165 B
2012 4112 2295 4165 induceret
2329 4110 2379 4179 (c
2416 4110 2556 4176 exp.)
2605 4105 2656 4159 Τ

361 4202 424 4253 17
456 4217 638 4254 uerum
671 4218 788 4254 esse
817 4200 970 4255 uidet
989 4202 1044 4254 P
1115 4203 1178 4255 18
1201 4218 1258 4255 se
1279 4201 1483 4271 uidere]
1513 4218 1568 4254 re
1598 4200 1781 4255 uidere
1808 4200 1967 4255 OTT
1971 4200 1987 4233 ¹
2008 4200 2253 4254 renidere
2272 4199 2329 4252 P
2398 4199 2463 4251 19
2486 4198 2651 4267 quod]

359 4307 462 4361 que
507 4289 665 4345 OPT
700 4306 801 4359 que
848 4290 916 4343 Τ1
1044 4292 1112 4343 24
1151 4307 1278 4360 ergo
1324 4290 1370 4345 Ο
1515 4289 1660 4359 quod
1696 4289 1933 4343 nondum
1974 4288 2127 4341 uidet
2164 4286 2378 4342 credere
2415 4288 2649 4343 ΟΡΤΤ1
