3184 4959
664 446 792 509 690
1373 442 1428 497 S.
1483 442 1757 497 Aureli
1812 442 2251 513 Augustini

665 656 790 719 qua
853 639 1275 703 communiter
1339 640 1564 719 οωῐιίε,
1632 659 1793 722 quae
1858 640 1923 705 id
1995 644 2230 724 potest,
2298 640 2505 705 anima
2580 641 2833 723 sapiens
2890 644 2942 704 et

663 764 850 809 uerax
897 746 1189 811 efficitur.
1239 765 1426 829 quarn
1477 746 1532 811 si
1581 747 1785 811 sensit
1831 766 1971 813 esse
2018 748 2419 831 Anaxagoras
2460 728 2737 829 eumque
2776 746 2939 811 deum

665 868 804 917 esse
833 851 999 915 uidit
1033 856 1436 936 mentemque
1468 853 1836 935 appellauit,
1876 872 1997 919 non
2040 854 2247 919 solum
2285 856 2943 937 nomen-Anaxagorae,

665 957 834 1039 quod
871 960 1130 1041 propter
1157 958 1502 1023 litteratam
1531 962 1923 1025 uetustatem
1953 946 2192 1038 omnes,
2232 962 2307 1025 ut
2332 960 2699 1025 militariter
2722 962 2945 1042 loquar.

663 1065 1018 1129 litteriones
1073 1065 1344 1130 libenter
1399 1066 1676 1143 sufflant,
1736 1086 1849 1132 nos
1898 1066 2120 1132 doctos
2170 1070 2235 1131 et
2280 1068 2598 1149 sapientes
2644 1086 2771 1131 non
2816 1066 2948 1129 facit
2988 1088 3005 1127 s

666 1172 780 1237 sed
833 1192 910 1237 ne
965 1173 1107 1257 ipsa
1152 1173 1408 1254 quidem
1455 1174 1592 1237 eius
1643 1173 1945 1256 cognitio,
1994 1193 2120 1257 qua
2162 1172 2229 1237 id
2274 1194 2495 1239 uerum
2547 1192 2691 1239 esse
2741 1192 2946 1256 cogno·

663 1280 782 1344 uit.
839 1298 960 1345 non
1017 1280 1184 1343 enim
1247 1280 1404 1345 mihi
1467 1284 1801 1363 propterea
1862 1282 2101 1345 ueritas
2158 1298 2301 1345 cara
2356 1298 2497 1345 esse
2552 1280 2767 1355 debet,
2822 1278 2947 1360 quia

665 1406 786 1453 non
848 1386 1040 1451 latuit
1082 1385 1536 1471 Anaxagoram,
1596 1386 1707 1452 sed
1756 1388 1903 1469 quia
1950 1388 2189 1452 ueritas
2236 1392 2354 1464 est,
2404 1388 2595 1451 etiam
2644 1388 2703 1451 si
2750 1386 2947 1451 nullus

666 1512 804 1557 eam
853 1493 1260 1577 cognouisset
1300 1494 1578 1560 illorum.

562 1592 643 1655 27
758 1598 826 1665 Si
871 1598 1070 1683 igitur
1113 1618 1226 1665 nec
1266 1600 1403 1665 eius
1452 1600 1749 1678 hominis,
1790 1600 1899 1683 qui
1944 1618 2169 1665 uerum
2216 1600 2477 1665 forsitan
2528 1599 2716 1675 uidit,
2758 1598 2949 1682 cogni·
2978 1624 3007 1659 ι]

667 1707 758 1771 tio
813 1724 930 1771 nos
985 1706 1202 1771 inflare
1257 1706 1464 1783 debet,
1519 1711 1597 1771 ut
1653 1726 1728 1771 ea
1782 1706 1963 1788 quasi
2021 1706 2191 1771 docti
2248 1724 2387 1771 esse
2442 1705 2799 1781 uideamur,
2856 1704 2949 1767 sed

665 1812 872 1896 ipsius
937 1814 1072 1877 ueri
1137 1812 1428 1890 solidare,
1487 1831 1614 1895 qua
1674 1830 1825 1877 uere
1882 1812 2049 1877 docti
2106 1830 2247 1877 esse
2300 1830 2671 1895 possumne,
2734 1818 2949 1895 quanto

667 1918 877 1983 minus
935 1938 1150 1983 eorum
1205 1918 1557 1997 hominum,
1616 1919 1727 2001 qui
1780 1919 1945 1983 falsa
1991 1922 2342 1994 senserunt,
2390 1918 2645 1982 nomina
2697 1921 2765 1983 et
2819 1918 2950 2001 dog-

671 2029 842 2091 mata
885 2029 1164 2091 nostram
1209 2029 1486 2109 possunt
1529 2025 1832 2091 adiuuare
1889 2026 2237 2091 doctrinam
2283 2027 2348 2090 et
2391 2024 2657 2089 latentia
2716 2026 2951 2108 cognita

668 2134 895 2210 facere,
945 2151 1111 2210 cum,
1169 2133 1225 2197 si
1271 2133 1558 2199 homines
1609 2152 1854 2211 sumus,
1913 2132 2118 2217 magis
2173 2150 2288 2198 nos
2338 2131 2703 2197 contristari
2752 2132 2951 2195 deceat
2978 2154 3007 2190 ιε

669 2243 770 2303 tot
825 2242 889 2303 et
940 2241 1070 2304 tam
1135 2239 1613 2305 nobilitatorum
1679 2240 2007 2305 hominum
2062 2239 2399 2313 erroribus,
2464 2238 2521 2303 si
2574 2256 2687 2302 eos
2756 2237 2949 2301 audire

671 2345 1025 2429 contigerit,
1085 2365 1274 2429 quam
1329 2346 1484 2411 haec
1551 2349 1885 2429 propterea
1940 2345 2225 2410 studiose
2281 2364 2598 2428 quaerere,
2668 2347 2749 2409 ut
2808 2343 2951 2408 inter

671 2472 802 2530 coe,
843 2450 950 2534 qui
986 2452 1100 2517 illa
1135 2453 1446 2532 nesciunt,
1488 2452 1826 2517 iactatione
1862 2452 2233 2516 inanissima
2269 2451 2681 2516 uentilemur!
2734 2454 2949 2533 quanto

671 2560 834 2623 enim
902 2558 1134 2623 melius
1200 2578 1278 2623 ne
1345 2559 1669 2624 audissem
1736 2558 1993 2641 quidem
2058 2576 2285 2623 nomen
2340 2558 2715 2634 Democriti,
2782 2576 2949 2640 quam

672 2685 816 2729 cum
865 2665 1076 2730 dolore
1125 2665 1492 2749 cogitarem,
1541 2665 1755 2730 nescio
1804 2684 1991 2747 quem
2040 2664 2176 2729 suis
2222 2662 2615 2746 temporibus
2664 2682 2951 2748 magnum
2978 2689 3009 2726 2·-

673 2776 987 2855 putatum,
1037 2772 1146 2855 qui
1192 2772 1344 2837 deos
1393 2790 1531 2837 esse
1580 2772 1991 2836 arbitraretur
2032 2770 2363 2855 imagineS,
2411 2788 2571 2853 quae
2618 2771 2697 2835 de
2748 2770 2951 2836 solidis

673 2879 1038 2961 corporibus
1103 2878 1368 2943 fluerent
1433 2878 1799 2960 solidaeque
1854 2879 2031 2962 ipsae
2084 2896 2209 2942 non
2266 2880 2498 2955 essent,
2557 2895 2798 2960 easque
2851 2878 2949 2941 hac·

673 2988 862 3068 atque
899 2985 1018 3050 hac
1055 2988 1232 3051 motu
1269 2986 1521 3069 proprio
1551 2984 1996 3049 circumeundo
2026 2987 2216 3067 atque
2250 2983 2584 3050 inlabendo
2620 2984 2687 3049 in
2729 2984 2951 3050 animos

672 3092 998 3156 hominum
1055 3094 1280 3168 facere,
1336 3097 1412 3157 ut
1465 3092 1568 3156 uis
1618 3090 1833 3155 diuina
1880 3091 2215 3174 cogitetur,
2264 3109 2409 3155 cum
2466 3092 2753 3173 profecto
2811 3088 2951 3155 illud

749 3283 774 3337 1
817 3284 944 3351 qua]
987 3285 1118 3352 quia
1151 3282 1208 3337 R
1402 3291 1517 3335 oms
1553 3282 1678 3335 MA
1858 3282 1891 3335 2
1930 3282 2101 3335 sentit
2134 3282 2247 3335 PV
2280 3282 2355 3334 sit
2390 3286 2443 3335 A
2636 3296 2951 3351 anaxagoras

675 3387 792 3425 esse
830 3372 886 3425 R
1048 3387 1272 3441 eamque
1311 3370 1432 3425 edd.
1596 3372 1631 3423 4
1666 3370 1855 3423 littera
1890 3386 2011 3424 cum
2048 3386 2158 3425 ras,
2196 3386 2359 3439 super
2394 3388 2442 3433 a,
2480 3388 2549 3423 m.
2572 3373 2611 3423 2
2644 3370 2865 3425 litterae
2898 3366 2953 3421 M

673 3460 890 3514 litterae
926 3460 982 3513 A
1017 3460 1339 3519 litterarum,
1379 3477 1448 3512 m.
1469 3465 1499 3511 1
1533 3476 1711 3528 supra
1744 3460 1772 3512 Ι
1805 3458 2107 3513 litteratam
2136 3458 2191 3513 R
2298 3458 2606 3513 militaliter
2650 3458 2699 3513 V
2808 3461 2839 3512 5
2874 3458 2949 3511 lit-

673 3550 899 3603 teriores
926 3548 1109 3603 MAR
1135 3552 1221 3615 (m.
1245 3554 1275 3600 1
1299 3564 1475 3617 supra
1509 3548 1538 3601 ξ’
1571 3548 1899 3619 litteriones)
1931 3564 1967 3601 a
2004 3547 2360 3602 litteratiores
2390 3564 2417 3601 e
2434 3548 2501 3616 fl
2518 3565 2549 3601 r
2692 3548 2951 3602 suffluant.

677 3656 741 3692 m.
763 3642 795 3691 1
828 3654 1003 3705 supra
1037 3638 1066 3691 ξ’
1100 3638 1324 3691 sufflant
1347 3636 1405 3691 R
1495 3639 1528 3691 6
1567 3636 1833 3707 quaedam
1862 3639 1916 3691 A
2008 3638 2039 3690 7
2076 3636 2211 3690 mihi
2248 3654 2351 3692 om.
2390 3636 2439 3691 V
2548 3654 2721 3691 essee-r
2754 3642 2947 3705 (parua

673 3728 813 3793 rae.)
858 3727 934 3781 Μ
1132 3728 1166 3780 9
1215 3743 1396 3781 eorum
1445 3727 1797 3795 cognouisset
1842 3742 1959 3780 eam
2006 3726 2062 3780 R
2272 3727 2333 3781 11
2388 3726 2505 3796 sed]
2550 3726 2649 3780 sed
2694 3744 2797 3781 nec
2833 3728 2948 3779 lrm

679 3818 744 3870 12
781 3817 913 3879 ueri,
951 3834 1020 3870 m.
1043 3820 1082 3870 2
1117 3833 1247 3869 uera
1281 3816 1356 3869 M
1640 3814 1817 3869 solida
1852 3833 1909 3869 re
1946 3814 2081 3869 ΒΡ1
2121 3820 2211 3881 (m.
2233 3819 2271 3869 2
2306 3816 2562 3885 solidare)
2608 3816 2663 3870 V
2692 3816 2948 3869 soliditate

677 3906 814 3973 aef
843 3904 1018 3959 solida
1053 3920 1138 3959 res
1179 3906 1316 3958 lrm
1429 3906 1494 3958 13
1531 3905 1756 3958 nomina
1794 3904 1867 3974 et]
1910 3908 1965 3957 et
2002 3905 2183 3958 omnia
2218 3905 2293 3958 M
2408 3907 2475 3958 14
2510 3908 2741 3975 possunt
2780 3920 2874 3959 om.
2908 3902 2949 3954 A

746 3994 1014 4047 laetitiam
1050 3994 1230 4047 MAR
1410 3992 1647 4061 cognita,
1686 4010 1754 4048 m.
1777 3996 1818 4047 2
1855 3994 2127 4062 cognitam
2165 3993 2241 4046 M
2273 3993 2544 4063 cognitam
2584 3996 2637 4046 A
2821 3994 2881 4045 15
2914 3990 2947 4041 si

677 4100 776 4137 om.
807 4084 862 4134 A
1005 4082 1172 4135 simus
1209 4080 1329 4135 edd.
1477 4082 1673 4135 doceat
1697 4082 1878 4135 MAP
1913 4086 2003 4148 (m.
2026 4086 2066 4135 2
2102 4081 2311 4149 deceat)
2424 4084 2487 4137 16
2526 4082 2947 4136 nobilitanorum.

677 4186 814 4225 corr.
851 4188 918 4226 m.
941 4174 972 4224 1
1006 4170 1420 4224 nobilitatorum
1457 4170 1532 4223 M
1673 4170 1881 4240 audire]
1924 4170 2160 4224 audierit
2195 4170 2270 4223 M
2444 4172 2510 4225 17
2550 4172 2875 4241 contingerit
2906 4170 2947 4220 A

682 4260 745 4313 18
783 4260 1077 4313 iactatione
1117 4263 1214 4324 (ae
1255 4264 1414 4325 eras)
1454 4259 1530 4313 M
1740 4261 1804 4313 19
1844 4258 2125 4313 audissent
2159 4260 2215 4313 A
2432 4260 2845 4328 quarn—nescio
2880 4258 2949 4311 bi·-

682 4348 869 4415 (prius
903 4364 1004 4400 om.
1045 4359 1187 4415 cum)
1231 4347 1281 4401 V
1385 4349 1448 4401 21
1492 4348 1623 4417 quid
1662 4366 1753 4401 eos
1782 4349 1857 4402 M
1880 4352 2033 4413 (m.2
2069 4348 2201 4417 quid
2238 4352 2353 4416 eas)
2379 4348 2489 4401 ΑΡ
2514 4352 2657 4417 [m..·2
2685 4350 2777 4419 qui
2814 4346 2946 4400 deosi
