3184 4959
472 429 603 492 470
1186 427 1239 481 S.
1296 426 1573 480 Aureli
1629 427 2065 497 Augustini

476 621 783 686 aduersus
820 621 1025 706 ipsam
1065 625 1311 705 partem
1349 621 1603 702 Donati,
1653 622 1818 688 unde
1855 641 2002 705 pars
2039 623 2272 708 Rogati
2318 624 2778 689 breuissimum

474 729 751 793 frustum
809 728 885 794 de
950 728 1157 794 frusto
1221 729 1457 795 maiore
1523 730 1880 812 praecisum
1945 735 2086 797 est?
2163 732 2306 814 quis
2373 736 2583 797 autem
2651 750 2778 797 non

474 835 1005 918 inpudentissime
1080 836 1319 902 nitatur
1382 835 1625 918 aliquid
1689 838 1752 901 in
1817 837 2122 922 allegoria
2183 839 2466 922 positum
2531 858 2640 922 pro
2708 858 2778 904 se

473 943 895 1026 interpretari,
934 943 1057 1008 nisi
1086 942 1319 1008 habeat
1346 945 1412 1007 et
1436 943 1776 1008 manifesta
1801 945 2189 1023 testimonia,
2230 965 2498 1028 quorum
2537 945 2778 1010 lumine

474 1048 898 1113 inlustrantur
944 1049 1254 1114 obscura?
2847 1075 2874 1112 5

374 1162 481 1224 25.
569 1153 757 1235 Quod
821 1158 1035 1220 autem
1101 1156 1395 1222 omnibus
1462 1156 1822 1223 Donatistis
1891 1157 2096 1222 dicere
2162 1159 2468 1235 solemus,
2543 1161 2779 1240 quanto

480 1261 711 1325 fortius
748 1260 935 1326 uobis
975 1262 1275 1328 dicimus:
1327 1263 1383 1327 si
1421 1267 1717 1346 possunt,
1756 1263 1928 1347 quod
1963 1265 2098 1328 fieri
2135 1284 2260 1329 non
2299 1267 2534 1348 potest,
2583 1264 2780 1347 aliqui

481 1366 710 1432 habere
768 1381 1023 1433 causam
1082 1368 1342 1445 iustam,
1401 1389 1525 1452 qua
1582 1371 2092 1436 communionem
2157 1389 2338 1436 suam
2396 1373 2691 1453 separent
2747 1391 2782 1434 a

483 1473 925 1538 communione
965 1475 1135 1539 orbis
1172 1477 1481 1540 terrarum
1512 1495 1778 1558 eamque
1809 1476 2128 1559 appellent
2157 1477 2493 1542 ecclesiam
2525 1476 2780 1556 Christi,

485 1579 656 1663 quod
702 1599 771 1645 se
816 1580 988 1646 iuste
1036 1580 1113 1646 ab
1162 1582 1444 1647 omnium
1493 1583 1781 1668 gentium
1831 1583 2276 1649 communione
2331 1583 2781 1666 separauerint,
2831 1605 2880 1642 ιο

484 1685 651 1750 unde
702 1687 906 1766 scitis,
953 1687 1019 1752 in
1066 1686 1425 1754 Christiana
1472 1688 1785 1755 societate
1833 1695 1962 1755 tam
2012 1690 2200 1774 longe
2254 1690 2510 1772 lateque
2559 1689 2788 1754 diffusa

486 1813 563 1858 ne
637 1793 821 1872 forte,
901 1799 1239 1878 antequam
1306 1814 1423 1861 uos
1472 1796 1904 1879 separantia,
1978 1797 2107 1861 iam
2181 1814 2252 1861 se
2335 1795 2534 1878 aliqui
2615 1795 2790 1860 iusta

488 1917 683 1964 causa
757 1904 1205 1984 separauerant
1279 1901 1343 1967 in
1416 1902 1966 1987 longinquissimis
2029 1901 2237 1982 terris,
2303 1901 2470 1966 unde
2535 1900 2613 1968 ad
2671 1919 2786 1966 uos

489 2025 707 2072 eorum
779 2007 1063 2073 iustitiae
1146 2009 1317 2074 fama
1378 2027 1501 2073 non
1584 2009 1866 2092 potuerit
1936 2009 2306 2092 peruenire?
2390 2027 2515 2091 quo
2596 2006 2786 2074 modo

489 2114 553 2178 in
620 2113 808 2180 uobis
870 2117 1089 2198 potest
1151 2134 1292 2180 esse
1348 2115 1620 2180 ecclesia
1683 2115 1900 2196 potius
1966 2134 2157 2198 quam
2222 2115 2286 2180 in
2339 2114 2496 2192 illis,
2553 2114 2662 2198 qui
2717 2131 2785 2179 se
2829 2139 2882 2178 ιε.

488 2219 731 2304 pliores
768 2220 931 2286 forte
970 2225 1463 2305 separauerunt?
1509 2221 1604 2288 ita
1639 2221 1730 2300 fit,
1771 2224 1864 2300 ut,
1904 2240 2050 2287 cum
2088 2222 2208 2288 hoc
2243 2221 2530 2300 nescitis,
2567 2221 2784 2286 incerti

490 2325 818 2392 nobismet
878 2328 1037 2411 ipsis
1104 2327 1271 2404 sitis,
1347 2328 1520 2411 quod
1582 2347 1844 2393 necesse
1911 2331 2010 2393 est
2077 2329 2406 2413 contingat
2473 2327 2788 2394 omnibus,

495 2431 605 2516 qui
650 2450 763 2515 pro
812 2452 929 2498 sua
974 2432 1279 2499 societate
1324 2436 1598 2498 utuntur
1641 2434 2007 2499 testimonio
2055 2453 2178 2499 non
2227 2433 2442 2499 diuino
2489 2433 2604 2498 sed
2651 2452 2788 2498 suo.

494 2557 701 2620 neque
756 2539 920 2603 enim
988 2540 1257 2623 potestis
1316 2539 1552 2605 dicere:
1617 2537 1712 2605 ‘Si
1776 2539 1898 2606 hoc
1955 2541 2355 2626 contigisset,
2420 2560 2536 2607 nos
2594 2541 2789 2605 latere

496 2663 619 2710 non
666 2649 930 2727 posset‚’
986 2663 1153 2723 cum,
1200 2645 1265 2710 in
1310 2645 1525 2710 Africa
1576 2645 1719 2728 ipsa
1765 2647 1921 2728 quot
1971 2646 2102 2710 iam
2154 2649 2366 2730 partes
2412 2647 2620 2711 factae
2665 2645 2794 2711 sint
2833 2671 2886 2709 ω

498 2768 571 2814 ex
614 2753 793 2835 parte
830 2751 1083 2824 Donati,
1132 2752 1190 2814 si
1233 2752 1734 2836 interrogemini,
1782 2771 1904 2819 non
1943 2753 2194 2831 dicatis,
2233 2753 2604 2836 praesertim
2646 2751 2794 2835 quia

498 2861 675 2922 tanto
726 2856 848 2922 sibi
895 2857 1212 2936 uidentur,
1262 2858 1373 2940 qui
1419 2858 1541 2924 hoc
1585 2858 1852 2934 faciunt,
1897 2861 2221 2938 iustiores,
2270 2863 2506 2942 quanto
2561 2859 2796 2924 fuerint

498 2964 851 3046 pauciore8‚
900 2969 965 3028 et
1008 2964 1232 3046 utique
1280 2967 1456 3031 tanto
1504 2967 1658 3029 sunt
1701 2965 2094 3034 latentiores.
2143 2987 2214 3031 ac
2253 2986 2364 3050 per
2407 2965 2528 3032 hoc
2572 2964 2796 3030 incerti

500 3071 682 3148 estiS‚
738 3088 817 3136 ne
863 3071 1025 3135 forte
1074 3071 1271 3154 aliqui
1316 3072 1505 3155 pauci
1549 3072 1710 3137 iusti
1755 3075 1822 3137 et
1866 3073 2007 3138 ideo
2055 3073 2316 3138 minime
2371 3073 2506 3139 noti
2561 3071 2795 3136 alicubi

499 3179 687 3264 longe
726 3181 945 3244 contra
974 3177 1223 3243 Afficae
1258 3178 1610 3257 meridiem,
1650 3181 1988 3262 antequam
2025 3199 2171 3263 pars
2217 3179 2444 3246 Donati
2480 3178 2796 3244 iustitiam
2833 3207 2886 3245 2⁵

579 3370 604 3424 1
653 3386 779 3440 pars
824 3369 1028 3439 Rogati
1074 3385 1177 3424 om.
1213 3368 1283 3424 N
1317 3386 1443 3440 pars
1490 3369 1682 3424 donati
1717 3369 1774 3424 P
1951 3369 2328 3424 breuissimum
2366 3367 2602 3422 fructum
2637 3371 2794 3436 (corr.

502 3476 572 3513 m.
596 3464 626 3512 1
658 3459 915 3525 frustum)
956 3457 1023 3512 de
1058 3457 1241 3514 fructu
1280 3462 1439 3525 (corr.
1476 3475 1545 3513 m.
1567 3463 1600 3512 1
1643 3458 1839 3524 frusto)
1881 3459 1947 3513 M
1993 3458 2374 3513 breuissimum
2420 3457 2680 3511 frustrum
2733 3455 2798 3509 de

503 3548 678 3603 frusto
715 3547 763 3601 0
794 3548 1147 3602 breuissimus
1182 3547 1363 3602 frutex
1402 3547 1469 3602 de
1504 3547 1706 3602 frutice
1732 3548 1800 3601 N
1888 3549 1922 3601 2
1948 3549 2223 3616 praecisus
2253 3550 2340 3601 est
2366 3545 2435 3600 N
2451 3545 2720 3617 praecidit
2746 3543 2798 3598 L

506 3639 539 3692 3
585 3637 1099 3709 imprudentissime,
1142 3655 1212 3692 m.
1234 3642 1265 3691 1
1297 3637 1325 3690 t
1370 3653 1443 3708 pu
1487 3654 1655 3706 super
1698 3655 1798 3708 pru
1834 3638 1891 3692 R
2089 3637 2145 3691 in
2194 3635 2458 3706 allegoria
2501 3633 2708 3704 aliquid
2746 3633 2801 3688 R

506 3730 541 3781 4
578 3727 683 3781 nisi
719 3726 922 3782 habeat
958 3728 1036 3796 et]
1078 3727 1125 3780 si
1160 3743 1273 3781 non
1308 3725 1480 3782 habet
1514 3726 1568 3781 L
1677 3728 1710 3782 ‘7
1748 3727 1905 3781 uobis
1945 3726 2140 3781 fortius
2177 3725 2299 3781 edd.
2419 3723 2643 3795 aliquid,
2671 3741 2740 3778 m.
2763 3727 2801 3776 2

508 3816 746 3886 aliquam
772 3815 847 3870 M
880 3815 1119 3886 aliquam
1146 3815 1199 3869 L
1272 3815 1305 3869 9
1344 3815 1626 3885 appellant
1655 3815 1758 3871 ΟΡ
1825 3815 1894 3870 10
1931 3815 2304 3886 separauerint
2342 3813 2716 3868 communione
2743 3811 2807 3866 N

580 3905 931 3975 sepsi-auexit,
970 3920 1110 3960 corr.
1147 3921 1217 3958 m.
1239 3908 1271 3957 1
1306 3905 1683 3974 separauerint
1715 3905 1790 3960 M
1897 3906 1959 3959 11
2001 3903 2058 3957 in
2095 3921 2197 3958 om.
2237 3903 2292 3956 A
2403 3902 2469 3956 12
2506 3919 2625 3970 n0S,
2661 3917 2798 3956 corr.

506 4009 578 4050 m.
598 3999 629 4047 1
664 4011 763 4048 uos
800 3992 875 4047 M
1014 3993 1295 4063 separetis,
1330 4009 1401 4048 m.
1424 3996 1465 4047 2
1500 3994 1826 4062 separaretis
1862 3993 1937 4047 M
2116 3993 2181 4047 13
2221 3993 2625 4062 separauerant,
2662 4005 2800 4044 cor-r.

510 4083 884 4152 separaueriut
920 4081 973 4135 L
1156 4081 1221 4136 16
1258 4084 1323 4135 ut
1358 4098 1461 4136 om.
1500 4081 1681 4136 MAP
1704 4088 1840 4152 post
1874 4081 2100 4136 nescitis
2137 4081 2304 4135 habet
2339 4079 2400 4134 N
2573 4079 2638 4133 18
2678 4095 2800 4149 quo.

510 4188 650 4226 corr.
686 4189 757 4228 m.
778 4175 809 4224 1
846 4171 938 4241 qui
972 4169 1049 4224 M
1284 4170 1545 4238 testimio,
1582 4189 1653 4227 m.
1675 4175 1717 4226 2
1747 4170 2067 4226 testimonio
2105 4170 2161 4223 P
2408 4169 2479 4224 20
2515 4170 2573 4222 in
2608 4183 2710 4222 om.
2750 4168 2802 4219 A

584 4259 730 4331 quod
764 4262 873 4315 iam
908 4259 1090 4313 MAG
1122 4258 1387 4329 quaedam
1424 4259 1491 4314 N
1629 4263 1758 4315 sunt
1781 4259 1838 4314 P
1931 4259 1997 4313 21
2042 4261 2124 4329 ex]
2164 4262 2221 4313 et
2247 4257 2314 4312 N
2449 4256 2802 4328 parte-quia

514 4367 615 4406 om.
653 4347 845 4403 MAN
