3184 4959
1165 427 1702 498 epistularum
1755 429 1950 487 XCIII.
2579 435 2708 500 467

414 621 787 706 sanguinis?
853 622 1079 688 hocine
1148 626 1247 688 est
1301 625 1538 690 bonum
1599 642 1758 707 opus
1813 627 2024 706 tuum,
2071 629 2328 710 propter
2373 628 2544 710 quod
2589 648 2712 695 non

412 729 641 794 timeas
692 732 1120 812 potestatem?
1180 732 1429 795 tantum
1492 730 1964 796 scandalum
2018 732 2260 815 ponis
2313 733 2714 801 aduersus

412 836 688 901 filium
767 837 1054 902 matris
1128 840 1321 902 tuae
1393 839 1736 921 paruulum
1813 838 2062 904 scilicet
2139 841 2204 904 et
2275 840 2715 920 infirmum,

414 946 747 1027 propter
820 962 1049 1026 quem
1114 943 1500 1010 Christus
1572 947 1946 1010 mortuus
2015 947 2160 1024 est,
2227 946 2508 1012 nondum
2573 947 2714 1014 cibo

352 1073 377 1110 ⁵
414 1053 676 1133 paterno
750 1049 1051 1115 idoneum
1126 1049 1238 1116 sed
1313 1050 1518 1114 adhuc
1591 1054 1878 1116 materno
1949 1050 2118 1117 lacte
2180 1051 2587 1119 nutriendum
2654 1057 2721 1118 et

414 1156 643 1222 Hilarii
690 1155 847 1221 mihi
892 1157 1090 1222 libros
1139 1157 1429 1240 opponis,
1468 1156 1566 1221 uti
1604 1176 1796 1242 neges
1837 1159 2608 1226 ecclesiam-crescentem
2653 1161 2717 1224 in

417 1263 708 1329 omnibus
766 1264 1063 1348 gentibus
1120 1282 1327 1347 usque
1380 1265 1443 1327 in
1502 1263 1692 1329 finem
1750 1265 2009 1344 saeculi,
2057 1285 2249 1348 quam
2298 1266 2454 1331 deus
2503 1270 2722 1332 contra

413 1371 928 1436 incredulitatem
976 1375 1258 1436 uestram
1298 1391 1443 1437 cum
1481 1372 1792 1438 iuratione
1828 1373 2151 1455 promisit!
2202 1375 2268 1436 et
2305 1391 2449 1438 cum
2490 1373 2720 1440 essetis

414 1478 863 1558 infelicissimi,
913 1477 969 1543 si
1013 1481 1187 1557 tunc,
1235 1478 1485 1562 quando
1542 1480 2053 1562 promittebatur,
2100 1480 2506 1558 resisteretis,
2555 1499 2720 1546 nunc

333 1607 385 1648 10
420 1585 633 1662 etiam,
682 1604 829 1650 cum
876 1585 1179 1662 redditur,
1233 1585 1692 1651 contradicitis,

46 1693 183 1756 VH
214 1694 298 1757 22
510 1690 634 1758 Sed
710 1691 1061 1758 historicus
1136 1691 1361 1758 doctus
1438 1711 1742 1776 magnum
1817 1692 2061 1776 aliquid
2141 1692 2468 1771 inuenieti,
2553 1693 2722 1776 quod

421 1802 639 1864 contra
682 1797 786 1862 dei
827 1799 1196 1864 testimonia
1238 1797 1684 1881 proferendum
1721 1803 1998 1880 putares.
2049 1798 2210 1864 dicis
2249 1799 2442 1865 enim:
2495 1799 2724 1880 ‘Quan—

421 1912 560 1971 tum
626 1905 707 1970 ad
767 1905 971 1970 totius
1031 1905 1253 1970 mundi
1316 1905 1594 1987 pertinet
1657 1907 1888 1988 partes,
1957 1905 2206 1970 modica
2268 1925 2414 1990 pars
2489 1910 2589 1972 est
2661 1907 2722 1972 in

424 2011 935 2094 compensatione
999 2011 1202 2076 totius
1268 2010 1510 2088 mundi,
1576 2011 1641 2076 in
1709 2031 1836 2094 qua
1897 2011 2055 2077 fides
2114 2011 2476 2078 Christiana
2527 2014 2726 2079 nomi-

338 2139 389 2180 15
422 2122 649 2197 natur',
696 2136 813 2182 nec
874 2117 977 2182 uis
1043 2116 1379 2182 adtendere
1435 2121 1548 2182 aut
1599 2120 1666 2182 te
1718 2136 1909 2182 nosse
1965 2116 2358 2196 dissimulaS,
2415 2119 2478 2184 in
2536 2139 2724 2201 quam

426 2226 661 2290 multas
726 2225 853 2288 iam
918 2224 1215 2289 barbaras
1280 2224 1569 2290 nationes
1643 2227 1774 2289 tam
1849 2243 2049 2307 paruo
2123 2225 2406 2308 tempore
2481 2226 2728 2291 uenerit

429 2330 856 2415 euangelium,
902 2333 977 2394 ut
1022 2348 1137 2395 nec
1181 2329 1427 2394 inimici
1462 2328 1702 2394 Christi
1749 2328 2038 2393 dubitare
2087 2328 2215 2394 iam
2259 2331 2511 2413 possint
2547 2331 2727 2396 breui

427 2442 711 2522 tempore
772 2437 1084 2514 futurum,
1151 2435 1321 2519 quod
1386 2435 1721 2518 discipulis
1785 2435 2114 2518 respondit
2177 2435 2254 2500 de
2310 2437 2548 2501 saeculi
2602 2437 2724 2500 fine

431 2543 907 2629 quaerentibus:
974 2543 1071 2606 Et
1134 2541 1761 2626 praedicabitur
1836 2541 1982 2606 hoc
2061 2543 2582 2627 euangelium
2647 2544 2724 2607 in

340 2674 393 2712 20
429 2651 825 2716 uniuerso
883 2648 1069 2713 orbe
1124 2647 1201 2712 in
1257 2647 1828 2714 testimonium
1895 2648 2266 2712 omnibus
2336 2649 2726 2732 gentibus

432 2763 507 2824 et
554 2760 745 2822 tunc
800 2754 1083 2820 ueniet
1126 2754 1353 2820 finis.
1402 2754 1425 2818 i
1470 2772 1638 2819 nunc
1685 2757 1750 2818 et
1795 2755 2002 2820 clama
2049 2757 2116 2820 et
2161 2755 2490 2836 contende,
2539 2775 2729 2840 quan-

429 2869 569 2930 tum
614 2867 829 2946 potes:
877 2862 1067 2926 etiam
1114 2862 1171 2926 si
1220 2861 1388 2945 apud
1423 2861 1616 2927 Indos
1664 2865 1730 2926 et
1765 2861 1992 2928 Persas
2041 2863 2448 2946 euangelium
2485 2863 2729 2946 praedi-

432 2975 630 3047 cetur,
694 2969 804 3034 ubi
872 2968 1127 3052 quidem
1191 2969 1319 3032 iam
1386 2968 1493 3033 diu
1559 2967 1981 3051 praedicatur,
2045 2969 2190 3038 nisi.
2262 2970 2552 3052 quisquis
2609 2969 2731 3036 hoc

432 3077 723 3153 audierit,
790 3076 1132 3141 Cartennas
1195 3075 1445 3140 uenerit
1517 3075 1624 3140 uel
1695 3074 1760 3140 111
1831 3075 2134 3140 uiciniam
2192 3075 2730 3152 Cartennensium,

345 3205 395 3246 25
432 3182 723 3249 mundari
769 3201 806 3245 a
853 3182 1105 3246 delictis
1153 3181 1291 3246 suis
1337 3183 1591 3249 omnino
1640 3200 1761 3247 non
1809 3181 2060 3265 poterit.
2124 3182 2296 3246 itane
2353 3182 2407 3246 si
2455 3183 2730 3246 carueris

616 3457 649 3508 2
687 3455 776 3509 Ps.
816 3453 905 3516 49,
944 3455 1015 3509 20
1124 3455 1157 3508 3
1192 3453 1223 3506 I
1262 3453 1379 3508 Cor.
1420 3453 1471 3518 8,
1514 3454 1575 3507 11
1690 3454 1726 3507 4
1762 3451 1791 3506 I
1829 3451 1947 3506 Cor.
1987 3453 2040 3520 3,
2069 3453 2102 3506 2
2208 3453 2275 3507 19
2309 3452 2506 3507 Matth.
2547 3453 2632 3516 24,
2667 3454 2734 3506 14

510 3635 539 3688 1
578 3631 804 3686 hoccine
840 3630 1045 3686 GPRL
1082 3630 1202 3684 edd.
1305 3631 1341 3684 4
1380 3632 1465 3684 est
1500 3631 1745 3683 mortuus
1783 3628 1903 3682 edd.
2006 3629 2038 3682 6
2066 3628 2236 3683 libros
2263 3629 2396 3682 mihi
2433 3627 2584 3684 OPR
2613 3627 2732 3681 edd.

508 3722 736 3792 apponis
774 3721 829 3774 A
1009 3719 1043 3772 8
1091 3735 1213 3772 011111
1257 3717 1551 3787 iuratione]
1604 3718 1972 3772 coniuratione
2009 3717 2066 3772 R
2247 3719 2280 3772 9
2327 3716 2644 3772 resisteritis
2680 3717 2736 3769 A

442 3812 509 3866 10
546 3807 871 3864 contradicis
908 3807 963 3860 A
1000 3805 1445 3861 contradiceretis
1483 3805 1538 3858 P
1681 3806 1747 3859 12
1785 3805 2102 3859 testimonia
2139 3805 2227 3859 dei
2263 3803 2644 3875 proferendum
2680 3802 2738 3856 R

441 3899 528 3954 dei
563 3898 735 3952 filium
770 3896 1087 3951 testimonia
1124 3893 1447 3965 proferenda
1482 3894 1538 3948 A
1651 3893 1714 3948 17
1754 3895 1837 3964 ut]
1875 3898 1932 3949 et
1967 3893 2091 3948 MA
2212 3893 2405 3963 possit,
2441 3908 2579 3947 corr.
2617 3909 2672 3945 m
2709 3896 2738 3944 1

440 3988 655 4059 possint
686 3986 763 4041 M
888 3985 955 4040 18
990 3985 1099 4040 fine
1137 3985 1338 4040 saeculi
1373 3983 1482 4040 RL
1608 3983 1679 4039 20
1717 3983 1868 4052 orbe]
1909 3983 2108 4036 mundo
2145 3981 2226 4037 M
2344 3983 2407 4036 21
2453 3985 2510 4036 et
2545 3998 2646 4036 om.
2685 3979 2740 4033 L

513 4077 569 4130 in
605 4076 751 4130 hunc
790 4078 847 4128 et
880 4075 937 4128 P
970 4075 1025 4126 in
1064 4089 1209 4127 nunc
1248 4077 1305 4126 et
1339 4071 1393 4126 L
1428 4087 1574 4126 nunc
1613 4074 1670 4126 et
1696 4071 1873 4125 MAG
1906 4071 2025 4126 edd.
2057 4077 2353 4140 praeterm
2389 4086 2531 4123 nunc
2568 4067 2741 4138 igitur

442 4165 497 4222 R
533 4166 591 4218 in
619 4165 723 4218 hoc
761 4167 818 4218 et
852 4181 936 4230 m;
970 4161 1169 4231 scripsi
1196 4163 1215 4216 i
1238 4177 1381 4216 nunc
1418 4165 1477 4215 et
1546 4162 1616 4215 22
1647 4161 1878 4214 si—iam
1915 4175 2036 4222 om„
2065 4177 2134 4214 m.
2157 4163 2198 4214 2
2222 4161 2287 4214 in
2313 4175 2485 4228 mary.
2519 4157 2649 4211 add.
2671 4155 2746 4211 Μ

513 4269 700 4325 persas
738 4256 795 4308 et
830 4252 991 4306 indos
1025 4251 1097 4305 M
1133 4253 1224 4317 (m.
1247 4251 1305 4320 2)
1349 4249 1501 4304 CPR
1536 4249 1658 4304 edd.
1787 4249 1857 4304 24
1893 4249 2128 4303 uicinam
2165 4247 2242 4302 M
2344 4248 2414 4302 25
2453 4247 2669 4300 0111111110
2709 4263 2740 4300 a

446 4342 660 4396 delictis
698 4341 811 4396 suis
848 4341 902 4395 P
936 4340 1056 4395 edd.
1205 4339 1454 4404 caruerit,
1492 4354 1630 4394 corr.
1669 4354 1738 4392 m.
1761 4343 1790 4390 1
1828 4337 2060 4392 carueris
2097 4337 2151 4391 P

2570 4440 2670 4494 30*
