3184 4959
1186 421 1718 493 epistularum
1771 419 1961 476 XCIV.
2599 425 2730 490 503

430 620 945 687 saeculorum
989 618 1449 686 laudabunt
1493 620 1589 686 te.
1639 620 1794 702 puto
1835 619 2048 683 autem
2085 617 2248 682 hanc
2293 617 2726 683 laudationem

426 727 697 794 uocibus
736 726 1200 792 concinentium
1238 743 1377 792 esse
1414 725 1842 808 promendam,
1873 725 1996 790 etsi
2032 725 2518 790 inmutabuntur
2555 743 2733 791 sanc-

428 838 641 900 torum
693 833 1162 918 resurgentium
1217 850 1499 915 corpora,
1556 835 1632 898 ut
1687 832 1816 898 sint
1875 832 2046 898 sicut
2101 834 2168 897 et
2213 831 2454 897 domini
2501 849 2732 916 corpus

428 944 579 1026 post
646 940 1175 1006 resurrectionem
1239 940 1587 1023 apparuit,.
1625 939 1692 1004 in
1759 957 1884 1022 qua
1955 938 2179 1022 utique
2252 936 2732 1004 resurrectionis

370 1060 395 1100 ⁵
432 1047 745 1114 humanae
790 1047 947 1112 uiua
997 1045 1212 1130 imago
1258 1046 1618 1128 praefulsit,
1665 1048 1742 1111 ut
1787 1045 2080 1112 dominus
2126 1045 2286 1128 ipse,
2332 1045 2440 1129 qui
2485 1045 2550 1110 in
2601 1063 2733 1110 cor-

430 1171 581 1237 pore
625 1153 791 1236 ipso,
848 1171 972 1236 quo
1020 1173 1247 1237 passus
1293 1153 1520 1230 fuerat,
1568 1157 1636 1218 et
1677 1156 2120 1231 resurrexerat,
2171 1151 2354 1234 quasi
2399 1152 2730 1236 speculum

432 1259 987 1344 contemplationis
1053 1259 1347 1325 omnibus
1411 1258 1626 1326 fuerit.
1702 1258 1812 1341 qui
1873 1257 2100 1340 utique
2165 1276 2311 1323 cum
2383 1257 2449 1323 in
2514 1257 2732 1323 eadem

433 1385 639 1445 carne,
714 1385 839 1449 qua
916 1368 1209 1432 mortuus
1293 1369 1361 1432 et
1440 1366 1734 1449 sepultus
1815 1365 2044 1445 fuerat,
2121 1368 2186 1431 et
2265 1367 2732 1442 resurrexisset,

435 1474 718 1540 omnium
765 1472 976 1538 omnia
1021 1471 1233 1538 officia
1276 1473 1707 1538 membrorum
1755 1491 2048 1556 expressa
2103 1470 2306 1538 oculis
2363 1475 2428 1538 et
2474 1471 2731 1537 auribus

346 1603 395 1642 ιο
432 1579 763 1646 hominum
838 1597 1025 1662 saepe
1103 1577 1395 1645 conlatus
1470 1577 1776 1643 exhibuit.
1861 1577 2032 1660 quod
2105 1577 2162 1644 si
2237 1577 2429 1642 etiam
2497 1577 2730 1662 angeli,

370 1735 375 1740 -
432 1707 699 1771 quorum
785 1686 1165 1770 simpliciter
1237 1685 1543 1768 spiritalis
1621 1687 1720 1750 est
1793 1687 2100 1762 creatura,
2173 1685 2426 1770 linguas
2501 1684 2732 1750 habere

432 1795 746 1874 dicuntur,
819 1792 1053 1875 quibus
1126 1792 1351 1876 utique
1424 1792 1647 1858 laudes
1713 1792 1967 1859 domino
2043 1792 2311 1859 creatori
2377 1795 2604 1858 canant
2667 1797 2734 1857 et

432 1901 668 1986 gratias
740 1901 971 1966 refen·e
1042 1919 1165 1966 non
1231 1900 1543 1978 desinant,
1623 1904 1857 1983 quanto
1933 1898 2140 1984 magis
2213 1899 2546 1964 hominum
2611 1900 2736 1965 etsi

434 2007 745 2091 spiritalia
795 2007 923 2074 iam
978 2011 1129 2092 post
1170 2007 1696 2074 resurrectionem
1751 2023 2012 2089 corpora
2065 2007 2466 2072 manentibus
2519 2009 2732 2072 tamen

344 2135 397 2176 15
434 2114 821 2198 glorificatae
888 2113 1091 2180 carnis
1158 2113 1453 2179 omnibus
1516 2113 1818 2178 membris
1885 2116 1949 2177 et
2008 2131 2122 2196 per
2177 2113 2389 2178 omnia
2450 2113 2734 2178 membra

432 2221 653 2288 formis
710 2225 775 2288 et
826 2221 1107 2288 numeris
1176 2223 1311 2286 suis
1367 2223 1432 2286 et
1492 2221 1748 2304 linguas
1813 2219 2138 2285 habebunt
2196 2220 2262 2284 in
2318 2221 2532 2285 oribus
2597 2219 2734 2284 suis

439 2333 502 2392 et
573 2329 813 2412 linguis
888 2328 1225 2394 effantibus
1294 2327 1533 2392 dabunt
1592 2345 1810 2404 uoceS,
1887 2325 2120 2409 quibus
2187 2326 2436 2392 diuinas
2508 2327 2733 2392 laudes

436 2436 544 2500 uel
608 2453 911 2500 sensuum
976 2454 1237 2500 suorum
1304 2434 1808 2518 gaudiorumque
1873 2433 2138 2499 affectus
2202 2452 2316 2516 per
2377 2433 2574 2498 uerba
2631 2432 2732 2496 de-

436 2544 730 2624 promant
774 2541 938 2606 forte
979 2542 1172 2606 etiam
1220 2542 1340 2606 hoc
1389 2541 1630 2624 gratiae
1678 2541 2042 2624 gloriaeque
2082 2539 2446 2622 adposituro
2496 2540 2732 2604 sanctis

346 2671 401 2712 eo
437 2647 572 2712 suis
624 2647 875 2714 domino
921 2647 985 2712 in
1035 2647 1307 2713 saeculis
1354 2647 1532 2731 regni
1579 2647 1701 2726 sui,
1748 2649 1824 2710 ut
1867 2648 2042 2710 tanto
2089 2645 2445 2728 potioribus
2492 2645 2732 2728 linguis

438 2759 505 2819 et
567 2753 835 2820 uocibus
893 2758 1139 2832 canant,
1208 2757 1441 2836 quanto
1500 2753 1579 2818 ad
1644 2753 1992 2818 beatiorem
2056 2756 2344 2817 naturam
2400 2769 2732 2836 corporum

435 2861 623 2925 beata
664 2861 1084 2926 inmutatione
1120 2861 1523 2944 profecerint,
1561 2862 1638 2925 ut
1671 2859 1734 2926 in
1776 2859 2142 2942 corporibus
2171 2860 2297 2922 iam
2337 2849 2730 2942 spiritalibus

440 2967 777 3032 constituti
829 2969 955 3032 iam
1010 2969 1273 3034 forsitan
1321 2985 1443 3032 non
1500 2967 1796 3032 humanis
1847 2966 1960 3032 sed
2014 2967 2144 3031 illis
2193 2965 2495 3051 angelicis
2543 2969 2732 3049 atque

440 3074 843 3154 caelestibuS,
903 3077 1123 3158 quales
1171 3071 1500 3160 apostolus
1548 3074 1611 3138 in
1665 3073 1961 3156 paradiso
2010 3073 2276 3154 audiuit,
2334 3073 2732 3139 sermonibus

348 3206 401 3246 85
439 3181 841 3264 eloquantur!
902 3185 964 3246 et
1028 3181 1169 3247 ideo
1236 3181 1499 3248 forsitan
1564 3180 1805 3246 homini
1859 3181 2209 3246 ineffabiles
2257 3200 2363 3246 eos
2413 3199 2732 3246 sermones

437 3288 635 3353 fuisse
672 3291 946 3354 testatus
986 3292 1103 3365 est,
1154 3289 1304 3371 quia
1349 3287 1789 3353 sanctis'inter
1825 3288 1982 3352 alias
2028 3287 2449 3370 praemiorum
2489 3287 2732 3371 species

619 3534 688 3587 24
723 3532 782 3586 ΙΙ
819 3531 937 3586 Cor.
982 3533 1065 3597 12,
1102 3535 1138 3590 4

509 3709 542 3760 2
582 3708 989 3779 promerendam
1028 3709 1087 3762 Ε
1208 3711 1243 3763 4
1278 3709 1335 3762 in
1376 3725 1481 3778 quo
1522 3707 1848 3764 P¹VUzsr
1973 3711 2005 3763 5
2043 3710 2098 3762 in
2137 3726 2238 3764 om.
2277 3711 2340 3764 Ε
2461 3709 2495 3763 8
2535 3713 2590 3763 et
2628 3725 2730 3762 om.

426 3797 557 3868 „VU
590 3797 710 3852 cdd.
850 3798 881 3851 9
921 3799 1103 3852 omnia
1138 3814 1239 3852 om.
1279 3797 1608 3852 P1VUzsr
1737 3799 1802 3853 10
1841 3798 2082 3852 conlatas
2120 3799 2194 3852 1²¹
2233 3799 2434 3853 collata
2479 3797 2590 3852 VU
2625 3799 2734 3850 Ζεφ-

442 3887 507 3938 12
546 3890 771 3940 cantant
806 3885 1004 3940 P¹VU
1035 3885 1155 3940 edd.
1270 3887 1335 3940 13
1372 3887 1561 3941 referri
1599 3887 1712 3940 PE
1853 3887 2110 3940 desinunt
2154 3886 2266 3942 VU
2299 3887 2420 3943 cdd.
2567 3889 2623 3940 et
2663 3885 2730 3956 si]

441 3979 497 4027 et
532 3975 644 4028 PE
753 3974 819 4029 14
856 3979 981 4044 post
1014 3976 1405 4030 resurrectione
1443 3975 1517 4028 Pl
1631 3978 1698 4030 16
1734 3976 1936 4045 linguis
1979 3976 2034 4030 E
2172 3977 2280 4030 oris
2329 3976 2437 4031 VU
2545 3977 2609 4030 17
2651 3975 2731 4028 di-

440 4064 593 4118 uinas
630 4080 731 4118 om.
770 4063 833 4117 E
930 4063 995 4118 18
1034 4064 1354 4133 gaudiorum
1395 4069 1519 4130 (om.
1561 4069 1688 4133 que)
1725 4065 1839 4119 PE
1943 4063 2166 4119 effectus
2204 4065 2315 4119 PE
2415 4065 2480 4119 19
2517 4065 2732 4134 apposi-

440 4156 589 4206 turos
627 4152 765 4206 P¹E
868 4153 934 4206 21
976 4153 1045 4207 ad
1083 4152 1405 4223 beatiorem]
1449 4153 1780 4207 abeatiorem
1819 4153 1866 4204 V
1965 4153 2034 4207 22
2071 4153 2375 4208 mutatione
2411 4153 2736 4208 P¹VUzsr

510 4239 821 4310 proficerint
856 4241 971 4294 PE
1086 4241 1156 4295 24
1194 4241 1408 4295 audiuit
1444 4242 1500 4294 in
1540 4241 1790 4311 paradiso
1826 4241 2026 4297 P¹VU
2056 4241 2176 4296 edd.
2305 4243 2374 4296 25
2414 4243 2736 4312 eloquantur

440 4333 497 4398 (n
535 4345 577 4384 s.
619 4331 693 4397 u.)
728 4329 785 4382 P
904 4329 1045 4396 iden,
1086 4345 1223 4382 corr.
1262 4329 1389 4383 inde
1436 4329 1483 4382 V
1518 4329 1646 4384 inde
1695 4329 1750 4384 U
1783 4329 1896 4384 lar
2019 4331 2226 4385 homini
2265 4347 2367 4385 om.
2407 4331 2605 4386 P¹VU
2621 4331 2734 4384 lar
