3184 4959
550 394 678 459 680
1254 390 1308 447 S.
1363 389 1639 445 Aureli
1692 390 2133 459 Augustini

549 587 760 653 minus
809 588 1030 652 haeret
1066 587 1204 666 de0,
1255 586 1363 669 qui
1411 606 1661 651 summe
1699 590 1817 663 est,
1868 590 1932 651 et
1974 586 2161 651 illum
2204 586 2347 653 ideo
2396 606 2644 651 summe
2683 606 2853 663 θεεθ,

551 695 700 777 quia
753 696 931 759 nulla
985 694 1416 759 mutabilitate
1471 692 1723 776 proficit
1778 712 1890 757 seu
1941 692 2181 769 deficit3
2240 693 2364 758 sibi
2410 696 2625 758 autem
2668 694 2851 758 illam

552 801 1116 866 commutationem
1147 801 1458 884 expedire,
1498 820 1623 882 qua
1650 800 1919 881 proficit,
1958 802 2031 863 ut
2056 800 2333 884 perfecte
2370 800 2466 865 illi
2496 801 2854 865 cohaereat.

555 928 693 974 cam
741 927 893 973 uero
943 906 1528 986 commutationem,
1567 926 1729 989 quae
1766 907 1829 971 in
1870 907 2125 972 defectu
2163 910 2281 983 est,
2328 927 2470 973 θεεθ
2516 908 2853 981 uitiosam3

553 1033 804 1079 omnem
875 1017 1090 1078 autem
1157 1013 1474 1078 defectum
1549 1012 1629 1077 ad
1700 1014 2027 1078 interitum
2091 1030 2375 1097 uergere,
2443 1031 2565 1095 quo
2633 1016 2853 1078 utrum
2892 1036 2923 1073 5

552 1120 766 1203 aliqua
827 1140 926 1185 res
990 1121 1341 1203 perueniat,
1420 1120 1679 1185 tametsi
1744 1140 1866 1185 non
1932 1123 2213 1203 apparet,
2276 1123 2489 1184 tamen
2554 1138 2857 1203 apparere

554 1227 847 1292 omnibus
904 1246 976 1293 eo
1035 1226 1263 1291 ducere
1326 1226 1677 1301 interitum,
1742 1230 1817 1291 ut
1879 1246 2001 1292 non
2068 1227 2173 1305 sit,
2242 1226 2413 1309 quod
2467 1230 2618 1292 erat.
2684 1226 2859 1291 unde

555 1333 804 1419 colligit
866 1353 986 1399 non
1053 1334 1132 1399 ob
1199 1333 1372 1399 aliud
1443 1354 1546 1399 res
1614 1334 1880 1399 deficere
1944 1333 2046 1397 uel
2111 1352 2303 1416 posse
2368 1332 2652 1408 deficere,
2724 1333 2859 1397 nisi

553 1441 724 1523 quod
763 1460 834 1505 ex
880 1441 1078 1507 nihilo
1126 1442 1329 1505 factae
1377 1444 1548 1519 sunt,
1596 1444 1691 1520 ut,
1740 1440 1912 1523 quod
1957 1441 2019 1505 in
2069 1441 2159 1507 eis
2210 1444 2328 1517 est,
2376 1439 2549 1523 quod
2594 1444 2743 1505 sunt
2792 1445 2863 1505 et

553 1550 812 1613 manent
857 1551 924 1613 et
976 1566 1087 1631 pro
1138 1548 1491 1613 defectibus
1539 1549 1733 1614 etiam
1790 1549 1925 1613 suis
1974 1547 2049 1613 ad
2095 1547 2533 1612 uniuersitatis
2579 1548 2862 1631 comple·
2904 1567 2963 1605 10

553 1672 701 1718 xum
732 1654 1119 1732 ordinantur,
1159 1654 1238 1719 ad
1267 1654 1404 1720 eius
1441 1654 1791 1719 bonitatem
1832 1653 2485 1736 omnipotentiamque
2520 1654 2862 1735 pertineat,

556 1759 665 1841 qui
721 1778 971 1825 summe
1029 1764 1128 1826 est
1182 1764 1246 1825 et
1303 1760 1610 1839 conditor,
1678 1762 1784 1844 qui
1837 1764 2065 1845 potens
2124 1762 2225 1825 est
2279 1760 2471 1825 etiam
2529 1780 2601 1825 ex
2653 1760 2859 1825 nihilo

557 1884 680 1930 non
737 1870 986 1931 tantum
1046 1868 1284 1950 aliquid
1353 1868 1465 1933 sed
1521 1868 1711 1933 etiam
1770 1886 2069 1953 magnum
2130 1866 2369 1949 aliquid
2432 1868 2665 1942 facere;
2730 1865 2865 1949 pri-

555 1991 733 2036 mum
788 1975 1001 2037 autem
1065 1976 1420 2056 peccatum,
1485 1974 1607 2039 hoc
1664 1978 1765 2039 est
1825 1976 2101 2057 primum
2165 1974 2597 2039 uoluntarium
2652 1972 2865 2037 defec-

558 2082 697 2141 tum
755 2097 897 2143 θεεθ
963 2079 1239 2164 gaudere
1295 2080 1374 2145 ad
1436 2080 1751 2164 propriam
1804 2083 2222 2165 potestatem3
2290 2080 2369 2145 ad
2422 2080 2633 2145 minus
2688 2080 2865 2144 enim
2912 2104 2969 2141 ιε,

559 2184 816 2269 gaudet,
883 2206 1072 2269 quam
1147 2186 1202 2251 εἰ
1277 2186 1354 2251 ad
1421 2186 1519 2250 dei
1591 2190 1974 2269 potestatem
2050 2187 2344 2272 gaudeat,
2408 2204 2571 2267 quae
2636 2186 2865 2269 utique

557 2292 759 2358 maior
804 2296 924 2358 est.
981 2293 1102 2359 hoc
1149 2313 1272 2359 non
1322 2293 1614 2359 uidentes
1662 2296 1727 2359 et
1770 2294 2087 2376 potentias
2132 2295 2453 2359 intuentes
2500 2292 2695 2357 animi
2740 2294 2863 2358 hu-

555 2399 727 2463 mani
793 2418 1214 2484 magnamque
1279 2400 1818 2484 pulchritudinem
1885 2399 2197 2465 factorum
2263 2404 2453 2484 atque
2520 2400 2865 2477 dictorum,

559 2506 755 2570 etiam
809 2507 865 2571 εἰ
919 2507 984 2571 in
1035 2526 1290 2591 corpore
1345 2508 1578 2589 puduit
1631 2525 1860 2590 ponere
1919 2526 2243 2572 summum
2287 2507 2547 2585 bonum,
2604 2506 2669 2571 in
2717 2506 2865 2589 ipso

557 2616 767 2677 tamen
826 2613 1032 2678 animo
1087 2616 1396 2696 ponentes
1443 2612 1608 2679 infra
1650 2614 1873 2697 utique
1922 2618 2293 2697 posuerunt,
2342 2632 2533 2696 quam
2576 2612 2689 2679 ubi
2736 2612 2866 2677 sin·
2910 2638 2973 2679 20

560 2718 887 2785 carissima
940 2720 1183 2785 ratione
1237 2720 1602 2803 ponendum
1659 2724 1777 2786 est.
1842 2721 2007 2786 inter
2069 2720 2209 2799 hos,
2266 2720 2373 2803 qui
2430 2720 2521 2785 ita
2576 2719 2869 2784 sentiunt

563 2826 731 2909 apud
772 2826 1046 2891 Graecos
1093 2827 1531 2910 philosophos,
1579 2830 1646 2893 et
1689 2847 1950 2894 numero
1992 2830 2057 2893 et
2092 2826 2459 2910 disputandi
2506 2825 2869 2890 subtilitate

565 2932 762 2999 Stoici
809 2934 1318 3015 praeualuerunt‚
1369 2934 1478 3018 qui
1513 2936 1727 2999 tamen
1774 2934 1839 2998 in
1876 2934 2272 2999 naturalibus
2312 2952 2613 3017 corporea
2648 2931 2867 2996 omnia

563 3059 703 3104 θεεθ
778 3040 1154 3106 arbitrantes
1227 3040 1434 3125 magis
1509 3060 1546 3105 a
1612 3059 1797 3107 carne
1871 3060 2060 3123 quam
2136 3060 2173 3105 a
2246 3058 2506 3123 corpore
2582 3038 2865 3103 animum

562 3148 846 3210 auertere
893 3148 1252 3228 potuerunt.
2908 3169 2969 3210 a

637 3407 662 3460 1
702 3405 842 3460 illud
877 3406 1000 3461 ideo
1039 3408 1095 3462 A
1129 3408 1254 3462 ideo
1291 3408 1446 3462 illum
1486 3408 1605 3464 edd.
1718 3422 1924 3462 summe
1963 3414 1991 3462 e
2032 3408 2084 3461 A
2124 3422 2240 3461 esse
2278 3421 2482 3460 summe
2518 3404 2576 3460 R
2666 3404 2701 3457 2
2738 3420 2865 3475 qua.

563 3512 699 3553 corr.
736 3512 806 3551 m.
825 3501 857 3551 1
893 3498 1021 3566 quia
1055 3497 1132 3551 M
1268 3498 1301 3552 3
1338 3498 1423 3551 illi
1461 3498 1770 3567 cohaereat]
1809 3496 1936 3551 ilico
1974 3497 2199 3551 haereat
2233 3494 2309 3551 M
2423 3496 2460 3550 4
2496 3510 2626 3549 uero
2664 3510 2769 3549 οη.
2810 3498 2865 3547 A

637 3583 855 3639 defectu
883 3585 996 3640 ΑΡ
1019 3583 1290 3641 defectum
1331 3587 1384 3640 V
1468 3588 1500 3643 5
1539 3588 1832 3657 integrum,
1868 3604 1937 3640 m.
1958 3591 1989 3639 1
2014 3602 2191 3655 supra
2215 3585 2243 3639 ἲ
2270 3584 2551 3639 interitum
2577 3582 2635 3638 R
2742 3598 2867 3636 uer·

565 3674 714 3743 gere]
753 3675 997 3739 tendere,
1031 3692 1208 3745 supra
1243 3693 1312 3730 m.
1333 3681 1365 3729 1
1398 3675 1426 3729 ἲ
1461 3691 1684 3745 uergere
1706 3675 1781 3729 P¹
1817 3674 2043 3730 tendere
2082 3674 2173 3728 uel
2209 3690 2434 3744 uergere
2479 3671 2534 3727 V
2652 3671 2685 3724 6
2722 3674 2865 3725 tam-

565 3762 673 3817 etsi
707 3765 804 3830 (oe
843 3768 1006 3832 erae.)
1043 3764 1118 3818 M
1256 3768 1518 3836 appareat
1553 3766 1676 3819 edd.
1818 3762 2024 3833 tamen]
2062 3767 2176 3818 tam
2212 3764 2268 3818 A
2424 3776 2699 3832 apparere,
2734 3776 2806 3815 m.
2828 3762 2869 3813 2

563 3867 741 3920 supra
775 3856 1004 3923 apparet
1036 3853 1093 3907 P
1215 3855 1246 3907 7
1284 3853 1612 3921 hominibus,
1648 3871 1717 3908 m.
1740 3857 1781 3907 2
1816 3852 2065 3907 omnibus
2102 3852 2159 3906 Ρ
2274 3852 2309 3906 8
2347 3850 2626 3920 colligitur
2660 3847 2875 3903 MP²V

637 3942 726 3995 uel
762 3958 922 4012 posse
959 3940 1188 3997 deficere
1223 3960 1327 3999 om.
1365 3942 1504 3997 P¹V
1635 3945 1668 3997 9
1705 3959 1768 3997 ex
1804 3958 1906 3996 om.
1954 3942 2008 3995 V
2140 3942 2207 3996 10
2241 3958 2339 4012 pro
2379 3937 2703 4007 defectibus]
2740 3953 2867 4007 pro-

565 4027 801 4084 fectibus
830 4032 886 4086 A
995 4032 1352 4101 cumplexum,
1377 4048 1448 4087 m.
1467 4034 1506 4084 2
1534 4032 1871 4103 complexum
1893 4031 1970 4085 Μ
2039 4032 2102 4085 11
2135 4030 2353 4085 omnino
2380 4028 2795 4099 potentiamque
2814 4024 2870 4081 R

571 4118 636 4172 16
673 4122 1002 4189 potestatem
1042 4118 1130 4173 dei
1157 4118 1214 4175 R
1251 4120 1372 4175 cdd.
1464 4121 1528 4173 17
1565 4121 1739 4175 maior
1776 4121 1882 4190 est]
1922 4120 2181 4174 maiorem
2216 4120 2272 4173 A
2348 4117 2414 4171 18
2452 4116 2733 4171 doctorum
2758 4112 2874 4167 ΔΡ

568 4210 656 4273 (m.
678 4211 718 4263 2
753 4208 1047 4277 dictorum)
1265 4210 1328 4263 21
1372 4209 1536 4280 inter]
1578 4212 1685 4263 iter
1730 4209 1783 4263 V
1992 4209 2063 4263 22
2111 4208 2419 4263 subtilitate
2458 4201 2779 4275 disputandi
2814 4203 2873 4259 R

567 4298 636 4351 23
675 4314 792 4351 θεεθ
831 4298 1011 4351 omnia
1047 4296 1184 4351 P¹V
