3184 4959
416 627 457 691 3

507 439 635 503 516
1234 436 1288 489 S.
1344 436 1620 490 Aureli
1675 437 2110 506 Augustini

593 629 695 695 Ad
738 631 859 697 hoc
915 633 1101 695 tuum
1155 631 1532 715 suffragium
1586 632 1868 715 petimus
1920 631 2246 714 impertire
2305 631 2605 718 digner-ia,
2661 634 2818 716 quia

508 737 595 814 id,
660 737 829 819 quod
890 737 1095 820 primo
1160 737 1569 820 impetratum
1631 741 1750 816 est,
1827 736 2034 804 noluit
2097 738 2393 824 allegare,
2439 757 2516 804 ne
2581 740 2816 804 iterum

510 843 905 928 supplicandi
972 844 1095 909 sibi
1159 844 1614 910 intercluderet
1677 844 2074 920 facultatem
2141 864 2264 910 non
2320 845 2488 910 enim
2545 850 2680 910 erat
2733 846 2818 910 ad

510 950 865 1016 desiderata
916 969 1310 1034 responsum.
1371 970 1537 1016 nunc
1583 969 1736 1016 uero
1785 969 1932 1016 cum
1987 953 2077 1016 sis
2125 951 2346 1017 eadem
2399 952 2814 1036 benignitate,

509 1077 635 1140 qua
690 1057 881 1134 soles,
938 1057 1052 1122 sed
1108 1057 1374 1140 amplior
1429 1061 1768 1142 potestate,
1824 1078 1946 1124 non
2003 1059 2414 1142 desperamus
2470 1059 2818 1124 adiuuante
2873 1079 2908 1118 ⁵

511 1163 763 1230 domino
818 1162 1065 1228 meritis
1110 1165 1242 1229 tuis
1298 1165 1419 1230 hoc
1474 1165 1664 1229 facile
1718 1183 1908 1248 posse
1955 1165 2235 1244 concedi,
2294 1184 2462 1244 cum,
2519 1166 2709 1231 etiam
2757 1165 2818 1230 si

510 1276 623 1337 tuo
680 1268 931 1336 nomine
988 1270 1205 1336 eadem
1262 1271 1405 1336 loca
1460 1274 1708 1355 peteres
1767 1277 1832 1335 et
1885 1275 2270 1338 memoratae
2317 1273 2624 1338 ecclesiae
2676 1272 2818 1356 ipse

513 1380 799 1458 donares,
857 1378 1001 1462 quis
1049 1378 1537 1462 reprehenderet
1582 1383 1696 1444 aut
1741 1379 1886 1462 quis
1931 1399 2054 1445 non
2099 1379 2374 1444 maxime
2428 1379 2820 1462 praedicaret

510 1485 879 1568 petitionem
928 1487 1105 1551 tuam
1146 1503 1266 1551 non
1304 1490 1583 1550 terrenae
1623 1480 1958 1568 cupiditati
2005 1484 2117 1550 sed
2157 1486 2546 1552 Christianae
2591 1487 2818 1571 pietati

514 1590 939 1656 seruientem?
1023 1589 1262 1656 domini
1337 1590 1439 1656 dei
1510 1592 1712 1656 nostri
1787 1591 2222 1656 misericordia
2293 1597 2358 1657 te
2431 1593 2495 1658 in
2563 1593 2816 1659 Christo
2857 1613 2916 1650 ιο

508 1697 857 1762 feliciorem
902 1700 1177 1770 tueatur,
1225 1697 1475 1763 domine
1520 1697 1634 1765 fili.

1540 1893 1794 1958 XCVII.

516 2029 809 2086 DOMINO
858 2029 1119 2086 EXIMIO
1166 2031 1257 2086 ΕΤ
1302 2031 1579 2087 MERITO
1635 2030 2310 2086 PRAESTANTISSIMO
2361 2029 2818 2095 MULTUMQUE

516 2118 599 2174 IN
637 2117 925 2175 CHRISTI
965 2119 1321 2176 CARITATE
1354 2119 1821 2176 HONORANDO
1865 2119 2064 2175 FILIO
2107 2118 2432 2175 OLYMPIO
2473 2117 2818 2174 AUGUSTI-

1168 2209 1311 2263 NUS
1348 2207 1431 2262 IN
1468 2207 1761 2263 DOMINO
1803 2207 2155 2262 SALUTEM.
2857 2233 2916 2272 15

608 2333 916 2414 Quamuis
972 2353 1136 2410 molt,
1202 2341 1277 2399 ut
1332 2333 1696 2399 audiuimus
1753 2337 1816 2398 te
1871 2335 2099 2399 merito
2165 2333 2601 2410 sublimatum,
2669 2350 2814 2396 curn

516 2443 659 2526 ipsa
727 2442 899 2506 fama
958 2440 1241 2506 nondum
1308 2440 1666 2506 certissima
1739 2441 1922 2506 nobis
1999 2443 2189 2519 esset,
2264 2440 2424 2506 nihil
2499 2439 2672 2504 aliud
2737 2437 2818 2502 de

518 2549 725 2613 animo
772 2557 884 2612 tuo
934 2547 1317 2613 credidimus
1374 2566 1524 2631 erga
1580 2547 1915 2613 ecclesiam
1974 2547 2096 2622 dei,
2143 2547 2328 2612 cuius
2383 2549 2449 2612 te
2505 2544 2821 2610 ueraciter

518 2655 720 2720 filium
769 2674 908 2720 esse
957 2655 1329 2740 gaudemuS‚
1386 2673 1573 2737 quam
1625 2654 1792 2737 quod
1839 2655 1970 2719 tuis
2017 2655 2249 2719 litteris
2297 2673 2441 2720 mox
2487 2649 2817 2735 aperuisti,

520 2763 728 2826 tamen
788 2761 977 2824 etiam
1032 2759 1163 2826 illis
1220 2761 1426 2840 lectis,
1485 2761 1718 2844 quibus
1773 2761 1941 2826 ultro
1999 2760 2298 2846 dignatus
2353 2779 2443 2838 ee,
2511 2757 2701 2824 etiam
2757 2755 2815 2820 si
2853 2781 2914 2821 ιο

518 2869 685 2952 pigri
730 2871 796 2934 et
841 2870 1214 2934 cunctantes
1260 2886 1571 2946 essemm,
1619 2868 2114 2934 exhortationem
2161 2863 2818 2932 beniuolentissimam

518 2975 791 3050 mittere,
847 2974 922 3036 ut
973 2971 1326 3036 instruente
1381 2974 1743 3039 humilitate
1790 2979 2006 3038 nostra
2059 2991 2172 3056 per
2213 2972 2577 3056 religiosam
2634 2968 2817 3033 oboe-

522 3079 823 3146 dientiam
860 3080 1036 3144 tuam
1077 3078 1391 3156 dominus,
1441 3080 1626 3144 cuius
1666 3099 1923 3144 munere
1971 3079 2120 3143 talis
2171 3097 2258 3154 ee,
2311 3077 2616 3143 ecclesiae
2663 3093 2818 3138 suae

521 3189 649 3252 iam
704 3185 957 3270 iamque
1014 3185 1367 3266 subueniat,
1416 3186 1654 3250 maiore
1709 3185 1945 3250 fiducia
1990 3185 2110 3249 tibi
2157 3183 2518 3260 scribimus»,
2566 3180 2820 3247 domine

599 3449 623 3502 1
673 3448 941 3518 impertiri
989 3448 1120 3504 P¹R
1164 3447 1432 3518 impartiri
1479 3448 1600 3502 edd.
1651 3451 1713 3502 ut
1756 3447 2018 3517 inpertire
2069 3447 2124 3500 P
2301 3447 2334 3500 2
2381 3445 2704 3515 imperatum
2739 3443 2816 3496 1²¹

598 3537 824 3606 alligare
852 3535 1157 3591 MFACP¹
1198 3537 1287 3606 (m.
1307 3541 1347 3592 2
1386 3537 1644 3605 allegare)
1719 3537 1755 3590 4
1782 3535 2156 3605 benignitate·
2187 3536 2260 3600 (m
2287 3536 2451 3602 eras.)
2480 3533 2537 3586 P
2606 3535 2638 3586 5
2667 3531 2816 3598 solis,

524 3641 663 3680 corr.
704 3625 919 3692 (m.1?)
960 3624 1101 3680 soles
1138 3625 1199 3679 F
1336 3625 1433 3680 sed
1472 3629 1529 3680 et
1566 3625 1798 3694 amplior
1834 3624 1908 3678 Ρι
2019 3625 2049 3677 7
2088 3623 2207 3677 loco
2245 3622 2307 3676 F
2445 3625 2740 3676 memorata
2765 3619 2819 3671 P

522 3715 557 3768 8
597 3713 929 3769 condonares
968 3715 1023 3770 R
1131 3717 1163 3768 9
1199 3718 1416 3769 terreno
1453 3714 1528 3768 M
1633 3713 1950 3785 cupiditate,
1989 3729 2125 3768 corr.
2169 3710 2381 3778 (m.1?)
2423 3709 2712 3781 cupiditati
2745 3707 2822 3762 M

528 3803 595 3858 10
629 3803 1027 3858 misericordia*
1054 3804 1110 3858 P

704 3945 861 4000 Idem
898 3946 1121 4011 codice&
1161 3947 1259 4017 qui
1292 3947 1355 4000 in
1390 3963 1469 4016 ep.
1509 3945 1726 4000 XCVI.

600 4087 664 4141 13
705 4091 761 4142 et
796 4088 1010 4158 merito]
1048 4089 1308 4159 meritoq3
1348 4089 1419 4142 12¹
1535 4090 1600 4143 17
1639 4089 1798 4142 nobis
1836 4087 2139 4142 certissima
2175 4086 2296 4140 edd.
2413 4084 2572 4138 nobis
2609 4099 2712 4138 om.
2747 4079 2822 4136 M

597 4179 794 4242 essent,
832 4193 899 4234 m.
922 4181 961 4230 2
998 4179 1143 4230 esset
1182 4175 1230 4230 Ο
1382 4177 1447 4231 18
1486 4176 1755 4232 credimus
1793 4175 2102 4231 MFACP¹
2259 4174 2328 4229 20
2365 4173 2574 4242 tamen]
2613 4174 2726 4225 tam
2764 4168 2828 4223 F

598 4266 763 4319 etiam
800 4266 871 4336 si]
908 4266 1013 4321 etsi
1050 4267 1105 4319 A
1229 4267 1295 4319 21
1339 4267 1596 4331 catantis,
1635 4283 1773 4321 corr.
1816 4267 2028 4332 (m.1?)
2071 4267 2386 4319 cunctantes
2424 4263 2498 4316 M
2637 4261 2818 4314 horta·

524 4354 735 4408 tionem
775 4352 849 4406 Ρ1
958 4355 1027 4409 24
1064 4354 1173 4408 iam
1210 4369 1312 4410 om.
1352 4355 1476 4408 MA
1618 4356 1857 4426 iamque]
1897 4355 2002 4408 iam
2045 4352 2189 4424 quod
2218 4353 2292 4408 M
