3184 4959
585 407 712 471 692
1304 403 1356 455 S.
1415 403 1691 457 Aureli
1746 404 2183 473 Augustini

583 618 724 665 esse
783 598 866 662 ‘in
931 598 1273 675 uniuerso’,
1335 598 1567 681 quibus
1626 598 2027 663 diuinitatem
2082 598 2327 676 tribuit,
2394 601 2460 663 et
2511 598 2891 663 ‘animantes

582 706 912 790 imagines,
974 724 1132 789 quae
1187 706 1293 770 uel
1347 705 1649 787 prodesse
1704 706 1886 770 nobis
1944 706 2192 770 soleant
2244 706 2352 770 uel
2406 707 2668 771 nocere’.
2735 706 2893 787 Epi-

585 831 774 878 curus
831 831 980 876 uero
1039 832 1241 895 neque
1299 811 1538 893 aliquid
1602 813 1668 875 in
1733 812 2059 895 principiis
2122 830 2331 875 rerum
2395 813 2575 895 ponit
2636 815 2897 894 praeter

587 923 854 997 atom08,
927 919 995 983 id
1069 922 1169 983 est
1242 920 1621 1001 corpuscula
1686 918 1993 1002 quaedam
2065 922 2198 983 tam
2270 918 2536 995 minuta,
2612 922 2687 983 ut
2759 918 2895 983 iam

587 1025 788 1091 diuidi
851 1030 1166 1108 nequeant
1236 1046 1439 1108 neque
1515 1026 1735 1091 sentiri
1800 1030 1913 1090 aut
1983 1026 2131 1091 uisu
2197 1029 2310 1091 aut
2367 1028 2548 1091 tactu
2612 1026 2895 1109 possint,
2952 1050 2975 1087 5

589 1152 858 1215 quorum
907 1133 1423 1215 corpusculorum
1474 1152 1786 1198 concursu
1846 1132 2104 1199 fortuito
2164 1136 2228 1197 et
2280 1133 2555 1198 mundos
2602 1134 2897 1197 innume-

587 1240 820 1304 rabiles
871 1244 934 1304 et
989 1239 1332 1305 animantia
1377 1244 1443 1304 et
1495 1241 1669 1323 ipsas
1718 1241 1961 1305 animas
2007 1238 2144 1305 fieri
2192 1239 2347 1305 dicit
2392 1244 2458 1305 et
2505 1240 2675 1315 deoS,
2725 1258 2898 1322 quos

587 1346 864 1410 humana
917 1346 1119 1410 forma
1164 1366 1286 1411 non
1343 1346 1405 1411 in
1455 1346 1667 1427 aliquo
1718 1346 1951 1411 mundo
2001 1347 2112 1411 sed
2161 1349 2332 1411 extra
2378 1347 2647 1411 mundos
2696 1348 2900 1428 atque

589 1453 754 1517 inter
799 1452 1068 1517 mundos
1117 1452 1480 1529 constituit3
1543 1456 1609 1517 et
1663 1472 1785 1518 non
1844 1452 1989 1517 uult
2034 1453 2285 1517 omnino
2343 1453 2586 1535 aliquid
2640 1458 2903 1537 praeter

592 1578 854 1643 corpora
909 1559 1206 1643 cogitare,
1275 1578 1436 1641 quae
1499 1564 1711 1623 tamen
1780 1562 1853 1622 ut
1908 1559 2168 1643 cogitet,
2235 1556 2543 1643 imagines
2599 1558 2755 1623 dicit
2818 1560 2899 1621 ab
2930 1584 2975 1621 ιο

589 1666 748 1748 ipsis
814 1666 1024 1745 rebus,
1093 1685 1250 1747 quas
1326 1666 1555 1729 atomis
1633 1665 1887 1729 formari
1960 1668 2165 1747 putat,
2234 1664 2504 1729 defluere
2568 1668 2761 1746 atque
2834 1666 2897 1729 in

591 1774 870 1837 animum
927 1773 1186 1837 introire
1243 1772 1632 1853 subtiliore8‚
1688 1792 1875 1855 quam
1936 1775 2086 1835 sunt
2136 1772 2284 1837 illae
2339 1772 2669 1855 imagines,
2726 1790 2901 1853 quae

592 1878 671 1942 ad
737 1878 955 1943 oculos
1033 1879 1300 1943 ueniunt
1362 1914 1450 1925 -—
1515 1898 1659 1944 nam
1728 1882 1791 1942 et
1865 1878 2123 1943 uidendi
2188 1897 2445 1943 causam
2517 1877 2679 1942 hanc
2742 1897 2900 1943 esse

592 1985 750 2050 dicit
793 2022 900 2065 —‚
948 1985 1280 2069 ‘ingentes’
1325 1987 1539 2049 autem
1586 1985 1912 2067 ‘quasdam
1958 1985 2311 2069 imagines’‚
2359 1984 2448 2048 ita
2493 1985 2589 2048 ‘ut
2631 1985 2901 2049 uniuer-

593 2111 736 2155 sum
783 2091 1091 2155 mundum
1139 2091 1641 2173 complectantur
1688 2089 2115 2157 extrinsecus’.
2166 2090 2487 2174 intellegis
2527 2090 2693 2155 enim
2738 2091 2899 2169 iam,
2938 2117 2981 2155 ιε

592 2201 668 2262 ut
713 2198 1001 2275 arbitror,
1049 2216 1206 2279 quas
1251 2198 1363 2263 isti
1411 2198 1746 2279 opinentur
1788 2198 2123 2281 imagines,

489 2312 572 2375 29
681 2304 879 2367 Miror
925 2322 1046 2367 non
1095 2304 1500 2368 admonuisse
1549 2304 1986 2369 Democritum
2032 2304 2137 2367 uel
2184 2305 2303 2369 hoc
2350 2304 2487 2388 ipso
2527 2304 2687 2369 falsa
2726 2323 2899 2379 esse,

595 2428 754 2492 quae
789 2409 962 2487 dicit,
995 2409 1142 2491 quia
1179 2410 1505 2475 uenientes
1542 2413 1674 2475 tam
1714 2430 1978 2495 magnae
2015 2411 2323 2495 imagines
2361 2410 2425 2474 in
2463 2416 2591 2475 tam
2630 2411 2903 2475 breuem

596 2516 876 2581 animum
939 2520 1250 2593 nostrum,
1326 2517 1382 2581 si
1447 2536 1809 2599 corporeuS,
1888 2521 1960 2581 ut
2021 2518 2117 2581 illi
2184 2518 2432 2595 uolunt,
2496 2520 2629 2581 tam
2692 2537 2901 2599 paruo

597 2642 853 2707 corpore
900 2623 1268 2701 includitur,
1315 2627 1487 2689 totae
1533 2624 1720 2690 illum
1767 2628 2023 2709 tangere
2070 2643 2190 2690 non
2240 2628 2529 2708 possunt.
2580 2644 2615 2687 a
2660 2644 2901 2709 magno
2938 2654 2983 2687 2⁰

598 2730 763 2794 enim
821 2750 1078 2813 corpore
1135 2750 1280 2796 cum
1345 2751 1615 2815 paruum
1672 2751 1901 2815 corpus
1966 2732 2338 2816 adtingitur,
2404 2750 2441 2794 a
2494 2732 2629 2795 toto
2698 2731 2905 2796 simul

598 2836 842 2920 adtingi
877 2837 1052 2901 nullo
1099 2842 1285 2921 pacto
1333 2840 1566 2919 potest.
1617 2856 1742 2919 quo
1790 2836 1977 2903 modo
2024 2836 2223 2923 igitur
2266 2840 2441 2902 totae
2490 2838 2685 2902 simul
2722 2840 2902 2923 cogi-

597 2946 832 3020 tantur,
891 2943 947 3007 si
1002 2943 1065 3005 in
1113 2947 1362 3008 tantum
1412 2945 1795 3029 cogita-ntur,
1849 2945 1916 3007 in
1962 2948 2269 3027 quantum
2324 2943 2655 3008 uenientes
2702 2949 2903 3027 atque

597 3050 902 3113 intrantes
969 3048 1247 3114 animum
1305 3050 1661 3135 adtingunt,
1720 3070 1879 3133 quae
1942 3070 2059 3115 nec
2110 3052 2283 3115 totae
2337 3050 2569 3114 intrare
2623 3065 2905 3131 possunt

598 3173 711 3236 per
782 3159 912 3219 tam
987 3174 1254 3238 paruum
1335 3176 1562 3239 corpus
1638 3177 1753 3222 nec
1816 3159 1989 3222 totae
2062 3158 2192 3221 tam
2266 3175 2537 3239 paruum
2613 3156 2899 3221 animum
2936 3182 2983 3223 25

602 3261 966 3345 adtingere?
1025 3267 1340 3329 memento
1397 3284 1500 3328 me
1557 3263 1906 3329 secundum
1962 3263 2109 3329 illos
2164 3263 2317 3327 haec
2375 3262 2581 3329 dicere
2626 3301 2715 3309 -
2772 3284 2899 3327 non

785 3471 851 3522 14
889 3468 1000 3526 Cic.
1040 3470 1108 3523 de
1143 3474 1258 3525 nat.
1298 3472 1348 3525 d.
1388 3470 1415 3524 I
1449 3472 1538 3536 43,
1579 3472 1683 3525 120

677 3594 703 3647 1
745 3594 802 3647 in
839 3594 1104 3648 uniuersis
1141 3594 1336 3648 PP¹V
1365 3596 1484 3651 edd.
1495 3615 1516 3663 ;
1552 3598 1623 3665 cf.
1671 3596 1780 3651 Cic.
1820 3596 1886 3650 de
1920 3600 2041 3649 nat.
2082 3596 2134 3652 d.
2172 3596 2215 3648 Ι
2251 3600 2342 3659 43,
2380 3600 2496 3649 120
2668 3598 2702 3649 2
2738 3596 2901 3650 nobis

595 3682 858 3755 ⁴prodesse
895 3682 951 3737 R
1105 3684 1382 3753 epicureus
1420 3684 1476 3737 P
1612 3688 1648 3739 4
1686 3686 1817 3755 iam]
1846 3686 2042 3739 *etiam
2083 3690 2138 3751 (a
2174 3687 2339 3750 eras.)
2378 3685 2433 3738 P
2532 3746 2541 3751 ,
2574 3684 2608 3737 6
2649 3702 2809 3739 cursu
2848 3688 2899 3739 A

676 3772 906 3825 fortuitu
943 3772 1124 3826 MAP
1161 3777 1248 3840 (m.
1273 3777 1311 3827 2
1345 3773 1596 3841 fortuito)
1705 3774 1937 3827 mundus
1971 3773 2380 3827 innumerabilis
2416 3774 2492 3827 M
2570 3774 2603 3827 7
2641 3776 2901 3829 amantia.

602 3878 670 3914 m.
693 3863 733 3913 2
769 3860 1067 3914 animantia
1104 3863 1157 3914 A
1249 3862 1282 3915 8
1319 3861 1415 3914 sed
1451 3878 1551 3917 om.
1591 3862 1646 3916 V
1728 3864 1762 3915 9
1799 3862 1963 3931 inter]
2002 3862 2224 3916 intraR
2318 3864 2382 3915 13
2420 3862 2561 3917 hanc
2599 3879 2817 3917 causam
2846 3863 2903 3919 R

607 3951 673 4003 14
715 3951 895 4002 autem
933 3966 1035 4003 om.
1077 3950 1196 4003 edd.
1311 3952 1375 4004 15
1416 3940 1894 4021 complectant“(=--
1932 3969 1999 4005 m.
2024 3954 2062 4003 2
2094 3951 2160 4004 in
2194 3952 2333 4021 ras.)
2361 3952 2415 4004 P
2556 3956 2739 4006 autem
2776 3952 2899 4009 edd.

609 4038 675 4093 16
714 4054 872 4108 quam
909 4038 982 4090 M
1017 4041 1168 4104 (m.2
1207 4047 1358 4107 quas)
1399 4044 1450 4093 A
1564 4040 1629 4093 17
1666 4040 1852 4109 miror]
1890 4038 1986 4093 sed
2022 4039 2264 4094 mirorR
2376 4042 2441 4095 19
2480 4040 2585 4111 ipsi
2612 4040 2668 4095 R
2768 4042 2835 4095 21
2872 4058 2901 4095 a

604 4127 781 4181 tocius
818 4127 980 4180 simul
1021 4126 1067 4177 V
1164 4128 1231 4179 22
1269 4128 1451 4197 pacto]
1491 4128 1650 4181 modo
1680 4128 1736 4183 R
1856 4129 2025 4198 igitur
2050 4130 2226 4197 totae]
2268 4146 2395 4197 ergo
2436 4146 2623 4183 omnes
2648 4128 2705 4183 R
2824 4131 2901 4183 si·

605 4215 719 4269 mul
745 4218 895 4269 totae
923 4215 1060 4269 P¹V
1155 4217 1224 4270 23
1263 4217 1311 4269 si
1346 4216 1402 4270 in
1439 4220 1653 4270 tantum
1692 4217 2005 4287 cogitantur
2034 4234 2136 4272 om.
2166 4218 2222 4271 R
2322 4218 2390 4272 26
2430 4218 2548 4279 hoc.
2590 4233 2727 4272 corr.
2763 4217 2901 4271 haec

607 4310 709 4357 aut
743 4304 898 4371 haec,
933 4321 1070 4360 corr.
1107 4304 1212 4359 hoc
1248 4322 1314 4360 m.
1336 4310 1365 4359 1
1401 4307 1454 4359 A
