3184 4959
1118 441 1653 512 epistularum
1707 439 1900 498 XCIV.
2523 448 2652 511 505

357 637 658 716 praestat,
718 637 783 698 at
840 639 1053 728 tamen
1108 634 1373 700 forsitan
1414 635 1692 720 -linguas
1741 637 2109 722 angelorum
2155 657 2269 721 pro
2319 639 2658 723 generibus

357 759 589 806 uocum
657 745 845 824 atque
910 760 1273 807 sermonum
1350 741 1592 822 dixerit,
1669 743 1836 808 sicut
1909 746 1977 808 et
2049 744 2125 809 de
2199 743 2654 812 charismatum

356 848 665 913 uarietate
704 848 1019 914 disserens
1056 849 1222 913 inter
1278 849 1439 914 dona
1478 849 1826 934 gratiarum
1861 853 2153 916 numerat
2199 871 2474 936 genera
2519 854 2655 918 lin·

358 973 671 1040 guarum
718 956 939 1037 utique
987 955 1105 1020 hoc
1156 956 1219 1020 in
1260 954 1443 1040 signo
1484 975 1624 1021 esse
1673 956 2060 1042 significans,
2102 958 2272 1040 quod
2309 959 2658 1025 multarum

297 1085 323 1123 s
356 1062 641 1146 gentium
708 1080 994 1127 sermone
1056 1063 1234 1146 loqui
1300 1061 1568 1147 singulis
1641 1063 1996 1129 donaretur.
2065 1064 2178 1130 sed
2241 1069 2306 1132 et
2368 1085 2490 1132 uox
2554 1067 2655 1132 dei

356 1185 547 1250 saepe
612 1167 691 1233 ad
757 1172 1008 1234 sanctos
1076 1169 1311 1234 emissa
1374 1169 1451 1233 de
1516 1168 1684 1234 nube
1751 1170 2032 1236 ostendit
2083 1189 2276 1254 posse
2331 1175 2651 1256 loquelam

357 1293 497 1339 esse
564 1275 700 1340 sine
761 1275 1003 1360 lingua,
1073 1275 1129 1341 si
1197 1275 1447 1358 quidem
1515 1275 1740 1360 lingua
1803 1277 2083 1361 corporis
2149 1279 2503 1345 membrum
2571 1281 2658 1346 sit

354 1382 663 1464 pusillum
732 1385 797 1447 et
860 1382 1357 1467 magnum..sed
1410 1384 1573 1448 forte
1640 1401 1713 1447 ex
1777 1383 1897 1449 hoc
1960 1384 2124 1468 ipso,
2192 1385 2340 1467 quia
2403 1386 2467 1451 in
2535 1387 2654 1452 hoc

355 1487 635 1554 membro
692 1489 871 1554 uocis
931 1479 1213 1554 officium
1260 1489 1418 1554 deus
1474 1489 1712 1573 posuit,
1771 1490 1966 1554 etiam
2017 1489 2420 1574 incorporeae
2469 1513 2654 1578 ange·

268 1613 319 1654 ιο
352 1593 558 1659 lorum
617 1599 941 1660 creaturae
998 1605 1319 1662 sermones
1369 1599 1434 1661 et
1490 1615 1684 1661 uoces
1739 1595 2022 1681 linguam
2079 1599 2430 1677 uocauerit‚
2486 1600 2656 1664 sicut

354 1703 667 1785 scriptura
723 1701 969 1768 adsolet
1024 1702 1140 1768 deo
1200 1721 1451 1786 quoque
1510 1703 1859 1768 secundum
1918 1703 2162 1786 species
2219 1706 2653 1788 operationum

353 1808 609 1873 nomina
654 1809 985 1893 adsignare
1032 1809 1479 1876 membrorum.
1528 1827 1636 1875 ora
1681 1828 1794 1892 pro
1840 1809 2023 1875 nobis
2071 1813 2136 1876 et
2183 1811 2336 1877 doce
2381 1831 2518 1878 nos,

223 1909 263 1972 8
442 1915 662 1981 Frater
705 1919 919 1981 noster
963 1916 1331 1982 carissimus
1371 1922 1435 1981 et
1474 1916 1888 1982 dulcissimus
1929 1915 2203 1996 Quintus
2242 1939 2432 2003 quam
2477 1920 2654 1985 tarde

356 2023 435 2087 ad
499 2042 615 2088 nos
681 2027 923 2089 remeat
986 2044 1022 2089 a
1086 2024 1294 2101 uobis,
1357 2026 1492 2088 tam
1558 2024 1686 2089 cito
1754 2043 1790 2089 a
1853 2024 2034 2089 nobis
2109 2023 2188 2089 ad
2259 2045 2378 2091 uos
2450 2027 2656 2092 redire

266 2144 319 2184 ιδ
355 2130 635 2194 festinat.
693 2129 1065 2197 instantiam
1112 2149 1263 2196 uero
1314 2131 1451 2195 eius
1498 2128 1558 2195 in
1609 2131 1842 2196 litteris
1891 2131 2215 2215 exigendis
2263 2133 2454 2198 etiam
2503 2135 2655 2198 haec

354 2234 633 2318 epistula
675 2235 887 2301 lituris
926 2255 1116 2319 quam
1153 2235 1447 2301 uersibus
1496 2235 1773 2300 crebrior
1815 2236 2126 2317 loquitur3
2177 2240 2656 2304 commemorati

354 2341 660 2408 exactoris
706 2343 967 2407 nimiam
1022 2342 1495 2407 festinationem
1545 2342 1779 2406 scheda
1823 2342 2005 2418 fec-it3
2063 2361 2208 2407 nam
2254 2343 2454 2427 pridie
2499 2345 2652 2409 Idus

350 2449 555 2514 Maias
628 2451 809 2514 uenit
871 2449 949 2512 ad
1013 2467 1151 2525 n08‚
1227 2453 1301 2513 ut
1370 2449 1677 2531 rescripta
1749 2451 2009 2531 peteret,
2085 2453 2150 2513 et
2211 2449 2434 2516 Idibus
2508 2455 2652 2516 ante

352 2559 592 2620 sextam
639 2555 879 2620 dimitti
936 2555 1235 2620 obtinuit.
1290 2554 1506 2620 uidete
1564 2573 1734 2639 erg0‚
1792 2559 2009 2620 utrum
2064 2573 2210 2620 eum
2258 2557 2652 2622 commenda—

260 2679 315 2719 20
352 2663 553 2727 uerim
618 2681 694 2726 an
762 2662 1193 2727 accusauerim
1268 2662 1459 2727 huius
1533 2661 1708 2727 modi
1770 2662 2160 2729 testimonio,
2234 2663 2394 2728 forte
2459 2664 2652 2742 enirn,

294 2773 297 2778 ’
348 2769 544 2834 immo
593 2770 728 2834 sine
770 2769 960 2835 dubio
1008 2769 1347 2834 laudabilis
1384 2769 1591 2853 magis
1631 2787 1822 2851 quam
1861 2767 2198 2851 culpabilis
2243 2770 2651 2849 iudicabitur,

349 2876 457 2959 qui
504 2894 542 2940 a
586 2876 946 2954 tenebris„
997 2877 1165 2958 quod
1211 2876 1275 2940 in
1324 2876 1792 2958 comparatione
1839 2876 2040 2940 uest-ri
2085 2877 2344 2941 luminis
2402 2897 2647 2954 summ,

342 2981 697 3048 iustissime
739 2982 1139 3047 refestinauit
1182 2983 1269 3047 ad
1314 2982 1557 3048 lucem
1607 3000 1836 3048 suam.

526 3227 559 3280 2
597 3227 625 3281 Ι
664 3225 782 3281 Cor.
824 3227 911 3293 12,
950 3226 1043 3294 10;
1084 3227 1152 3281 28
1265 3227 1295 3282 7
1334 3225 1442 3281 lac.
1484 3227 1533 3292 3,
1573 3231 1605 3282 5
1717 3227 1786 3280 22
1822 3227 1851 3281 Ι
1889 3227 2032 3280 Petr.
2074 3227 2124 3290 2,
2165 3227 2198 3282 9

420 3377 453 3430 2
492 3375 680 3430 dixnit
727 3375 779 3428 V
812 3376 949 3431 dixit
987 3378 1102 3432 lsr
1263 3377 1353 3447 de]
1394 3377 1448 3430 in
1491 3376 1580 3430 dei
1627 3375 1741 3432 VU
1773 3380 1931 3442 (corr.
1973 3376 2063 3444 de)
2245 3378 2277 3431 3
2318 3378 2551 3432 ueritate
2589 3379 2648 3434 E

348 3467 379 3518 6
420 3465 489 3518 ad
528 3454 611 3520 scs
650 3465 761 3520 PE
901 3465 1195 3535 loquellam
1233 3466 1439 3532 (altera
1476 3465 1498 3519 l
1536 3471 1703 3532 eras.)
1743 3465 1816 3518 P1
1853 3464 2138 3534 loquillam
2176 3465 2230 3518 P
2407 3467 2436 3520 7
2475 3485 2642 3522 mem-

344 3553 562 3608 brorum
591 3554 718 3609 P¹r
788 3555 821 3608 8
860 3554 987 3624 quia
1024 3555 1140 3611 sine
1176 3555 1282 3608 boc
1316 3553 1555 3610 membro
1592 3555 1652 3608 in
1691 3571 1796 3624 quo
1837 3558 1919 3608 est
1957 3555 2105 3610 uocis
2144 3555 2254 3610 ΥΠ
2271 3555 2384 3609 lsi·
2455 3557 2488 3610 9
2517 3575 2640 3628 pos-

347 3645 422 3698 sit
455 3643 653 3699 P¹VU
685 3645 797 3698 lsr
940 3643 1222 3713 incorpore
1257 3643 1331 3697 ,Ρ1
1370 3644 1427 3697 in
1468 3660 1690 3714 corpore
1738 3643 1977 3698 VUlsr
2100 3644 2168 3699 10
2206 3650 2462 3706 creatore,
2502 3662 2639 3701 corr.

343 3750 413 3787 m.
451 3739 517 3787 ut
550 3733 667 3786 uid.
707 3737 739 3786 1
776 3735 1017 3787 creature
1055 3734 1115 3788 E
1148 3749 1327 3789 creare
1375 3733 1615 3787 VUlsr
1762 3734 1824 3787 11
1868 3733 2126 3802 scriptum
2166 3733 2369 3786 assolet
2407 3734 2472 3788 Is
2510 3736 2638 3788 scri-

344 3831 505 3892 ptura
541 3822 683 3876 solet
718 3839 819 3875 rm
950 3837 1161 3891 queque
1199 3821 1260 3874 Ε
1367 3821 1433 3875 13
1473 3824 1528 3874 et
1566 3819 1911 3874 dulcissimus
1949 3837 2054 3877 om.
2090 3821 2206 3875 PE
2313 3823 2380 3875 14
2418 3823 2640 3876 edituos

347 3912 482 3976 (ras.
521 3913 665 3964 1—2
701 3911 761 3977 Ζ)
801 3910 873 3964 Ρι
1022 3913 1087 3964 15
1129 3909 1403 3974 stantiam,
1442 3927 1510 3962 m.
1535 3913 1575 3963 2
1609 3909 1929 3963 instantiam
1968 3911 2036 3962 1³¹
2197 3909 2384 3979 etiam]
2427 3914 2482 3964 et
2519 3911 2638 3965 edd.

351 3999 415 4053 16
450 3999 650 4060 lituris,
688 4004 815 4054 m.2
852 4000 915 4052 in
950 4015 1121 4069 mars).
1162 3999 1365 4052 litteris
1402 3999 1477 4052 Ρι
1513 3998 1696 4052 litoris
1731 3998 1790 4052 E
1824 3998 2032 4052 licturis
2080 3998 2190 4053 VU
2372 3999 2636 4069 loquitur]

342 4088 589 4158 loquitur
625 4105 729 4159 que
766 4089 827 4142 Ε
952 4088 1015 4142 17
1056 4088 1309 4154 exatoriS,
1348 4102 1489 4141 corr.
1528 4104 1596 4144 m.
1619 4091 1649 4139 1
1688 4085 1950 4140 exactoris
1988 4087 2064 4140 Ρί
2206 4087 2374 4141 nimia
2411 4087 2636 4142 festina-

342 4177 494 4231 tione
529 4178 590 4232 Ε
742 4176 903 4231 sceda
950 4175 1063 4230 ΥΠ
1094 4175 1347 4230 schedam
1386 4176 1445 4228 Ε
1479 4173 1722 4229 schidam
1759 4175 1834 4228 Pl
2021 4175 2087 4230 18
2125 4176 2328 4245 peterit
2362 4177 2422 4230 E
2582 4182 2638 4230 et

343 4282 445 4320 om.
484 4266 545 4320 E
652 4266 717 4319 19
755 4269 905 4318 sexta
942 4265 1017 4318 P¹
1126 4265 1195 4318 20
1234 4265 1324 4332 an]
1362 4263 1451 4317 nel
1482 4248 1606 4317 ‘VU
1640 4263 1760 4317 edd.
1893 4259 2042 4317 modi
2080 4280 2182 4319 om.
2221 4264 2358 4318 P¹E
2477 4267 2635 4319 testi-

344 4355 581 4408 monium
621 4354 679 4408 Ε
782 4355 850 4408 22
891 4355 981 4422 qui
1022 4354 1074 4422 a]
1117 4353 1245 4423 quia
1284 4353 1343 4406 Ε
