3184 4959
255 1639 296 1672 10

255 2170 297 2208 15

249 2702 298 2739 2⁰

1070 456 1597 525 epistularum
1651 457 1891 511 xxxvl.
2536 464 2619 529 37

329 656 542 715 autem
607 652 940 716 humiliter
1003 650 1174 715 fideli
1239 650 1346 715 uel
1412 652 1683 716 fideliter
1754 652 1983 717 humili
2057 656 2428 739 religiosum
2505 660 2623 721 est.

329 758 624 840 quamuis
655 757 1024 839 euangelica
1053 758 1368 841 scriptura
1397 776 1516 821 non
1549 759 1777 823 dixerit
1796 759 2165 825 damnatum
2187 761 2625 841 Pharisaeum,

331 865 442 928 sed
487 866 697 948 magis
744 864 1168 929 iustificatum
1219 864 1444 928 dixerit
1491 865 1925 946 publicanum.

417 971 656 1035 Verum
718 972 772 1035 si
828 972 950 1036 hoc
1005 971 1194 1036 modo
1250 973 1511 1053 putauit
1563 972 1690 1036 iste
1746 974 2269 1059 intellegendum,
2320 976 2489 1057 quod
2536 978 2628 1041 ait

331 1078 656 1141 dominus:
687 1077 869 1143 Nisi
899 1078 1450 1143 abundauerit
1487 1079 1830 1144 iustitia
1865 1084 2147 1145 uestra
2174 1081 2359 1164 plus
2390 1102 2621 1163 quam

331 1185 788 1249 scribarum
845 1188 923 1249 et
977 1185 1631 1263 Pharisaeorum,
1692 1204 1837 1250 non
1896 1187 2335 1253 intrabitis
2394 1189 2470 1252 in
2518 1209 2623 1253 re-

333 1311 566 1375 gnum
632 1293 1060 1368 caelorum,
1127 1294 1219 1369 ut,
1267 1292 1392 1355 nisi
1459 1292 1736 1373 amplius
1806 1312 1995 1374 quam
2060 1293 2161 1357 bis
2228 1294 2290 1357 in
2360 1296 2623 1359 sabbato

330 1398 708 1477 ieiunemus,
757 1399 878 1462 hoc
927 1402 1334 1481 praeceptum
1381 1418 1503 1462 non
1550 1400 1875 1481 possimus
1924 1401 2209 1483 implere,
2250 1401 2408 1465 bene
2456 1402 2627 1484 quod

331 1510 576 1586 septem
634 1505 772 1569 dies
830 1510 1001 1583 sunt,
1062 1505 1171 1588 qui
1229 1506 1556 1570 uolumine
1612 1508 1969 1588 temporum
2027 1526 2139 1590 per
2187 1528 2303 1573 sua.
2348 1509 2626 1593 uestigia

333 1616 732 1677 reuocantur.
790 1630 934 1676 cum
992 1631 1140 1695 ergo
1199 1632 1269 1675 ex
1326 1612 1425 1675 his
1483 1612 1752 1676 biduum
1809 1614 2078 1694 quisque
2136 1614 2491 1691 detraxerit,
2548 1634 2625 1679 ne

332 1719 596 1783 sabbato
671 1718 1114 1801 dominicoque
1187 1719 1448 1792 ieiunet,
1533 1724 1861 1783 remanent
1954 1720 2087 1783 dies
2172 1721 2471 1803 quinque,
2549 1722 2625 1785 de

333 1826 564 1905 quibus
613 1824 1025 1889 Pharisaeum
1074 1844 1366 1907 superare
1415 1825 1623 1907 possit
1658 1825 1757 1889 bis
1796 1826 1858 1889 in
1908 1826 2171 1893 sabbato
2218 1828 2623 1893 ieiunantem.

332 1936 486 2015 puto
528 1932 720 2007 enim,
753 1931 941 2013 quod,
977 1932 1032 1996 si
1068 1935 1166 1996 ter
1193 1933 1255 1996 in
1288 1932 1551 1997 sabbato
1594 1934 1863 2016 quisque
1901 1934 2163 2012 ieiunat,
2193 1936 2319 1999 iam
2367 1938 2628 2017 superat

333 2038 770 2113 Pharisaeum,
821 2038 928 2119 qui
985 2038 1083 2103 bis
1141 2039 1203 2103 in
1263 2040 1526 2103 sabbato
1582 2040 1924 2105 ieiunabat.
1976 2041 2145 2121 quod
2192 2041 2248 2105 si
2296 2044 2360 2105 et
2406 2044 2628 2124 quater

331 2150 437 2211 uel
505 2147 721 2223 etiam,
785 2150 861 2210 ut
923 2146 1139 2211 nullus
1205 2146 1450 2211 dierum
1519 2151 1777 2229 excepto
1846 2148 2109 2212 sabbato
2178 2152 2244 2213 et
2308 2147 2623 2214 dominico

331 2253 894 2337 praetermittatur,
933 2253 994 2316 in
1033 2252 1428 2317 hebdomade
1469 2254 1804 2336 quinquies
1852 2254 2188 2335 ieiunatur,
2229 2256 2397 2338 quod
2436 2254 2623 2319 multi

333 2364 466 2425 tota
523 2360 663 2423 uita
719 2378 836 2422 sua
889 2358 1132 2421 faciunt
1186 2359 1454 2423 maxime
1509 2358 1572 2422 in
1628 2361 2011 2425 monasterio
2080 2361 2435 2439 constituti,
2500 2380 2623 2426 non

334 2467 545 2532 solum
594 2464 994 2541 PharisaeuS,
1045 2465 1154 2546 qui
1199 2464 1299 2529 bis
1347 2466 1408 2528 in
1460 2464 1725 2531 sabbato
1772 2466 2113 2544 ieiunabat,
2164 2486 2387 2531 uerum
2434 2467 2621 2531 etiam

335 2572 762 2651 Christianae,
800 2574 910 2653 qui
959 2576 1183 2653 quarta
1230 2576 1294 2635 et
1341 2576 1518 2637 sexta
1565 2577 1630 2636 et
1676 2574 1815 2654 ipso
1856 2573 2119 2638 sabbato
2168 2574 2445 2637 ieiunare
2484 2593 2625 2637 con-

335 2680 572 2759 sueuit,
621 2679 791 2761 quod
836 2679 1198 2760 frequenter
1243 2679 1528 2743 Romana
1571 2680 1755 2762 plebs
1802 2679 1981 2754 facit,
2027 2679 2087 2743 in
2145 2680 2357 2744 labore
2404 2679 2627 2743 ieiunii

335 2787 760 2870 superabitur.
809 2790 874 2849 et
917 2789 1129 2849 tamen
1165 2784 1378 2849 nescio
1419 2786 1560 2867 quis
1600 2786 1743 2863 iste,
1784 2790 1856 2848 ut
1894 2785 2073 2863 diois,
2114 2786 2373 2850 urbicus
2412 2785 2629 2866 dispu-

335 2896 523 2971 tator,
583 2892 772 2957 etiam
833 2892 886 2955 si
943 2891 1212 2973 quisque
1271 2892 1588 2956 continuis
1647 2892 1923 2973 quinque
1978 2898 2227 2973 praeter
2290 2892 2625 2956 sabbatum

336 3004 398 3065 et
445 3000 836 3064 dominicum
885 2999 1110 3063 diebus
1159 3000 1251 3063 ita
1297 2999 1554 3075 ieiunet,
1606 3004 1678 3063 ut
1726 3000 1899 3063 nullo
1948 2999 2049 3063 die
2099 3018 2326 3081 corpus
2374 2999 2626 3064 omnino

333 3106 598 3180 reficiat,
665 3125 808 3170 eum
875 3106 1187 3171 carnalem
1257 3108 1464 3180 uocat,
1515 3105 1697 3187 quasi
1764 3106 1946 3170 cibus
2014 3112 2078 3169 et
2138 3108 2333 3187 potus
2400 3104 2626 3169 ceteris

275 3232 300 3269 ⁵
335 3212 562 3278 diebus
610 3230 732 3277 non
779 3211 1092 3295 pertineat
1139 3212 1216 3276 ad
1257 3230 1528 3287 carnem,
1569 3214 1635 3276 et
1680 3213 2097 3276 uenti-icolam
2146 3212 2404 3289 iudicat,
2444 3210 2627 3293 quasi

337 3320 536 3385 solius
587 3318 834 3383 sabbati
877 3318 1212 3400 prandium
1261 3317 1605 3381 descendat
1650 3318 1711 3381 in
1764 3322 2073 3381 uentrem.

512 3530 546 3581 5
583 3526 782 3583 Matth.
819 3529 870 3589 5,
910 3527 980 3581 20

407 3652 428 3704 1
471 3650 689 3713 humifi,
728 3666 864 3704 corr.
905 3666 970 3703 m.
995 3654 1025 3703 1
1061 3649 1250 3703 humili
1279 3648 1334 3702 P
1438 3648 1470 3702 3
1511 3648 1650 3702 dixit
1687 3648 1805 3701 edd.
1916 3650 1951 3701 4
1988 3652 2147 3718 putat
2182 3647 2472 3701 P¹P2P³T
2507 3648 2625 3702 edd.

338 3742 364 3793 ’s'
405 3746 461 3794 et
501 3738 555 3793 T
591 3739 684 3792 lm
825 3738 858 3792 8
897 3743 1185 3808 praecepto
1226 3738 1316 3791 lm
1472 3754 1761 3806 possumus
1806 3736 1911 3790 Ta
2059 3738 2119 3791 ll
2163 3736 2537 3805 dominicaque
2582 3738 2634 3790 T

403 3830 491 3899 de]
528 3829 586 3882 in
623 3826 911 3882 P¹P²P³T
945 3828 1066 3883 edd.
1159 3828 1222 3880 13
1261 3828 1379 3895 quis
1417 3826 1537 3881 edd.
1568 3832 1796 3895 praeter
1824 3844 1862 3879 a
1947 3828 2013 3880 14
2052 3828 2129 3895 et}
2170 3830 2267 3879 aut
2310 3826 2361 3879 ‚T
2432 3826 2497 3879 15
2528 3824 2623 3879 do-

335 3918 528 3973 minica
573 3918 626 3973 T
713 3918 778 3971 16
815 3918 1089 3971 ieiunetur
1123 3914 1417 3969 P¹P²P³T
1452 3933 1609 3969 aem
1696 3917 1759 3970 17
1800 3916 2143 3968 monasteriis
2182 3912 2476 3967 P¹P2P³T
2508 3914 2627 3968 edd.

336 4008 402 4063 20
436 4008 492 4061 in
527 4007 707 4061 labori
744 4007 822 4060 Ρ2
930 4006 995 4060 21
1038 4005 1381 4075 superauitur
1418 4004 1484 4057 H
1589 4004 1765 4057 nescit
1799 4003 1874 4056 Ρι
1996 4003 2145 4065 dicis,
2185 4018 2322 4055 corr.
2363 4000 2525 4055 discis
2551 4000 2629 4055 1²²

337 4098 400 4151 22
439 4098 672 4166 quisque
711 4094 982 4148 continuis
1020 4094 1278 4163 quinque]
1318 4093 1546 4161 quisque
1587 4098 1714 4155 (om.
1747 4092 2014 4145 continuis
2054 4092 2314 4159 quinque)
2344 4090 2463 4143 ΗΡ
2482 4092 2625 4159 quin-

337 4204 434 4255 que
481 4186 724 4254 quinque
771 4182 1042 4237 continuis
1090 4200 1126 4235 a
1185 4182 1305 4251 quis
1355 4182 1592 4251 quinque
1642 4181 1911 4234 continuis
1960 4186 2076 4235 cett.
2126 4180 2245 4233 edd.
2435 4178 2626 4232 diebus

335 4280 544 4343 praeter
581 4272 868 4327 sabbatum
909 4277 964 4326 et
1003 4270 1328 4325 dominicum
1363 4271 1541 4339 siquis
1575 4286 1713 4325 corr.
1741 4270 1821 4323 1²³
1893 4271 1961 4323 23
1992 4269 2077 4323 die
2108 4268 2192 4322 bis
2221 4268 2301 4321 Ρι
2411 4268 2625 4321 omnino

337 4380 524 4434 corpus
562 4361 773 4415 reficiat
817 4360 867 4415 T
901 4360 1114 4414 omnino
1155 4360 1363 4413 reficiat
1401 4376 1592 4429 corpus
1632 4358 1751 4414 edd.
