3184 4959
429 432 559 497 430
1142 432 1194 482 S.
1251 430 1526 483 Aureli
1584 430 2024 498 Augustini

425 645 588 703 rum,
633 625 986 703 libidinem,
1035 644 1161 707 qua
1204 624 1585 708 rapiebatur,
1636 624 1917 689 stimulis
1965 623 2156 688 etiam
2202 627 2416 689 tantae
2465 627 2734 691 auctori-

427 732 579 795 tatis
628 731 936 809 accendit,
983 732 1158 795 nullo
1196 731 1383 794 modo
1424 731 1485 794 in
1524 731 1689 795 illud
1724 729 2042 814 flagitium
2079 731 2188 795 uel
2227 732 2732 815 concupiscendo

424 839 747 904 laberetur
792 839 897 903 uel
942 837 1356 921 perpetrando
1414 838 1895 921 inmergeretur,
1947 837 2002 902 si
2049 836 2352 904 Catonem
2397 840 2734 905 maluisset

424 945 665 1010 imitari
714 965 905 1026 quam
960 945 1215 1021 Iouem3
1286 943 1397 1008 sed
1447 963 1569 1024 quo
1618 947 1804 1026 pacto
1852 943 1916 1007 id
1962 944 2220 1019 faceret,
2271 962 2417 1008 cum
2463 945 2528 1008 in
2575 949 2733 1008 tem-

425 1052 550 1136 plis
598 1051 855 1117 adorare
914 1055 1249 1134 cogeretur
1291 1049 1512 1114 Iouem
1568 1051 1786 1132 potius
1843 1069 2028 1132 quam
2091 1050 2442 1115 Catonem?
2507 1071 2732 1117 uerum
2798 1075 2823 1112 5

426 1161 581 1224 haec
631 1179 701 1222 ex
751 1157 1099 1234 comoedia,
1150 1155 1384 1239 quibus
1431 1157 1777 1239 impiorum
1823 1157 2010 1222 luxus
2059 1161 2124 1220 et
2170 1158 2481 1242 sacrilega
2519 1177 2734 1242 super-

429 1267 609 1332 stitio
658 1265 1161 1342 conuiuceretur,
1209 1264 1483 1346 proferre
1532 1264 1795 1328 forsitan
1853 1282 1975 1327 non
2034 1264 2362 1332 debemus,
2428 1266 2570 1350 lege
2625 1267 2732 1330 uel

424 1375 657 1450 recole,
731 1373 795 1436 in
872 1370 1114 1436 eisdem
1184 1370 1367 1434 libris
1446 1389 1637 1452 quam
1709 1370 2054 1452 prudenter
2128 1370 2480 1437 disseratur
2552 1373 2729 1436 nullo

425 1480 613 1544 modo
688 1478 979 1562 potuisse
1055 1477 1431 1559 scriptiones
1500 1481 1563 1540 et
1629 1479 1910 1542 actiones
1975 1479 2175 1560 recipi
2239 1479 2729 1557 comoediarum,

424 1587 549 1651 nisi
597 1604 805 1651 mores
852 1584 1293 1667 recipientium
1350 1588 1790 1649 consonarent.
1837 1585 1947 1648 -ita
2001 1585 2503 1650 clarissimorum
2561 1587 2726 1650 uiro·
2771 1610 2824 1649 ιο

425 1713 569 1757 rum
614 1693 679 1757 in
728 1711 794 1756 re
841 1690 1098 1774 publica
1144 1689 1585 1754 excellentium
1637 1693 1700 1755 et
1747 1691 1825 1754 de
1863 1711 1930 1756 re
1966 1692 2227 1774 publica
2264 1693 2730 1775 disputantium

430 1799 809 1864 auctoritate
854 1797 1145 1860 firmatur
1188 1796 1615 1879 nequissimos
1673 1798 1958 1862 homines
2016 1799 2150 1862 fieri
2207 1797 2468 1864 deorum
2523 1799 2734 1864 imita-

430 1906 603 1970 tione
648 1904 895 1987 peiores
942 1921 1066 1966 non
1114 1922 1265 1967 sane
1312 1921 1610 1968 uerorum
1659 1903 1768 1968 sed
1815 1905 2122 1970 falsorum
2169 1908 2360 1986 atque
2413 1905 2728 1971 fictorum.

518 2013 606 2076 At
652 2012 819 2076 euim
868 2010 981 2073 illa
1028 2009 1255 2087 omnia,
1306 2027 1467 2090 quae
1514 2010 1870 2092 antiquitus
1917 2010 1995 2074 de
2042 2011 2182 2075 uita
2227 2011 2488 2076 deorum
2543 2014 2731 2076 mori-

426 2119 675 2200 busque
732 2115 1090 2198 couscripta
1144 2118 1313 2192 sunt,
1370 2115 1558 2198 longe
1618 2115 1801 2178 aliter
1857 2119 2008 2180 sunt
2062 2116 2494 2200 intellegenda
2539 2123 2729 2201 atque
2772 2145 2821 2185 ιε

425 2223 893 2306 interpretanda
940 2221 1355 2304 sapientibus,
1402 2221 1495 2284 ita
1540 2240 1692 2285 uero
1739 2221 1801 2285 in
1849 2223 2107 2305 templis
2161 2224 2416 2305 populis
2474 2243 2732 2309 congre-

430 2330 595 2414 gatis
650 2328 904 2394 recitari
962 2329 1229 2394 huiusce
1285 2327 1460 2392 modi
1520 2328 1807 2392 salubres
1871 2329 2420 2412 interpretationes
2477 2331 2612 2396 heri
2667 2335 2732 2396 et

428 2437 893 2501 nudiustertius
943 2435 1330 2500 audiuimus.
1399 2453 1636 2517 quaeso
1683 2436 1768 2512 te,
1819 2435 2014 2499 sicine
2062 2454 2320 2499 caecum
2369 2439 2468 2500 est
2512 2437 2732 2502 huma-

428 2563 579 2607 num
646 2561 847 2626 genus
916 2541 1224 2606 aduersus
1290 2541 1649 2618 ueritatem,
1709 2543 1786 2604 ut
1841 2544 1966 2604 tam
2027 2545 2243 2624 aperta
2288 2545 2354 2606 et
2397 2543 2734 2608 manifesta

426 2668 549 2714 non
616 2649 892 2714 sentiat?
948 2651 1049 2713 tot
1100 2648 1261 2713 locis
1316 2647 1621 2730 pingitur,
1679 2647 1986 2724 funditur,
2035 2647 2342 2731 tunditur,
2393 2649 2728 2732 sculpitur,
2769 2679 2823 2717 ρο

429 2757 745 2835 scribitur,
793 2756 1049 2839 legitur,
1100 2755 1331 2838 agitur,
1392 2756 1699 2831 cantatur,
1761 2753 2032 2818 saltatur
2075 2755 2366 2837 Iuppiter
2419 2756 2730 2821 adulteria

425 2866 605 2926 tanta
660 2862 1089 2936 committens;
1160 2865 1466 2943 quantum
1526 2863 1680 2938 erat,
1740 2864 1816 2924 ut
1859 2861 1922 2924 in
1973 2879 2088 2925 suo
2137 2861 2365 2926 saltem
2416 2861 2728 2944 Capitolio

426 2969 553 3031 ista
614 2967 952 3048 prohibens
1017 2966 1375 3051 legeretur?
1438 2966 1596 3030 haec
1651 2966 1820 3030 mala
1876 2966 2201 3032 dedecoris
2257 2968 2731 3051 impietatisque

426 3073 799 3157 plenissima
845 3072 901 3138 si
946 3074 1194 3136 nemine
1242 3073 1614 3154 prohibente
1651 3072 1713 3136 in
1753 3073 2009 3156 populis
2048 3074 2352 3152 ferueant,
2395 3075 2732 3139 adorentur

425 3181 491 3245 in
538 3179 819 3262 templis,
864 3179 1191 3243 rideantur
1233 3179 1295 3242 in
1344 3180 1632 3258 theatris,
1683 3199 1828 3244 cum
1875 3180 1977 3244 his
2023 3181 2320 3246 uictimas
2376 3181 2726 3260 immolant,
2767 3214 2822 3253 25

428 3287 719 3351 nastetur
781 3303 977 3367 pecus
1037 3285 1227 3349 etiam
1286 3305 1658 3368 pauperum,
1718 3304 1864 3350 cum
1910 3286 2066 3350 haec
2130 3286 2466 3352 histriones
2531 3291 2732 3371 agunt

431 3397 493 3456 et
559 3391 811 3470 saltant,
880 3391 1278 3456 effundantur
1340 3392 1720 3475 patrimonia
1784 3392 2078 3472 diuitum,
2145 3393 2440 3458 ciuitates
2513 3394 2729 3458 florere

432 3499 771 3564 dicuntur?
834 3499 1063 3564 horum
1126 3500 1312 3581 plane
1368 3499 1593 3563 florum
1651 3518 1772 3564 non
1829 3503 1994 3564 terra
2050 3500 2298 3579 fertilis,
2347 3521 2468 3566 non
2519 3501 2728 3582 aliqua

609 3673 785 3725 s-lo
826 3672 889 3728 cf.
930 3670 1040 3726 Cic.
1082 3671 1148 3725 de
1186 3689 1299 3741 rep.
1338 3673 1530 3742 fragm.
1568 3673 1646 3726 IV
1687 3675 1769 3738 10,
1811 3674 1875 3727 11

505 3797 537 3849 3
574 3796 666 3851 uel
702 3795 1065 3866 perpetrando
1106 3798 1500 3865 inmergeretur
1534 3813 1640 3851 om.
1679 3796 1745 3849 K
1877 3800 1907 3850 5
1949 3796 2174 3850 adorare
2213 3813 2304 3850 eos
2343 3801 2630 3866 cogeretur
2667 3796 2732 3849 K

436 3885 499 3937 14
538 3887 621 3938 at*
662 3889 709 3950 (t
746 3901 811 3939 ex
856 3901 1025 3952 σοιν-Ἴ·
1059 3886 1242 3952 fuisse
1286 3886 1405 3940 uid.
1453 3887 1553 3953 ait)
1593 3885 1666 3938 M
1710 3887 1789 3940 ait
1825 3885 1886 3939 1⁴¹
1919 3890 1974 3939 at
2015 3891 2062 3952 (t
2099 3903 2166 3938 ex
2199 3901 2312 3939 ras.
2353 3891 2402 3939 et
2439 3902 2579 3941 corr.
2620 3892 2648 3937 1
2689 3887 2727 3938 I.

430 3991 498 4027 m.
522 3977 582 4040 2)
621 3975 678 4028 P
834 3974 929 4027 illa
968 3991 1069 4027 om.
1109 3975 1165 4029 R
1302 3977 1367 4029 18
1406 3991 1577 4043 genus
1615 3975 1912 4028 humanum
1949 3974 2006 4028 R
2139 3975 2207 4028 20
2245 3974 2496 4028 tunditur
2532 3991 2636 4028 om.
2671 3977 2728 4027 A

434 4064 496 4116 21
542 4065 755 4117 canitur
788 4064 845 4119 R
990 4065 1179 4126 saltus
1220 4080 1358 4118 corr.
1398 4071 1517 4119 m.1
1559 4064 1793 4118 saltatur
1828 4065 1904 4119 M
2006 4067 2075 4118 22
2113 4065 2191 4133 in]
2231 4069 2264 4116 fl
2303 4063 2356 4116 A
2465 4064 2536 4118 25
2571 4061 2726 4116 rede-

432 4155 590 4206 antur
615 4151 725 4206 ΓΑ
756 4156 888 4220 (ras.
916 4153 1215 4220 rideantur)
1358 4153 1632 4206 thesauris
1659 4153 1790 4206 MF
1787 4154 1839 4206 A
1975 4153 2214 4206 uictimis
2243 4152 2362 4204 ΑΚ
2461 4153 2530 4206 26
2561 4152 2726 4206 etiam

431 4257 594 4310 pecus
624 4241 679 4296 R
822 4241 958 4295 haec
987 4257 1089 4294 om.
1121 4240 1175 4293 R
1284 4243 1351 4294 28
1393 4242 1644 4296 dicantur
1671 4241 1732 4294 F
1870 4245 2014 4294 terra
2051 4259 2156 4294 non
2185 4241 2241 4295 R
2388 4241 2571 4310 aliqua
2589 4235 2730 4296 {0⁸12

430 4345 605 4398 supra
642 4347 695 4382 u.
736 4330 799 4384 K
