3184 4959
600 440 728 504 682
1326 438 1379 492 S.
1437 436 1715 492 Aureli
1770 436 2206 507 Augustini

598 653 710 717 per
766 632 1090 699 dominum
1148 635 1436 696 nostrum
1493 630 1709 695 Iesum
1768 628 2095 696 Christum
2150 631 2559 697 inlustratum
2616 636 2741 710 est3
2794 632 2885 698 cui

600 740 710 804 uni
775 739 1058 821 exemplo
1135 738 1228 831 in·
1269 737 1558 802 cuiusuis
1635 738 1843 802 animo
1917 738 2215 804 ferociter
2268 738 2631 823 adrogantis
2698 739 2887 805 omnis

601 845 898 928 superbia
943 845 1114 910 cedit
1159 846 1224 909 et
1279 844 1592 928 frangitur
1639 848 1705 909 et
1751 844 2073 909 emoritur.
2130 844 2398 926 ideoque
2444 866 2565 910 non
2614 845 2888 910 ualentes

599 953 695 1017 illi
759 952 1138 1018 auctoritate
1201 951 1422 1015 turbas
1487 954 1877 1015 terrenarum
1940 970 2153 1016 rerum
2220 951 2558 1016 dilectione
2614 954 2889 1017 caecatas

600 1060 677 1124 ad
750 1058 1176 1124 inuisibilium
1249 1058 1438 1123 fidem
1507 1058 1753 1135 ducere,
1830 1076 1977 1122 cum
2043 1076 2147 1121 eas
2221 1058 2513 1122 uiderent
2574 1057 2890 1141 Epicureis
2941 1078 2961 1117 ε

597 1166 868 1231 maxime
916 1164 1426 1230 contentionibus
1477 1164 1865 1229 commoneri
1918 1184 2041 1229 non
2090 1164 2299 1229 solum
2347 1164 2427 1228 ad
2471 1164 2891 1239 hauriendam,

601 1293 724 1356 quo
791 1272 958 1336 ultro
1026 1271 1405 1349 ferebantur,
1475 1269 1590 1334 sed
1656 1270 1849 1333 etiam
1914 1270 1993 1334 ad
2057 1269 2558 1335 defensitandam
2624 1268 2892 1352 corporis

599 1381 1022 1462 uoluptatem,
1071 1380 1148 1441 ut
1190 1376 1255 1442 in
1295 1396 1368 1441 ea
1415 1395 1743 1440 summum
1790 1376 2029 1441 bonum
2076 1376 2350 1441 hominis
2390 1377 2897 1451 constitueretur,

601 1506 707 1553 eos
783 1487 1018 1563 autem,
1093 1484 1204 1565 qui
1289 1484 1597 1548 aduersus
1672 1482 1833 1548 hanc
1903 1484 2303 1566 uoluptatem
2376 1484 2639 1549 uirtutis
2716 1484 2893 1548 laude

597 1594 1019 1671 mouerentur,
1099 1590 1312 1655 minus
1398 1589 1743 1655 difficulter
1818 1608 1955 1654 eam
2031 1590 2442 1672 contemplari
2524 1590 2587 1654 in
2674 1589 2894 1655 animis
2930 1612 2969 1651 ιο

599 1699 947 1775 hominum,
1023 1698 1189 1763 unde
1263 1696 1433 1761 facta
1504 1698 1689 1775 bona,
1757 1696 1833 1761 de
1901 1698 2132 1779 quibus
2198 1701 2547 1779 utcumque
2610 1700 2899 1780 poterant

599 1806 894 1883 iudicare,
953 1805 1382 1887 procederent,
1442 1804 1638 1869 simul
1692 1803 2018 1881 uidebant,
2078 1804 2131 1868 si
2182 1804 2273 1869 eis
2322 1807 2702 1869 conarentur
2755 1803 2899 1867 insi-

599 1931 790 1977 nuare
837 1913 1116 1995 aliquam
1173 1931 1306 1976 rem
1354 1910 1636 1975 diuinam
1686 1914 1750 1977 et
1796 1929 1989 1992 supra
2036 1910 2248 1975 omnia
2292 1909 2899 1987 incommutabilem,

602 2039 761 2103 quae
809 2019 984 2084 nullo
1035 2018 1470 2101 adtingeretur
1517 2016 1798 2099 corporis
1846 2035 2059 2095 sensu,
2118 2016 2233 2081 sed
2280 2018 2417 2081 sola
2463 2020 2673 2081 mente
2723 2018 2901 2081 intel·

599 2129 936 2211 legeretur,
985 2145 1146 2207 quae
1191 2128 1405 2189 tamen
1455 2125 1648 2189 etiam
1696 2126 1985 2188 naturam
2030 2124 2237 2207 ipsius
2284 2125 2517 2189 mentis
2558 2124 2901 2200 excederet,
2932 2145 2975 2185 ιε,
3089 2148 3090 2185 2

601 2252 871 2315 eumque
931 2252 1072 2297 esse
1129 2232 1321 2297 deum
1375 2232 1777 2314 propositum
1832 2231 2040 2295 animo
2098 2232 2372 2295 humano
2430 2230 2506 2296 ad
2562 2231 2901 2295 fruendum

599 2343 868 2425 purgato
927 2340 1004 2405 ab
1063 2339 1232 2404 omni
1286 2338 1428 2403 labe
1485 2340 1903 2403 humanarum
1960 2336 2406 2419 cupiditatum,
2468 2335 2537 2401 in
2595 2356 2723 2420 quo
2780 2356 2900 2401 uno

602 2446 1038 2529 adquiesceret
1075 2444 1280 2510 omnis
1327 2444 1747 2509 beatitudinis
1796 2443 2120 2526 appetitus
2160 2446 2225 2508 et
2265 2444 2330 2507 in
2373 2462 2498 2526 quo
2546 2443 2731 2509 nobis
2780 2462 2901 2508 uno

599 2551 907 2618 bonorum
947 2552 1231 2616 omnium
1269 2551 1413 2615 finis
1445 2552 1635 2627 esset,
1676 2568 1799 2614 non
1832 2567 1940 2614 eos
1977 2549 2419 2615 intellecturos
2452 2554 2515 2614 et-
2550 2570 2905 2635 repugnan-

598 2661 774 2725 tibus
813 2660 918 2724 uel
947 2659 1276 2743 Epicureis
1309 2659 1417 2722 uel
1447 2657 1680 2723 Stoicis
1712 2658 1916 2722 multo
1951 2676 2138 2738 quam
2179 2655 2303 2721 sibi
2332 2657 2585 2722 facilius
2622 2658 2900 2741 palmam
2935 2680 2979 2720 20

600 2766 878 2844 daturoS,
923 2766 1036 2831 ita
1087 2768 1163 2831 ut
1215 2784 1369 2830 uera
1423 2764 1825 2846 salubrisque
1881 2763 2215 2842 sententia,
2274 2763 2439 2845 quod
2496 2764 2905 2846 perniciosis-

600 2874 834 2939 simum
891 2876 990 2938 est
1051 2872 1265 2957 generi
1330 2872 1632 2949 humano,
1696 2871 2111 2955 inperitorum
2166 2871 2547 2953 populorum
2601 2872 2905 2936 inrisione

599 2978 1009 3043 sordesceret.
1058 2982 1123 3043 et
1167 2978 1288 3043 hoc
1334 2978 1399 3042 in
1447 2977 1818 3043 moralibus

493 3088 576 3151 18
685 3085 756 3150 In
786 3084 1182 3149 naturalibus
1213 3088 1427 3149 autem
1457 3083 1939 3168 quaestionibus
1976 3083 2027 3149 si
2067 3083 2181 3149 isti
2213 3084 2494 3149 dicerent
2522 3084 2905 3149 effectricem

599 3192 882 3258 omnium
931 3194 1295 3256 naturarum
1345 3208 1486 3255 esse
1531 3191 1965 3272 incorpoream
2011 3190 2411 3274 sapientiam,
2458 3191 2556 3256 illi
2604 3198 2824 3255 autem
2870 3210 2905 3254 a
2938 3214 2985 3255 85

669 3454 702 3505 2
739 3469 846 3506 uno
883 3450 940 3507 R
979 3455 1138 3517 (corr.
1175 3469 1244 3506 m.
1266 3457 1296 3505 1
1333 3454 1448 3521 uni)
1489 3453 1631 3507 P1V
1813 3454 2077 3523 cuiusuis]
2114 3453 2265 3507 cuius
2302 3453 2357 3508 A
2538 3452 2713 3507 omnis
2750 3452 2803 3523 (s
2839 3454 2905 3506 in

594 3540 731 3604 ras.)
766 3539 840 3593 Ρι
970 3541 1002 3593 3
1039 3541 1266 3594 moritur
1302 3541 1357 3593 A
1481 3542 1516 3595 4
1551 3541 1654 3594 illa
1688 3540 1744 3594 A
1888 3540 2251 3595 delectatione
2288 3543 2399 3595 Pa
2421 3558 2449 3595 e
2451 3540 2500 3609 f
2612 3542 2645 3594 5
2686 3541 2901 3604 ducere,

595 3646 665 3685 m.
687 3632 728 3682 2
763 3628 1024 3683 ducerent
1059 3628 1132 3682 Ρι
1173 3628 1433 3684 ducerent
1467 3629 1597 3683 MP
1630 3634 1715 3695 (nt
1750 3634 1913 3697 eras.)
1964 3630 2015 3681 V
2084 3631 2115 3683 7
2156 3630 2301 3699 quod
2334 3630 2392 3684 P
2426 3646 2564 3699 quae
2592 3630 2647 3684 A
2754 3630 2901 3685 fere-

595 3718 758 3771 batur
803 3718 856 3771 V
993 3717 1378 3772 defensandam
1405 3717 1480 3771 M
1513 3717 1909 3771 defendendam
1930 3717 1987 3774 R
2132 3734 2293 3789 corpo
2317 3717 2325 3789 Ι
2350 3720 2495 3789 poris
2524 3716 2597 3773 M
2700 3718 2735 3772 8
2766 3734 2902 3773 con-

595 3808 852 3861 stitueret
897 3812 1092 3875 (postr.
1143 3808 1179 3863 l.
1225 3824 1292 3861 m.
1316 3809 1357 3861 2
1401 3812 1451 3860 et
1498 3806 1749 3875 deinceps
1794 3812 1929 3873 rae.)
1971 3807 2045 3861 Ρι
2262 3808 2296 3861 9
2335 3808 2455 3876 qui·
2495 3812 2551 3874 (a
2586 3824 2727 3862 eras.
2748 3807 2803 3873 ,9)
2845 3810 2899 3859 A

599 3896 666 3951 10
703 3894 1003 3950 difficiliter
1037 3897 1090 3949 A
1238 3897 1304 3950 12
1341 3896 1617 3950 insinuare
1653 3896 1708 3948 A
1856 3896 1921 3949 13
1960 3912 2121 3967 super
2156 3895 2277 3952 edd.
2400 3896 2467 3950 14
2504 3897 2811 3967 attingetur
2846 3898 2903 3950 A

597 3986 1000 4055 attingerentur
1039 3989 1205 4053 (post.
1244 4003 1279 4038 n
1318 3985 1420 4039 del.
1458 4002 1526 4038 m.
1548 3989 1598 4052 1)
1640 3985 1696 4040 R
1908 3988 1972 4041 15
2013 3984 2299 4047 excideret,
2339 4000 2406 4038 m.
2430 3988 2470 4038 2
2508 3984 2793 4056 excederet
2827 3985 2907 4037 M

597 4073 854 4129 exciderit
889 4074 945 4128 A
1055 4075 1121 4127 16
1159 4076 1300 4143 esse]
1341 4091 1398 4127 se
1439 4090 1554 4127 esse
1579 4073 1636 4127 P
1780 4074 2015 4127 humano
2054 4072 2233 4127 animo
2258 4073 2315 4129 R
2426 4073 2491 4127 18
2518 4089 2624 4127 uno
2652 4072 2814 4127 nobis
2844 4073 2903 4127 R

599 4164 664 4217 19
700 4162 1129 4233 repugnantibus
1167 4163 1432 4232 epicureis
1468 4162 1609 4216 P1V
1763 4164 1833 4217 20
1870 4162 2080 4217 istoicis
2116 4162 2190 4217 M
2356 4162 2422 4216 21
2463 4163 2546 4217 ita
2579 4162 2665 4231 ut]
2705 4162 2760 4215 id
2800 4168 2903 4215 aut

593 4252 776 4307 MAP
807 4254 896 4319 (m.
933 4258 996 4306 ut
1031 4251 1148 4306 uid.
1191 4256 1230 4305 2
1265 4252 1322 4306 id
1361 4255 1565 4319 autem)
1605 4251 1663 4306 R
1706 4251 1765 4306 id
1802 4254 1889 4306 est
1924 4268 2009 4305 ae
2150 4251 2511 4322 perniciosum
2548 4251 2605 4307 R
2730 4252 2801 4305 23
2842 4253 2897 4304 in

595 4340 912 4410 moralibus]
952 4342 1028 4393 im
1063 4340 1357 4395 moralibus
1394 4342 1450 4395 P
1483 4341 1882 4395 immortalibus
1918 4340 1993 4394 M
2097 4341 2166 4396 25
2206 4356 2471 4411 nusquam
2510 4358 2543 4395 a
2581 4356 2801 4411 corpore
2840 4340 2903 4395 R
