3184 4959
483 465 610 528 100
1183 465 1235 517 S.
1295 462 1566 516 Aureli
1622 461 2060 532 Augustini

353 655 434 718 18
575 651 818 732 Quibus
879 655 1171 720 omnibus
1216 656 1410 720 rebus
1458 675 1603 720 cum
1653 673 1761 720 eos
1808 674 1929 720 non
1976 673 2161 720 ueros
2207 654 2454 720 iudices
2501 654 2614 718 sed
2658 654 2774 718 ini-

482 761 682 825 mieos
749 765 940 844 atque
1016 766 1344 845 corruptos
1421 761 1821 828 Caecilianus
1894 763 2272 827 conuenisse
2346 765 2775 846 cognosceret,

485 867 735 948 quando
792 866 924 934 fieri
970 873 1208 950 posset,
1257 872 1332 933 ut
1376 869 1480 934 uel
1529 869 1667 952 ipse
1711 869 1912 934 uellet
1956 869 2061 932 uel
2106 868 2406 951 populuS,
2456 868 2557 932 cui
2602 887 2777 950 prae-

485 973 753 1052 sidebat,
809 975 1224 1057 permitteret,
1283 979 1358 1040 ut
1403 974 1629 1040 relicta
1672 975 1942 1039 ecclesia
1984 974 2109 1038 iret
2150 973 2215 1037 in
2262 973 2523 1037 domum
2568 973 2775 1055 priua-

483 1084 613 1144 tam
689 1099 811 1145 non
905 1081 1292 1166 collegarum
1386 1080 1825 1147 discutiendus
1916 1081 2197 1145 examine
2290 1079 2402 1144 sed
2480 1079 2777 1145 factionis
2844 1103 2871 1142 5

486 1207 684 1254 cuneo
743 1191 810 1254 et
863 1189 1028 1254 odiis
1081 1189 1502 1254 muliebribus
1557 1187 1995 1264 trucidandus,
2045 1206 2190 1253 cum
2240 1186 2361 1252 sibi
2404 1187 2778 1269 praesertim

487 1295 739 1360 uideret
799 1296 968 1380 apud
1033 1297 1367 1364 ecclesiam
1435 1296 1919 1362 transmarinam
1982 1295 2249 1379 priuatis
2306 1293 2661 1359 inimicitiis
2718 1296 2781 1357 et

489 1403 566 1467 ab
603 1405 869 1486 utraque
907 1407 1085 1486 parte
1125 1403 1541 1470 dissensionis
1581 1403 1852 1468 alienam
1886 1403 2322 1485 incorruptum
2361 1405 2425 1464 et
2459 1401 2779 1483 integrum

487 1528 740 1574 examen
802 1527 955 1575 suae
1011 1529 1240 1575 causae
1295 1514 1659 1576 remanere?
1714 1509 1822 1574 ubi
1879 1509 1935 1574 si
1989 1509 2152 1573 nihil
2205 1507 2553 1574 aduersarii
2597 1525 2782 1590 agere

487 1615 748 1691 uellent,
795 1615 924 1700 ipsi
969 1635 1038 1681 se
1087 1617 1164 1681 ab
1214 1616 1384 1681 orbis
1432 1620 1739 1681 terrarum
1787 1613 2309 1681 innocentissima
2346 1613 2783 1678 communione
2824 1635 2877 1674 ιο

487 1722 945 1805 praeciderent3
1007 1724 1062 1788 si
1117 1727 1328 1788 autem
1386 1723 1521 1788 illic
1578 1743 1723 1787 eum
1784 1741 2083 1787 accusare
2134 1722 2581 1804 temptassent,
2630 1723 2783 1783 tunc

491 1827 613 1893 sibi
671 1829 944 1905 adesset,
1001 1833 1154 1894 tunc
1207 1831 1629 1896 innocentiam
1687 1848 1869 1894 suam
1926 1829 2234 1893 aduersus
2285 1847 2503 1892 eorum
2548 1825 2785 1890 machi-

488 1939 782 2000 namenta
838 1935 1220 2016 defenderet,
1279 1937 1450 2002 sicut
1499 1941 1727 2020 postea
1772 1937 2013 2002 factum
2060 1955 2201 2000 esse
2249 1933 2589 2009 didicistis,
2636 1951 2781 1997 cum

487 2045 698 2107 tamen
745 2042 843 2107 illi
888 2043 1079 2108 nimis
1127 2063 1266 2109 sero
1315 2044 1722 2127 quaesissent
1765 2043 2075 2108 iudicium
2120 2040 2609 2106 transmarinum
2654 2039 2779 2103 iam

491 2149 858 2214 schismatis
915 2150 1025 2228 rei,
1079 2151 1207 2215 iam
1261 2151 1460 2216 leuati
1515 2149 1733 2216 altaris
1790 2149 2099 2214 horrendo
2158 2149 2395 2214 scelere
2458 2145 2783 2210 maculati.
2826 2169 2877 2210 ιε

487 2256 691 2338 primo
749 2257 916 2321 enim
969 2258 1268 2335 facerent,
1327 2259 1382 2323 si
1435 2258 1707 2322 ueritate
1762 2257 2140 2332 niterentur3
2190 2255 2303 2320 sed
2346 2253 2528 2319 falsis
2574 2272 2785 2317 rumo-

489 2361 666 2426 ribus
721 2363 1028 2446 temporis
1085 2364 1504 2430 diuturnitate
1549 2364 1818 2429 firmatis
1865 2363 2047 2446 quasi
2094 2365 2355 2428 uetusta
2398 2361 2568 2426 fama
2611 2379 2785 2443 prae-

489 2467 810 2534 iudicante
883 2470 964 2535 ad
1034 2471 1346 2537 iudicium
1421 2472 1637 2537 uenire
1710 2473 2056 2537 uoluerunt
2126 2473 2257 2548 aut,
2336 2468 2505 2551 quod
2578 2467 2785 2552 magis

491 2575 872 2641 credendum
930 2581 1048 2654 est,
1109 2577 1402 2644 damnato
1461 2579 1661 2664 prius,
1720 2579 1890 2644 sicut
1933 2577 2144 2654 libuit,
2194 2575 2555 2642 Caeciliano
2603 2574 2785 2657 quasi

492 2681 697 2745 securi
753 2682 877 2748 sibi
931 2683 1315 2750 uidebantur
1367 2684 1786 2768 praefidentes
1842 2700 2104 2747 numero
2154 2699 2269 2746 suo
2318 2699 2432 2744 nec
2480 2678 2785 2744 audentes
2823 2703 2879 2742 ιο
2937 2740 2946 2750 ,

492 2787 643 2852 alibi
709 2808 1111 2855 commouere
1175 2809 1432 2856 causam
1486 2792 1621 2856 tam
1674 2793 1929 2868 malam,
1986 2789 2096 2854 ubi
2151 2788 2327 2853 nulla
2390 2786 2785 2870 corruptione

493 2899 789 2977 operante
836 2901 1058 2980 posset
1101 2897 1338 2964 ueritas
1387 2897 1678 2963 inueniri.

224 3001 452 3067 V1119
583 3000 708 3066 Sed
760 3005 986 3085 postea
1041 3023 1232 3086 quam
1287 3005 1446 3088 ipsis
1502 3005 1693 3069 rebus
1750 3002 1985 3087 experti
2042 3005 2192 3066 sunt
2239 3020 2384 3066 cum
2434 2999 2786 3066 Caeciliano

493 3127 856 3191 permanere
913 3111 1424 3177 communionem
1482 3111 1651 3176 orbis
1709 3115 2019 3176 terrarum
2076 3112 2140 3174 et
2187 3109 2263 3174 ad
2314 3127 2459 3173 eum
2508 3128 2547 3172 a
2588 3113 2787 3170 trans·

575 3391 600 3441 1
642 3406 748 3442 non
787 3406 918 3444 uero
955 3391 1016 3446 F
1047 3407 1320 3456 numerus,
1356 3409 1424 3445 m.
1451 3394 1490 3444 2
1525 3407 1630 3444 non
1670 3373 1828 3445 ueros
1864 3389 1938 3444 M
2049 3392 2083 3444 2
2122 3389 2447 3444 caecilianos
2483 3389 2538 3442 A
2681 3389 2788 3442 cie-

497 3478 684 3534 nis}se
721 3478 795 3531 M
826 3478 918 3548 (cf.
948 3497 1010 3548 p.
1049 3483 1180 3546 106,
1225 3484 1278 3546 7)
1320 3481 1623 3543 cnuenisse,
1660 3497 1729 3532 m.
1755 3483 1793 3534 2
1830 3479 2144 3534 conuenisse
2182 3479 2238 3533 P
2397 3480 2429 3533 3
2468 3478 2697 3548 populos
2736 3477 2797 3532 F

498 3568 532 3620 4
571 3567 842 3636 priuatum
869 3567 925 3621 P
1019 3572 1050 3624 5
1092 3567 1462 3622 discutiendos
1499 3569 1574 3621 M
1609 3573 1770 3634 (corr.
1808 3573 1928 3622 m.1
1966 3567 2362 3634 discutiendus)
2400 3567 2461 3621 F
2494 3567 2789 3621 discutien-

500 3654 583 3708 dis
627 3661 820 3726 ,(ετῳεν
857 3662 1028 3724 postr.
1081 3657 1100 3709 i
1146 3661 1268 3711 m.1
1317 3658 1449 3711 add.
1487 3661 1544 3722 u)
1583 3657 1640 3712 R
1820 3659 1853 3712 6
1894 3674 2011 3711 cum
2052 3675 2114 3710 eo
2152 3657 2225 3710 M
2262 3660 2413 3724 (m.2
2450 3659 2641 3722 cuneo)
2680 3655 2789 3710 ΓΑ

569 3743 919 3798 trucidandos
956 3743 1018 3798 F
1229 3745 1258 3797 7
1300 3747 1781 3800 transmarinarum
1817 3745 1996 3800 MFA
2033 3746 2413 3811 transmarina,
2450 3748 2577 3803 m.2
2612 3748 2789 3798 trans-

499 3833 758 3887 marinam
798 3834 853 3886 P
971 3851 1004 3888 a
1039 3835 1267 3904 priuatis
1295 3836 1382 3902 fr
1501 3836 1747 3896 inicitiis.
1786 3853 1853 3888 m.
1878 3838 1917 3888 2
1953 3851 2005 3887 m
2041 3851 2206 3904 super
2241 3835 2291 3888 ic
2328 3834 2403 3888 M
2506 3836 2539 3887 9
2566 3849 2791 3892 temate,

501 3937 638 3976 corr.
665 3939 734 3976 m.
756 3926 788 3974 1
823 3939 1098 3977 remanere
1136 3923 1208 3976 M
1331 3925 1397 3978 10
1435 3925 1833 3994 communione]
1876 3929 1931 3978 et
1968 3925 2342 3978 communione
2378 3924 2431 3976 A
2545 3923 2612 3977 13
2650 3921 2791 3976 didi-

503 4011 626 4065 citis
664 4013 717 4065 A
797 4013 862 4065 14
897 4012 979 4065 illi
1018 4013 1181 4066 nimis
1221 4030 1309 4067 ero
1347 4013 1522 4066 Fini
1560 4013 1814 4066 inmisere
1848 3995 1906 4068 'A
1943 4013 2095 4068 illinc
2132 4013 2327 4067 misero
2362 4014 2441 4067 M
2520 4015 2585 4068 15
2624 4011 2793 4066 schis-

501 4099 808 4169 matici31·ei
833 4101 920 4156 ,Μ
1055 4103 1119 4156 16
1157 4102 1379 4155 ueritati
1416 4102 1491 4157 Μ
1626 4103 1691 4156 18
1728 4103 2021 4156 noluerunt
2055 4103 2091 4171 f
2102 4103 2123 4155 1
2262 4103 2327 4156 19
2366 4101 2663 4156 credendus
2700 4101 2791 4170 (fv

501 4187 693 4256 m.1?)
730 4189 803 4244 Μ
838 4189 1136 4244 credendus
1173 4191 1235 4245 F
1267 4191 1498 4246 credend
1536 4193 1590 4245 A
1728 4192 1798 4246 20
1836 4191 2167 4244 uidebuntur
2205 4191 2257 4244 A
2405 4190 2689 4244 audientes
2728 4189 2795 4242 M

506 4279 546 4342 (i
585 4295 702 4346 exp.
741 4295 808 4332 m.
831 4283 880 4347 1)
919 4281 970 4332 A
1081 4281 1143 4334 21
1187 4281 1332 4334 mala
1367 4279 1456 4348 (av
1497 4297 1565 4335 m.
1604 4285 1669 4334 ut
1702 4281 1819 4334 uid.
1859 4283 1917 4347 2)
1955 4279 2028 4334 M
2179 4279 2382 4334 nnllam
2420 4279 2483 4334 F
2514 4279 2665 4333 nulls.
2703 4283 2795 4343 (m-

503 4369 668 4434 eras.)
707 4367 762 4420 P
904 4370 1238 4438 correptione
1276 4369 1386 4423 ΑΡ
