3184 4959
380 1625 431 1664 10

382 2159 430 2198 lb

1204 429 1736 499 epistularum
1795 429 1852 485 Ο.
1909 431 2000 488 CI.
2639 435 2767 500 539

1569 622 1672 690 CI.

566 761 859 818 DOMINO
907 762 1341 818 BEATISSIMO
1390 762 1480 817 ΕΤ
1516 762 2110 817 VENERABILITER
2159 761 2547 819 CARISSIMO
2586 763 2678 817 ΕΤ

469 851 977 908 SINCERISSIMO
1044 851 1760 908 DESIDERANTISSIMO
1825 852 2090 907 FRATRI
2155 853 2247 908 ΕΤ
2315 852 2767 910 COEPISCOPO

772 940 1113 996 MEMORIO
1157 940 1614 996 AUGUSTINUS
1654 941 1736 996 IN
1774 941 2066 996 DOMINO
2107 941 2461 1000 SALUTEM.

555 1067 787 1134 Nullas
836 1068 1026 1133 debui
1072 1068 1199 1133 iam
1245 1066 1505 1132 reddere
1550 1068 1798 1134 litteras
1850 1071 2104 1134 sanctae
2143 1069 2392 1133 caritati
2437 1072 2585 1133 tuae
2635 1069 2770 1134 sine

466 1175 567 1240 his
603 1174 807 1252 libris,
844 1193 1001 1258 quos
1042 1195 1079 1239 a
1114 1193 1217 1239 me
1246 1175 1451 1240 sancti
1488 1175 1722 1239 amoris
1760 1175 1896 1239 iure
1935 1175 2402 1240 uiolentissimo
2440 1174 2766 1259 flagitasti,

464 1285 541 1346 ut
584 1282 703 1346 hac
752 1283 979 1348 saltem
1030 1281 1431 1347 oboedientia
1474 1281 1922 1364 responderem
1981 1283 2276 1364 epistulis
2323 1282 2477 1359 tui8‚
2535 1283 2766 1365 quibus

464 1409 569 1455 me
632 1389 839 1473 magis
904 1407 1161 1454 onerare
1228 1408 1419 1471 quam
1484 1390 1788 1455 honorare
1855 1389 2153 1473 dignatus
2219 1407 2306 1454 es.
2385 1408 2768 1472 quamquam

464 1497 577 1562 ubi
634 1497 1003 1576 succumbo,
1052 1497 1203 1579 quia
1258 1513 1496 1572 oneror,
1543 1496 1634 1560 ibi
1681 1495 1895 1574 etiam,
1951 1497 2101 1579 quia
2147 1497 2396 1580 diligor,
2447 1496 2765 1561 subleuor.

464 1623 670 1686 neque
718 1603 883 1668 enim
922 1623 957 1668 a
994 1603 1282 1684 quolibet
1328 1601 1577 1687 diligor,
1629 1603 1950 1682 subleuor,
1997 1604 2200 1688 eligor
2247 1603 2359 1668 sed
2397 1603 2474 1668 ab
2516 1621 2586 1667 eo
2625 1603 2766 1668 uiro

468 1715 532 1776 et
595 1711 834 1776 domini
910 1709 1256 1788 sacerdote,
1334 1729 1523 1792 quem
1600 1710 1692 1774 sic
1765 1714 2094 1792 acceptum
2173 1708 2288 1774 deo
2369 1710 2597 1789 sentio,
2671 1713 2764 1787 ut,

466 1834 613 1880 cum
670 1816 941 1880 animam
996 1819 1175 1879 tuam
1230 1818 1363 1880 tam
1418 1816 1650 1880 bonam
1704 1817 1884 1881 leuas
1933 1816 2012 1880 ad
2057 1816 2408 1894 dominum,
2467 1815 2762 1898 quoniam

463 1922 527 1987 in
574 1923 689 1987 illa
724 1942 826 1987 me
872 1921 1092 2001 habeS,
1139 1922 1317 1988 leues
1357 1926 1423 1988 et
1458 1942 1580 1988 me.
1631 1921 1822 1988 debui
1861 1940 2007 2009 ergo
2045 1942 2212 1987 nunc
2255 1923 2452 1988 libros
2489 1923 2765 2000 mittere,

468 2046 626 2111 quos
687 2030 1163 2095 emendaturum
1230 2049 1331 2094 me
1404 2049 1543 2096 esse
1609 2030 2028 2113 promiseram
2093 2033 2158 2095 et
2218 2030 2362 2094 ideo
2418 2049 2541 2094 non
2599 2029 2766 2106 misi,

470 2137 619 2218 quia
679 2155 801 2202 non
870 2137 1221 2213 emendaui,
1298 2155 1421 2202 non
1489 2137 1640 2219 quia
1711 2137 1912 2218 nolui,
1989 2138 2102 2201 sed
2167 2136 2316 2219 quia
2388 2155 2512 2202 non
2579 2137 2765 2218 potui

472 2242 637 2307 curis
704 2242 1007 2309 uidelicet
1070 2244 1293 2308 multis
1351 2247 1415 2308 et
1477 2243 1754 2308 multum
1818 2244 2334 2326 praeualentibus
2392 2247 2763 2326 occupatuS.

466 2349 656 2414 nimis
716 2353 927 2414 autem
992 2349 1312 2435 ingratum
1377 2369 1447 2415 ac
1503 2349 1777 2415 ferreum
1841 2350 1984 2428 fuit,
2053 2353 2128 2414 ut
2181 2353 2265 2428 te,
2333 2350 2442 2432 qui
2498 2369 2612 2414 nos
2670 2349 2762 2414 sic

468 2474 664 2536 amas,
722 2457 827 2520 hic
883 2461 1143 2522 sanetus
1198 2457 1391 2522 frater
1446 2460 1511 2520 et
1557 2458 1804 2540 collega
1857 2458 2072 2522 noster
2115 2455 2470 2534 Possidius‚
2527 2456 2590 2520 in
2640 2475 2761 2539 quo

466 2565 745 2627 nostram
812 2582 931 2629 non
996 2582 1259 2646 paruam
1323 2563 1747 2646 praesentiam
1803 2563 2098 2647 reperies,
2154 2564 2259 2628 uel
2315 2581 2436 2627 non
2492 2563 2764 2626 disceret

892 2789 1008 2842 cod.
1046 2788 1352 2844 Parisinus
1386 2805 1519 2844 nou.
1559 2806 1673 2858 aeq.
1715 2794 1870 2843 1443
1905 2807 1947 2843 8.
1987 2791 2084 2844 IX
2091 2789 2229 2844 -X.

891 2877 1007 2931 cod.
1045 2877 1409 2932 Monacensis
1449 2881 1611 2933 6266
1645 2895 1687 2932 s.
1728 2879 1801 2935 X.

891 2966 1006 3020 cod.
1048 2965 1491 3036 Salisburyensia
1524 2969 1587 3021 X
1623 2971 1705 3022 29
1739 2983 1780 3020 ε.
1821 2968 2064 3022 Χ-ΧΙ.

783 2990 851 3011 ΙΙ
786 2901 853 2922 ΙΙ
786 2813 853 2832 ΙΙ

678 2788 735 2841 Ρ

676 2877 752 2930 Μ

677 2966 739 3020 F

675 3056 730 3108 A
788 3079 853 3100 ==
894 3055 1009 3109 cod.
1048 3055 1666 3124 „audomaropolitana
1707 3059 1799 3116 76,
1842 3061 1894 3118 8,
1939 3059 1974 3109 9
2009 3072 2052 3110 3.
2095 3057 2335 3110 Χ-ΧΙ,

675 3143 753 3196 12¹
785 3168 851 3190 =
892 3145 1007 3198 cod.
1047 3145 1351 3198 Parlaimcs
1386 3161 1517 3199 nou.
1558 3161 1673 3213 aeq.
1715 3150 1869 3198 1444
1905 3161 1947 3198 ε.
1991 3145 2098 3201 ΧΙ.

673 3232 730 3287 R
781 3258 847 3278 =
887 3233 1003 3289 cod.
1044 3233 1194 3287 Mus.
1234 3233 1381 3288 Brit.
1420 3233 1551 3304 Req.
1598 3239 1632 3288 5
1668 3234 1728 3288 D
1775 3233 1863 3288 VI
1893 3251 1935 3288 ε.
1976 3233 2293 3288 XI—XII.

533 3357 565 3410 2
602 3355 947 3410 uenerabiter
973 3355 1028 3410 R
1102 3357 1131 3410 3
1164 3357 1521 3411 sincerissime
1548 3357 1626 3411 M
1656 3357 2039 3420 sincerissimo,
2077 3375 2145 3410 m.
2167 3361 2198 3410 1
2238 3373 2264 3410 e
2293 3371 2454 3425 super
2485 3371 2513 3408 o
2541 3354 2670 3408 add.
2701 3353 2758 3408 R

461 3444 743 3498 sinceriter
768 3445 963 3512 flrm
1296 3444 1795 3500 desiderantissimo
1845 3447 1976 3500 add.
2025 3449 2246 3514 (na-31³)
2291 3462 2337 3500 ε.
2380 3463 2440 3500 u.
2487 3461 2546 3514 q:
2594 3443 2654 3496 F
2695 3460 2756 3495 ac

462 3532 959 3588 desiderantissimo
1001 3551 1087 3588 ae
1248 3535 1279 3588 5
1319 3536 1427 3588 iam
1468 3534 1632 3590 debui
1669 3534 1894 3590 reddere
1931 3535 1988 3590 R
2026 3535 2132 3588 iam
2171 3533 2394 3589 reddere
2434 3531 2597 3585 debui
2635 3530 2754 3584 edd.

460 3623 491 3675 7
530 3623 652 3694 hac]
694 3640 757 3677 ac
792 3624 867 3677 M
918 3639 926 3647 ·
982 3623 1362 3678 oboedientia*
1389 3624 1443 3676 P
1551 3625 1584 3678 8
1621 3624 1886 3678 honorare
1925 3641 2086 3694 quam
2113 3639 2364 3676 *onerare
2399 3621 2474 3674 M
2590 3620 2757 3684 nisus,

459 3727 527 3766 m.
548 3715 579 3764 1
612 3729 787 3781 supra
822 3713 849 3766 -l
887 3712 1147 3782 dignatus
1172 3713 1231 3767 R
1332 3714 1365 3767 9
1402 3714 1616 3782 oneror]
1657 3729 1843 3766 nerror
1881 3713 1982 3780 (sic
2003 3715 2043 3779 l)
2072 3710 2132 3764 F
2234 3710 2313 3764 ibi
2346 3725 2461 3762 rae.
2490 3725 2558 3762 ex
2583 3707 2678 3760 nbi
2705 3708 2759 3760 P

533 3817 655 3868 qua.
696 3816 833 3855 corr.
872 3819 940 3856 m.
963 3807 993 3855 1
1032 3803 1161 3870 quia
1194 3801 1269 3855 M
1449 3802 1515 3856 lo
1553 3801 1809 3870 sublegor
1844 3801 1904 3854 F
2056 3805 2114 3854 et.
2151 3799 2322 3870 eligor
2356 3797 2433 3852 Ρι
2470 3797 2652 3865 elegor
2687 3797 2759 3850 M

462 3893 550 3955 (m.
574 3893 613 3942 2
650 3891 843 3959 eligor)
884 3889 945 3944 F
984 3890 1109 3945 ilico
1146 3891 1201 3945 P
1462 3891 1629 3944 *abeo
1667 3891 1743 3944 M
1781 3888 1959 3944 habeo
1997 3889 2058 3944 F
2305 3888 2446 3956 niro]
2497 3893 2628 3940 ueru
2675 3889 2759 3950 (er

349 4046 353 4050 ι
456 3993 525 4030 m.
550 3981 587 4030 3
620 3978 930 4046 inductum)
972 3979 1035 4034 F
1191 3981 1253 4033 11
1296 3979 1577 4034 sacerdote
1617 3984 1713 4046 (n-
1753 3995 1820 4032 m.
1843 3978 1943 4044 1?)
1985 3977 2044 4031 F
2181 3979 2424 4046 accepte,
2463 3991 2598 4029 corr.
2635 3990 2705 4028 m.
2725 3977 2756 4029 1

458 4069 737 4134 acceptum
773 4067 847 4121 M
972 4071 1037 4122 12
1073 4073 1187 4122 tam
1224 4084 1326 4122 om.
1364 4066 1427 4122 F
1557 4070 1622 4123 13
1661 4068 1806 4131 εὔρει,
1845 4083 1984 4121 corr.
2021 4071 2144 4123 m.1
2183 4065 2352 4120 habes
2387 4064 2462 4118 M
2588 4064 2652 4116 17
2693 4068 2756 4116 ut

455 4157 535 4226 te]
576 4155 691 4237 uite
718 4156 792 4211 M
827 4161 985 4222 (corr.
1024 4174 1092 4213 m.
1115 4161 1146 4210 1
1186 4159 1249 4238 ut
1287 4156 1357 4210 ad
1392 4159 1469 4226 te)
1500 4157 1553 4211 A
1592 4157 1776 4210 uenite
1801 4155 1863 4210 F
1942 4155 2008 4208 18
2048 4172 2152 4225 quo
2191 4171 2312 4217 om„
2349 4171 2418 4208 m.
2441 4155 2481 4206 2
2519 4151 2648 4208 add.
2680 4151 2752 4204 Ρι

459 4246 525 4300 19
562 4261 677 4308 nra,
717 4262 853 4300 corr.
896 4243 1108 4314 (m.1?)
1149 4263 1299 4300 nram
1337 4246 1394 4300 P
1509 4245 1758 4314 disceret,
1797 4261 1934 4300 corr.
1975 4261 2042 4298 m.
2065 4248 2096 4298 1
2133 4242 2436 4299 discederet
2471 4241 2540 4294 M
2579 4240 2752 4295 disee-

457 4333 611 4388 deret
648 4335 707 4388 F
