3184 4959
65 927 136 991 IV
180 931 254 994 13

279 1047 306 1086 5

266 1584 318 1622 10

275 2122 326 2160 15

279 2658 333 2698 20

1114 406 1645 476 epistularum
1700 406 1895 460 XLIII.
2546 411 2635 474 95

341 601 710 666 existimare
768 601 1090 677 debemus,
1149 621 1413 684 quorum
1464 601 1727 666 crimina
1772 603 1847 666 ab
1896 602 2039 667 istis
2084 603 2297 667 leuius
2344 605 2647 668 accusata

343 711 502 774 sunt
555 711 623 771 et
672 708 952 789 parciore
996 708 1476 792 reprehensione
1523 709 1839 784 damnata,
1888 708 2139 792 quando
2184 708 2294 773 ille
2340 710 2645 775 inuentus

345 819 452 880 est
496 815 820 893 innocenS,
866 815 928 878 in
979 834 1168 896 quem
1215 816 1419 879 multo
1466 815 1808 880 immanius
1858 816 2249 880 saeuierunt!

439 923 538 986 An
613 921 796 998 forte,
876 923 1046 986 sicut
1119 923 1374 1004 quidam
1449 922 1625 1000 dixit,
1692 922 1861 1004 quod
1927 921 2183 1004 quidem
2248 942 2395 988 cum
2459 923 2647 988 uobis

347 1030 690 1107 diceretur,
739 1029 1088 1111 displicuit,
1139 1029 1248 1094 sed
1295 1033 1504 1094 tamen
1553 1029 2189 1111 praetermittendum
2238 1049 2360 1094 non
2408 1032 2525 1099 est,
2564 1067 2655 1076 —

349 1138 444 1202 ait
501 1137 669 1201 enim
728 1137 1014 1219 quidam:
1073 1135 1232 1200 ‘Non
1281 1137 1502 1200 debuit
1549 1135 1887 1219 episcopus
1934 1137 2368 1220 proconsulari
2414 1137 2654 1204 iudicio

349 1245 660 1328 purgari?
735 1244 916 1324 quasi
994 1261 1146 1307 uero
1219 1244 1356 1327 ipse
1433 1243 1556 1308 sibi
1630 1244 1749 1308 hoc
1833 1243 2297 1326 comparauerit
2376 1263 2449 1309 ac
2532 1264 2655 1309 non

351 1352 698 1433 imperator
752 1350 844 1415 ita
899 1351 1113 1432 quaeri
1169 1349 1448 1426 iusserit,
1507 1349 1584 1414 ad
1644 1349 1825 1414 cuius
1884 1369 2119 1427 curam,
2180 1351 2255 1416 de
2302 1370 2428 1434 qua
2470 1351 2657 1416 ratio-

353 1476 500 1522 nem
547 1457 664 1522 deo
711 1457 1074 1522 redditurus
1113 1461 1302 1534 esset,
1341 1476 1440 1522 res
1479 1457 1590 1521 illa
1628 1457 1897 1521 maxime
1934 1457 2309 1540 pertinebat.
2350 1458 2657 1523 arbitrum

357 1565 530 1630 enim
598 1568 664 1628 et
727 1563 1006 1629 iudicem
1073 1582 1300 1628 causae
1367 1563 1727 1629 traditionis
1795 1569 1859 1628 et
1925 1563 2289 1629 schismatis
2352 1565 2447 1630 illi
2513 1585 2659 1629 eum

355 1673 658 1748 fecerant,
720 1671 828 1753 qui
877 1670 958 1735 ad
1004 1689 1148 1734 eum
1197 1671 1390 1736 etiam
1437 1690 1657 1753 preces
1704 1671 2029 1748 miserant,
2077 1671 2153 1734 ad
2203 1691 2393 1754 quem
2439 1675 2668 1754 postea

359 1780 791 1861 prouocarunt
863 1781 929 1843 et
1001 1783 1208 1842 tamen
1282 1777 1519 1842 iudicio
1596 1777 1733 1842 eius
1818 1777 2221 1860 adquiescere
2304 1779 2663 1844 noluerunt.

359 1887 582 1967 itaque
641 1885 696 1949 si
755 1884 1108 1966 culpandus
1167 1886 1284 1964 est,
1343 1903 1530 1967 quem
1588 1884 1776 1948 iudex
1832 1888 2120 1948 terrenus
2170 1885 2469 1962 absoluit,
2519 1904 2663 1949 cum

361 1993 502 2075 ipse
561 1992 687 2056 sibi
743 1992 864 2058 hoc
919 2011 1040 2056 non
1097 1992 1518 2075 poposcisset,
1575 1993 1807 2073 quanto
1866 1991 2072 2074 magis
2130 1991 2429 2074 culpandi
2494 1995 2667 2068 sunt,

367 2099 475 2181 qui
523 2103 842 2164 terrenum
892 2118 1107 2183 regem
1164 2117 1316 2163 suae
1373 2117 1601 2163 causae
1655 2098 1931 2164 iudicem
1990 2117 2131 2162 esse
2188 2098 2562 2163 uoluerunt!
2612 2098 2667 2162 si

367 2209 584 2270 autem
641 2205 926 2271 criminis
983 2226 1104 2272 non
1163 2211 1262 2270 est
1317 2223 1661 2288 prouocare
1716 2205 1797 2270 ad
1849 2205 2317 2287 imperatorem,
2382 2224 2505 2270 non
2572 2207 2673 2268 est

367 2311 654 2376 criminis
703 2311 907 2376 audiri
956 2313 1032 2377 ab
1089 2313 1488 2396 imperatore,
1550 2331 1697 2396 ergo
1754 2331 1869 2376 nec
1926 2312 2003 2375 ab
2058 2312 2195 2388 illo,
2254 2311 2357 2375 cui
2414 2329 2672 2376 causam

369 2419 772 2502 delegauerit
827 2419 1190 2503 imperator.
1249 2419 1562 2501 quendam
1622 2419 1811 2482 etiam
1872 2437 2253 2502 suspensum
2324 2417 2540 2483 eculeo
2606 2417 2669 2481 in

371 2543 566 2590 causa
621 2524 856 2590 Felicis
915 2526 1196 2609 episcopi
1254 2525 1496 2591 amicus
1553 2526 1663 2590 ille
1720 2526 1929 2590 uoluit
1986 2523 2323 2602 criminari,
2388 2528 2463 2588 ut
2525 2523 2671 2605 quis

373 2633 570 2698 etiam
628 2633 886 2716 ungulis
945 2634 1296 2700 uexaretur.
1345 2633 1657 2714 numquid
1702 2635 1955 2716 poterat
1998 2631 2174 2696 Felix
2222 2630 2675 2704 contradicere,

372 2761 449 2807 ne
503 2745 683 2806 tanta
739 2740 1066 2825 diligentia
1121 2741 1227 2804 uel
1286 2740 1625 2804 seueritate
1674 2743 2098 2821 quaereretur,
2150 2757 2295 2802 cum
2342 2737 2481 2802 eius
2530 2755 2673 2802 cau-

375 2867 511 2912 sam
587 2847 1030 2912 inueniendam
1107 2846 1396 2931 cognitor
1471 2846 1785 2930 agitaret?
1852 2845 2007 2928 quid
2072 2845 2237 2910 enim
2301 2849 2439 2910 erat
2498 2845 2675 2908 aliud

375 2955 546 3021 nolle
595 2955 688 3018 sic
737 2954 951 3037 quaeri
998 2973 1188 3036 quam
1237 2953 1314 3018 de
1364 2953 1623 3018 crimine
1672 2952 1997 3018 confiteri?
2044 2956 2109 3017 et
2142 2956 2354 3017 tamen
2391 2951 2501 3015 ille
2536 2951 2673 3034 ipse

374 3079 488 3143 pro
569 3060 830 3125 consule
904 3059 1072 3125 inter
1143 3079 1523 3143 praeconum
1601 3060 1919 3124 terribiles
1994 3078 2187 3124 uoces
2254 3063 2321 3124 et
2382 3061 2674 3122 cruentas

376 3166 744 3232 carnificum
821 3185 1044 3232 manus
1120 3186 1464 3248 numquam
1539 3167 1853 3250 collegam
1928 3165 2254 3230 damnaret
2325 3165 2676 3240 absentem,

378 3275 485 3356 qui
540 3273 780 3340 iudicio
839 3273 976 3338 eius
1035 3293 1102 3338 se
1151 3278 1549 3356 praesentare
1598 3273 1933 3350 noluisset,
1982 3293 2128 3338 cum
2175 3273 2435 3337 haberet
2481 3270 2673 3348 aliud,

379 3381 548 3464 quod
602 3385 826 3463 posset
869 3381 1094 3458 audiri,
1143 3385 1254 3446 aut
1301 3381 1355 3446 si
1404 3381 1749 3454 damnaret,
1798 3383 1967 3445 certe
2015 3379 2208 3444 etiam
2253 3379 2411 3462 ipsis
2460 3397 2681 3443 saecu·

378 3487 616 3552 laribus
662 3487 914 3571 legibus
959 3505 1198 3569 poenas
1244 3489 1448 3552 iustas
1497 3490 1561 3552 et
1607 3486 1854 3552 debitas
1900 3487 2123 3551 lueret.

449 3697 482 3750 3
521 3695 843 3760 seruierunt,
880 3711 948 3748 m.
972 3699 1011 3748 2
1047 3695 1324 3748 seuierunt
1361 3693 1415 3748 R
1525 3695 1557 3748 5
1598 3693 1873 3764 dispicuit‚
1911 3711 1979 3747 m.
2004 3697 2043 3746 2
2081 3693 2211 3747 add.
2250 3691 2352 3747 lR
2462 3694 2492 3746 7
2533 3709 2678 3746 com-

381 3790 672 3854 parauerat
718 3783 875 3840 codd.
1059 3785 1092 3838 8
1137 3784 1434 3854 imperator
1478 3783 1579 3852 ita]
1628 3783 1981 3852 imperatoria
2026 3782 2201 3836 MFA
2426 3782 2577 3852 queri
2622 3779 2686 3834 R

451 3875 676 3928 iusseris
709 3873 898 3932 MFA
1063 3873 1127 3927 10
1165 3889 1330 3926 causa
1364 3872 1530 3927 FAP
1565 3874 1655 3941 (m.
1678 3876 1717 3924 2
1750 3887 1927 3940 supra
1960 3871 1988 3924 1
2025 3871 2204 3940 cause)
2240 3870 2296 3925 R
2334 3876 2513 3934 causa,
2550 3885 2617 3922 m.
2640 3873 2683 3922 2

385 3970 542 4018 cause
581 3964 684 4031 (sic
705 3967 747 4030 Ι)
785 3963 860 4016 Μ
1037 3978 1156 4016 eum
1197 3961 1459 4030 fecerant]
1507 3977 1627 4016 cum
1665 3960 1909 4014 fecerant
1942 3961 1999 4013 A
2182 3961 2244 4012 11
2286 3958 2451 4014 etiam
2489 3973 2591 4012 om.
2630 3957 2693 4012 P

388 4054 452 4108 12
489 4055 926 4123 prouocauerunt
961 4051 1067 4106 ΡΑ
1233 4067 1342 4118 eos,
1379 4067 1448 4105 m.
1472 4054 1512 4104 2
1549 4051 1665 4104 eius
1702 4051 1777 4104 M
1921 4051 1985 4104 17
2026 4049 2093 4104 ad
2134 4054 2222 4114 (m.
2245 4052 2285 4102 2
2318 4047 2413 4118 ab)
2446 4047 2680 4118 impera·

385 4147 500 4197 tore
537 4142 595 4196 P
701 4142 768 4196 19
805 4142 1006 4196 amicos
1044 4140 1224 4196 MFA
1367 4139 1498 4210 quid
1538 4157 1672 4194 aea·
1779 4140 1845 4194 21
1887 4140 2181 4193 securitate
2220 4139 2273 4190 A
2396 4139 2465 4192 22
2504 4135 2677 4205 aliud]

385 4231 520 4286 illud
555 4229 796 4285 MFAP
891 4231 961 4286 23
997 4231 1116 4301 ipso
1155 4230 1211 4285 R
1309 4229 1379 4284 24
1414 4229 1729 4299 proconsul·
1755 4228 1811 4282 P
1840 4227 2129 4295 proconsul
2166 4226 2287 4280 edd.
2388 4227 2455 4280 27
2496 4243 2601 4294 quo
2628 4241 2689 4278 m

453 4321 630 4391 possit
663 4319 738 4374 M
846 4319 914 4374 28
950 4320 1158 4374 luceret
1197 4321 1246 4384 (c
1285 4333 1403 4386 exp.
1441 4335 1511 4375 m.
1533 4322 1594 4386 2)
1632 4318 1707 4372 M
