3184 4959
520 461 649 524 490
1238 456 1290 510 S.
1348 455 1626 509 Aureli
1683 455 2122 526 Augustini

520 651 877 735 baptismus
954 655 1189 730 autem,
1265 670 1451 734 quem
1520 649 1699 716 dedit
1755 651 2008 730 Petrus,
2086 671 2206 717 non
2275 655 2410 717 erat
2470 651 2644 716 Petri
2711 652 2828 716 sed

522 759 761 824 Christi
826 761 908 837 et,
970 779 1158 842 quem
1228 758 1402 824 (ledit
1456 759 1722 840 Paulus,
1784 779 1905 826 non
1974 763 2108 824 erat
2161 760 2350 825 Pauli
2415 760 2527 825 sed
2583 759 2828 826 Christi

520 868 603 944 et,
654 883 843 948 quem
912 849 1238 945 dederunt,
1288 865 1395 948 qui
1462 867 1747 949 tempore
1807 866 2240 949 apostolorum
2296 885 2416 931 non
2476 869 2649 932 caste
2710 865 2828 931 sed

517 991 629 1052 per
698 970 1009 1035 inuidiam
1074 969 1401 1036 Christum
1468 971 1945 1048 adnuntiabant‚
2022 991 2144 1038 non
2221 977 2356 1038 erat
2419 993 2635 1038 eorum
2711 972 2828 1038 sed

519 1077 757 1143 Christi
815 1080 899 1154 et,
950 1097 1138 1160 quem
1186 1077 1512 1158 dederunt,
1574 1078 1684 1161 qui
1740 1081 2027 1160 tempore
2089 1077 2384 1161 Cypriani
2440 1078 2670 1144 fundos
2733 1078 2830 1142 in·
2895 1107 2923 1144 5

518 1184 775 1249 sidiosis
839 1183 1173 1248 fraudibus
1237 1184 1588 1267 rapiebant,
1665 1183 1877 1248 usuris
1950 1183 2530 1266 multiplicantibus
2601 1185 2828 1248 faenus

519 1291 856 1375 augebant,
922 1311 1045 1356 non
1104 1293 1236 1355 erat
1293 1309 1507 1355 eorum
1569 1290 1682 1356 sed
1731 1289 1988 1356 Christi.
2056 1292 2121 1355 et
2177 1291 2328 1373 quia
2374 1291 2612 1357 Christi
2669 1294 2828 1356 erat.

515 1397 680 1476 ide0‚
750 1399 1044 1486 quamuis
1103 1416 1225 1462 non
1280 1416 1392 1479 per
1449 1397 1748 1480 aequales
1807 1396 2061 1461 daretur
2119 1397 2232 1472 ei8‚
2299 1400 2532 1474 tamen,
2589 1395 2828 1479 quibus

519 1504 805 1584 dabatur,
882 1505 1228 1587 aequaliter
1300 1503 1616 1587 proderat.
1680 1523 1825 1568 nam
1894 1505 1948 1568 si
2013 1507 2191 1568 tanto
2255 1503 2488 1568 melius
2555 1502 2828 1585 quisque

516 1611 895 1694 baptizatur,
971 1614 1205 1695 quanto
1280 1631 1315 1676 a
1388 1611 1651 1675 meliore
1725 1610 1920 1676 fuerit
1990 1610 2374 1693 baptizatus,
2459 1629 2580 1675 non
2653 1611 2827 1674 recte

518 1718 755 1801 gratias
822 1720 960 1804 agit
1023 1718 1377 1803 apostolus,
1454 1717 1622 1802 quod
1694 1718 2008 1782 neminem
2077 1716 2549 1782 Corinthiorum
2621 1715 2826 1797 bapti-

518 1825 758 1890 zauerit
802 1825 925 1889 nisi
982 1822 1277 1908 Crispum
1328 1827 1391 1889 et
1454 1823 1686 1890 Gaium
1756 1827 1820 1888 et
1877 1823 2232 1907 Stephanae
2293 1823 2580 1898 domum
2647 1825 2825 1888 tanto

520 1931 687 1995 enim
733 1931 965 1996 melius
1004 1931 1495 2014 baptizarentur,
1547 1933 1783 2015 quanto
1843 1934 1979 1996 erat
2033 1930 2274 1995 Paulus
2333 1930 2575 2009 melior,
2635 1929 2688 1996 si
2745 1930 2825 1994 ab

516 2041 657 2123 ipso
741 2039 1237 2124 baptizarentur.
1322 2039 1593 2122 denique
1671 2058 1815 2104 eum
1893 2039 2080 2104 dicit:
2161 2039 2328 2122 Ego
2413 2037 2824 2120 plantaui2

516 2147 813 2229 Apollo
860 2147 927 2211 ri
944 2147 1195 2232 gauit,
1243 2147 1503 2212 uidetur
1550 2145 1905 2231 significare
1965 2165 2033 2210 se
2083 2144 2579 2229 euangelizasse‚
2638 2144 2826 2208 illum

516 2252 895 2335 baptizasse.
953 2253 1259 2336 numquid
1306 2253 1533 2318 melior
1575 2253 1808 2336 Apollo
1859 2273 2048 2336 quam
2096 2252 2456 2317 Iohannes?
2515 2269 2627 2316 cur
2673 2268 2823 2334 ergo

515 2363 664 2443 post
708 2359 907 2424 istum
971 2379 1093 2425 non
1159 2358 1532 2443 baptizauit‚
1584 2360 1694 2443 qui
1757 2363 1905 2444 post
1950 2359 2298 2424 Iohannem
2367 2359 2824 2441 baptizauerat‚

516 2464 639 2530 nisi
678 2465 826 2548 quia
873 2465 993 2529 iste
1040 2464 1399 2548 baptismus
1450 2486 1559 2549 per
1607 2466 1958 2548 quemlibet
2007 2465 2193 2530 datus
2235 2463 2474 2530 Christi
2522 2467 2674 2542 erat,
2713 2463 2825 2528 ille

517 2575 729 2637 autem
768 2590 880 2656 per
917 2571 1267 2655 quemlibet
1314 2571 1523 2650 datus,
1562 2573 1857 2655 quamuis
1901 2573 2152 2639 Christo
2195 2571 2366 2636 uiam
2404 2573 2824 2654 praepararet,

516 2680 729 2743 tamen
776 2678 1075 2744 Iohannis
1127 2677 1304 2745 erat?

412 2787 497 2850 48
604 2785 931 2850 Inuidiose
987 2784 1115 2851 dic-i
1170 2784 1454 2850 uidetur:
1524 2787 1702 2852 ‘Post
1755 2784 2100 2852 Iohannem
2157 2786 2546 2870 baptizatum
2606 2787 2706 2849 est
2757 2787 2825 2847 et

515 2896 665 2974 post
717 2891 1071 2957 haereticos
1120 2912 1243 2957 non
1298 2892 1709 2976 baptizatur‘3
1769 2893 1881 2959 sed
1936 2897 2151 2978 potest
2207 2897 2272 2958 et
2325 2894 2448 2958 hoe
2505 2891 2822 2956 inuidiosa

520 2997 675 3063 diei:
752 2999 932 3064 ‘Post
1001 2999 1343 3064 Iohannem
1408 2999 1804 3081 baptizatum
1862 3003 1962 3064 est
2017 3002 2082 3064 et
2143 3003 2294 3082 post
2356 2997 2639 3063 ebriosos
2695 3015 2820 3062 non

515 3103 915 3185 baptizatur’.
981 3104 1213 3170 melius
1274 3104 1441 3170 enim
1498 3105 1622 3171 hoe
1675 3105 1910 3170 uitium
1967 3122 2412 3183 commemor0‚
2481 3102 2651 3185 quod
2704 3120 2822 3167 neo

520 3210 839 3276 occultare
892 3214 1185 3295 possunt,
1249 3210 1313 3276 in
1370 3212 1604 3294 quibus
1661 3215 1902 3296 regnat,
1952 3215 2037 3290 et,
2093 3231 2282 3294 quam
2337 3211 2526 3275 multi
2585 3209 2822 3291 ubique

520 3317 666 3396 sint,
732 3317 873 3400 quis
938 3317 1045 3382 uel
1102 3337 1326 3384 caecus
1380 3319 1676 3403 ignorat?
1743 3322 1807 3384 et
1861 3322 2072 3384 tamen
2128 3318 2295 3382 inter
2348 3335 2538 3401 opera
2593 3314 2820 3394 earnm,

521 3442 680 3507 quae
744 3423 852 3506 qui
926 3429 1145 3508 agunt,
1219 3443 1483 3510 regnum
1550 3424 1650 3490 dei
1725 3445 1846 3490 non
1921 3424 2361 3507 possidebunt,
2435 3423 2627 3488 etiam
2697 3421 2822 3486 hoe

698 3618 731 3671 3
770 3617 911 3671 Phil.
954 3617 1001 3678 1,
1047 3619 1137 3680 15;
1180 3617 1245 3671 17
1357 3619 1392 3672 5
1430 3615 1590 3686 Cypr.
1631 3615 1697 3670 de
1735 3616 1903 3685 lapsis
1943 3632 1984 3670 o.
2025 3617 2059 3670 6
2088 3633 2140 3686 p.
2171 3615 2294 3678 241.
2325 3615 2467 3670 3-4
2497 3613 2581 3670 ed.
2610 3613 2822 3670 Hartel.

524 3705 586 3758 11
628 3703 657 3758 1
697 3703 816 3760 Cor.
859 3706 905 3767 1,
949 3705 1159 3760 14-16
1270 3705 1337 3759 14
1374 3703 1402 3757 1
1441 3701 1561 3757 Cor.
1603 3703 1654 3766 3,
1695 3703 1728 3758 6

592 3828 624 3880 2
665 3827 922 3883 dedit—3
962 3843 1123 3897 quem
1160 3842 1261 3881 om.
1302 3826 1369 3881 N
1433 3827 1467 3879 4
1506 3829 1626 3881 erat
1661 3841 1765 3881 om.
1796 3827 1850 3879 A
1923 3826 1956 3880 5
1987 3831 2117 3880 ante
2152 3824 2351 3879 fundos
2385 3841 2499 3880 ras.
2529 3829 2674 3878 1--2
2700 3825 2734 3878 1.
2763 3825 2823 3878 A

520 3917 555 3970 8
590 3921 776 3970 tamen
815 3933 847 3970 a
886 3915 1082 3985 quibus
1119 3915 1173 3968 L
1356 3914 1423 3969 10
1461 3931 1493 3968 a·
1531 3932 1632 3969 om.
1670 3914 1790 3969 AN
1976 3914 2170 3969 melior
2203 3913 2270 3970 N
2454 3913 2634 3969 fuerat
2671 3915 2759 3976 (m-
2783 3917 2826 3968 2

522 4005 706 4072 fuerit)
742 4005 1051 4076 baptizatus
1096 4002 1147 4058 C'
1177 4005 1261 4057 est
1299 4003 1393 4073 qni
1430 4003 1680 4073 baptizat
1714 4003 1782 4058 N
1936 4005 1997 4058 11
2040 4004 2156 4074 egit
2198 4003 2247 4058 G
2401 4003 2468 4058 12
2506 4003 2728 4073 gagium
2765 4005 2824 4056 A

593 4093 893 4164 staphanae
930 4091 987 4146 P
1093 4093 1161 4147 14
1196 4091 1294 4147 illo
1334 4091 1387 4146 R
1501 4091 1567 4146 16
1609 4109 1702 4147 cur
1741 4109 1868 4163 ergo
1907 4109 2015 4147 non
2054 4095 2181 4163 post
2217 4093 2396 4163 ipsum
2434 4092 2738 4162 baptizauit
2763 4091 2824 4146 R

526 4183 591 4236 18
629 4187 748 4237 erat
784 4180 971 4237 christi
1009 4181 1085 4235 Μ
1210 4181 1277 4235 19
1314 4185 1727 4252 praeparatur-et
1760 4181 1822 4235 N
1939 4182 2010 4236 24
2047 4181 2148 4236 hoe
2185 4181 2383 4235 uitium
2422 4182 2564 4236 enim
2599 4183 2824 4250 punctis

522 4287 661 4326 corr.
701 4269 776 4324 M
915 4271 983 4324 25
1022 4271 1135 4324 sint
1172 4269 1373 4340 ubique
1416 4269 1463 4323 G
1604 4270 1673 4324 26
1715 4273 1857 4336 sunt,
1897 4286 2034 4326 corr.
2073 4287 2143 4324 m.
2165 4275 2194 4323 1
2229 4270 2342 4324 sint
2377 4267 2448 4322 M
2617 4269 2686 4323 27
2727 4269 2822 4338 qui

523 4376 623 4414 om.
664 4361 718 4413 A

2872 1639 2928 1676 1⁰

2867 2171 2925 2211 15

2859 2705 2924 2746 20
