3184 4959
264 1669 303 1729 4

339 1053 361 1090 5

312 1587 359 1626 10

314 2119 362 2157 15

310 2653 363 2692 20

1154 409 1680 480 epistularum
1739 411 1954 465 XCVII.
2559 419 2688 482 519

394 605 813 670 deliberatum
867 605 1110 688 aliquid
1162 605 1341 686 ferre,
1401 609 1709 688 quantum
1765 607 2068 690 temporis
2126 609 2533 691 permittebat
2587 633 2690 678 an-

395 713 628 797 gustia.
684 711 846 776 illud
900 714 1130 789 tamen,
1189 731 1311 794 quo
1370 713 1650 778 animum
1701 713 2182 779 clementissimi
2229 719 2296 779 et
2345 717 2690 802 religiosis-

396 822 543 886 simi
605 821 907 904 principis
975 839 1123 905 erga
1178 820 1511 887 ecclesiam
1568 822 1896 904 prouincia
1951 823 2220 900 nouerit,
2267 824 2444 889 nullo
2501 826 2690 890 modo

396 947 535 993 esse
584 927 1019 1006 differendum,
1078 927 1193 993 sed
1238 928 1431 992 etiam
1480 932 1820 1011 antequam
1869 929 2222 1013 episcopos,
2273 931 2380 1013 qui
2426 931 2690 1013 profecti

396 1037 563 1104 sunt,
620 1033 862 1112 uideas,
922 1053 1109 1117 quam
1168 1035 1442 1117 primum
1496 1038 1609 1098 tua
1663 1034 2214 1119 praestantissima
2273 1057 2386 1120 pro
2455 1037 2690 1104 Christi

394 1141 696 1206 membris
752 1142 816 1206 in
871 1140 1280 1206 tribulatione
1342 1141 1618 1206 maxima
1683 1141 2049 1207 constitutis
2115 1143 2453 1227 uigilantia
2505 1147 2690 1229 potu-

398 1250 533 1325 erit,
582 1247 1057 1314 accelerandum
1106 1266 1401 1334 suggero,
1448 1251 1618 1332 pete,
1669 1249 1948 1326 obsecre,
1987 1249 2226 1334 flagit0.
2274 1269 2477 1332 neque
2526 1251 2689 1315 enim

393 1374 660 1440 paruum
706 1355 771 1419 in
820 1355 921 1420 his
968 1355 1153 1420 malis
1203 1355 1505 1420 solatium
1544 1355 1837 1421 dominus
1879 1355 2134 1434 obtulit,
2174 1357 2342 1438 quod
2383 1360 2444 1420 te
2483 1357 2693 1421 uoluit

397 1463 599 1528 multo
666 1462 940 1546 amplius
1004 1481 1217 1545 posse,
1285 1482 1475 1545 quam
1537 1466 1814 1546 poteras,
1881 1462 2129 1546 quando
2205 1465 2330 1528 iam
2408 1464 2484 1528 de
2558 1464 2690 1528 tuis

396 1570 616 1634 multis
668 1573 733 1635 et
777 1569 1024 1653 magnis
1070 1569 1254 1634 bonis
1302 1569 1600 1650 operibus
1650 1569 2108 1654 gaudebamus

486 1677 765 1740 Multum
822 1693 971 1740 sane
1018 1675 1093 1739 de
1142 1674 1534 1758 quorundam
1580 1693 1786 1757 neque
1833 1693 2178 1756 paucorum
2235 1673 2356 1738 fide
2405 1675 2584 1739 firma
2630 1679 2693 1740 et

398 1783 616 1847 stabili
698 1781 1109 1866 gratulamur,
1196 1781 1304 1864 qui
1390 1799 1461 1846 ex
1536 1781 1866 1846 occasione
1947 1782 2164 1866 legum
2248 1782 2528 1865 ipsarum
2613 1783 2690 1848 ad

399 1889 821 1954 Christianam
876 1889 1247 1972 religionem
1301 1888 1405 1953 uel
1462 1888 1840 1953 catholicam
1898 1907 2114 1972 pacem
2176 1889 2466 1954 conuersi
2523 1893 2690 1964 sunt,

398 2015 508 2079 pro
566 2016 835 2078 quorum
901 1996 1109 2061 salute
1176 1996 1559 2078 sempiterna
1625 2014 1738 2060 nos
1806 1995 1866 2058 in
1935 1997 2051 2060 hac
2107 1997 2441 2079 temporali
2500 1996 2690 2060 etiam

396 2103 739 2186 periclitari
795 2102 1085 2168 delectat.
1135 2106 1465 2185 propterea
1521 2103 1687 2167 enim
1735 2103 2004 2167 maxime
2053 2103 2129 2166 ab
2188 2103 2546 2169 hominibus
2602 2103 2692 2166 ni-

398 2210 597 2274 mium
664 2209 1015 2292 durumque
1081 2210 1399 2293 peruersis
1456 2229 1619 2273 nunc
1674 2209 2148 2275 inimicitiarum
2205 2210 2527 2293 grauiores
2577 2210 2690 2272 im-

396 2321 585 2401 petus
626 2318 1035 2393 sustinemuS,
1078 2335 1235 2398 quos
1276 2315 1561 2380 nonnulli
1602 2333 1816 2380 eorum
1858 2316 2190 2381 nobiscum
2230 2316 2692 2399 patientissime

398 2424 742 2499 sustinent3
801 2423 915 2488 sed
968 2423 1317 2506 plurimum
1370 2423 1722 2488 infirmitati
1777 2423 2144 2498 metuimus,
2203 2424 2399 2488 donec
2447 2423 2695 2487 discant

398 2534 461 2596 et
508 2531 764 2594 ualeant
800 2529 1141 2594 adiuuante
1190 2528 1784 2594 misericordissima
1831 2529 2034 2612 gratia
2081 2529 2316 2593 domini
2365 2529 2690 2594 saeculum

396 2655 693 2721 praesens
749 2639 814 2701 et
864 2636 1193 2702 hominum
1250 2636 1418 2700 diem
1476 2636 1697 2700 robore
1754 2635 1960 2700 cordis
2017 2635 2361 2700 ualentiora
2418 2641 2692 2700 contem-

396 2764 560 2808 nere.
630 2743 1201 2822 commonitorium,
1262 2743 1427 2825 quod
1484 2743 1655 2811 misi,
1720 2741 2021 2807 fratribus
2078 2743 2414 2825 episcopiS,
2480 2742 2556 2820 si,
2621 2747 2694 2805 ut

397 2855 575 2934 pute,
634 2851 913 2916 nondum
960 2849 1051 2914 ibi
1100 2855 1267 2927 sunt,
1325 2851 1401 2914 ab
1452 2850 1808 2914 eximietate
1853 2852 1968 2913 tua
2011 2850 2142 2913 illis
2189 2849 2492 2926 tradatur,
2549 2867 2692 2912 cum

400 2958 704 3022 uenerint.
784 2962 1022 3022 tantam
1092 2958 1325 3040 quippe
1390 2957 1485 3020 tui
1562 2957 1974 3022 sincerissimi
2047 2957 2322 3038 pectoris
2387 2955 2696 3020 habemus

470 3169 503 3220 2
542 3166 687 3237 quod
720 3167 777 3222 R
925 3167 1122 3230 animo,
1163 3183 1229 3218 m.
1254 3169 1293 3219 2
1329 3165 1565 3218 animum
1602 3165 1676 3217 Ρ1
1786 3166 1817 3219 3
1857 3164 2143 3235 principes,
2183 3182 2251 3218 m.
2274 3169 2314 3218 2
2349 3164 2607 3235 principis
2642 3163 2698 3216 P

469 3257 801 3326 prouinciam
838 3258 912 3310 M
948 3259 1036 3321 (m.
1061 3259 1101 3308 2
1137 3255 1559 3326 prouinciamq3)
1597 3253 1833 3308 FACP¹
1873 3257 1948 3319 (m
1989 3259 2151 3319 eras.)
2331 3255 2589 3307 nouerint
2625 3253 2696 3305 M

397 3350 431 3401 4
471 3345 819 3400 deferendum
855 3346 910 3399 A
1057 3350 1157 3414 epo
1196 3344 1255 3396 F
1356 3347 1389 3398 5
1425 3347 1575 3397 tuam
1613 3343 1670 3397 P
1765 3343 1796 3396 6
1835 3343 2112 3412 potuerint
2147 3342 2202 3395 A
2239 3345 2536 3412 potuerunt
2569 3341 2701 3396 ΜΓ

400 3440 429 3491 7
469 3435 905 3490 accelesrandum
944 3435 1007 3487 F
1036 3433 1405 3493 accelerando,
1442 3451 1511 3486 m.
1536 3437 1575 3486 2
1613 3432 2018 3487 accelerandum
2057 3433 2132 3486 Μ
2271 3433 2304 3485 8
2343 3431 2562 3494 obtulit,
2600 3431 2697 3484 sed

398 3527 465 3579 ob
503 3527 567 3578 in
604 3543 713 3579 ras.
756 3523 969 3595 (m.1?)
1008 3525 1059 3577 P
1165 3523 1231 3576 10
1272 3539 1332 3576 ac
1371 3522 1489 3576 edd.
1639 3522 1892 3591 operibus
1929 3521 2084 3574 bonis
2123 3521 2244 3575 cdd.
2349 3524 2412 3574 11
2455 3536 2691 3590 quarun-

398 3617 538 3680 dam,
578 3633 645 3669 m.
668 3617 707 3668 2
745 3612 1079 3684 quorundam
1114 3611 1191 3665 Μ
1292 3610 1426 3664 fides
1462 3612 1519 3665 A
1632 3613 1697 3664 12
1737 3611 2016 3664 occasione
2055 3627 2176 3664 cum
2211 3627 2326 3665 ras.
2365 3625 2530 3678 super
2569 3626 2596 3662 e
2625 3609 2698 3662 M

404 3709 467 3760 15
502 3705 731 3758 maxime
769 3705 819 3772 (e
855 3718 923 3757 m.
946 3705 986 3756 2
1019 3703 1085 3756 in
1118 3715 1231 3754 ναε.
1272 3705 1311 3753 2
1348 3700 1406 3765 Ζ.)
1444 3699 1519 3752 Μ
1696 3699 1787 3769 ab]
1829 3698 1898 3752 ad
1936 3699 1992 3754 R
2172 3701 2357 3760 nimio,
2397 3715 2536 3752 corr.
2577 3716 2642 3750 m.
2669 3704 2694 3749 1

396 3793 621 3846 nimium
649 3791 724 3844 M
822 3791 888 3844 16
927 3789 1117 3843 durum
1149 3792 1273 3848 (om.
1306 3792 1431 3858 que)
1462 3788 1515 3840 A
1546 3788 1784 3858 dureque
1815 3787 1962 3850 edd.;
1993 3789 2061 3855 cf.
2092 3787 2356 3841 Martial.
2389 3788 2504 3840 III
2528 3789 2624 3850 39,
2655 3791 2694 3839 2

467 3881 736 3951 peruersis
764 3895 831 3934 ex
858 3895 1137 3949 peruerses
1164 3877 1239 3931 M
1384 3877 1448 3930 18
1494 3877 1828 3940 infirmitate,
1857 3891 1994 3930 corr.
2029 3879 2118 3940 (m.
2141 3881 2170 3928 1
2190 3875 2242 3942 ?)
2284 3876 2588 3929 infirmitati
2615 3875 2690 3928 Ρι

399 3969 468 4024 20
506 3969 703 4023 medieni
744 3973 965 4036 (parua
1010 3971 1145 4033 ras.)
1186 3966 1259 4020 P¹
1476 3965 1670 4018 robore
1717 3963 1894 4019 cordis
1941 3965 2246 4019 ualentiore
2295 3969 2693 4034 contempnere,

398 4075 463 4112 m.
486 4062 527 4112 2
562 4057 753 4112 robore
792 4055 967 4110 cordis
1016 4055 1317 4110 ualentior&
1366 4059 1642 4108 conterere
1689 4054 1736 4108 0
1780 4070 1898 4108 cum
1937 4054 2128 4108 robore
2168 4053 2342 4108 cordis
2380 4058 2437 4107 et
2473 4053 2551 4122 (et
2590 4052 2692 4105 del.

394 4165 462 4202 m.
487 4151 547 4214 2)
588 4146 888 4201 ualentiore
914 4147 1296 4214 contempnere
1322 4144 1395 4196 Ρι
1472 4145 1537 4198 21
1572 4144 2043 4198 communitorium
2073 4143 2134 4196 F
2166 4143 2611 4197 commonitor-um
2640 4143 2694 4194 A

468 4238 611 4292 siout
646 4237 723 4290 Ρι
760 4237 902 4292 sicut
939 4235 1047 4290 AC
1222 4234 1291 4288 22
1331 4233 1549 4288 eximiet
1572 4238 1577 4249 '
1604 4238 1748 4298 atua,
1789 4250 1926 4288 corr.
1965 4251 2033 4287 m.
2055 4238 2086 4286 1
2125 4232 2435 4288 eximietate
2463 4232 2468 4280 Ι
2493 4237 2590 4285 tua
2626 4231 2698 4283 M

468 4325 703 4381 traditur
745 4325 793 4380 Ο
896 4326 965 4379 23
1004 4327 1271 4378 uenerunt
1306 4322 1361 4376 R
