3184 4959
439 465 562 530 126
1141 465 1194 519 S.
1253 465 1522 519 Aureli
1576 465 2015 536 Augustini

433 658 740 743 ArzugeS,
810 659 864 723 si
928 659 1085 724 licet
1150 659 1208 724 ei
1279 659 1711 725 iuramentum
1784 660 2067 742 accipere
2132 678 2169 723 a
2230 660 2493 725 barbaro
2566 661 2727 726 illud

435 766 698 829 mortale
746 767 812 829 et
857 764 912 828 si
959 784 1081 830 non
1129 764 1590 848 coinquinatur,
1639 766 1696 830 si
1742 765 2094 849 susceperit
2136 765 2265 830 tale
2302 766 2727 833 iuramentum

437 871 874 938 Christianus?

526 978 638 1045 VI.
686 977 756 1044 Si
812 979 888 1044 de
945 998 1088 1043 area
1141 979 1535 1044 trituratoria
1587 979 1787 1044 tritici
1849 981 1957 1045 uel
2026 981 2489 1064 cuiuscumque
2550 982 2727 1066 legu-

434 1085 622 1150 minis
687 1091 799 1150 aut
859 1087 1182 1164 torculari,
1249 1086 1325 1150 de
1392 1105 1517 1168 qua
1579 1085 1873 1152 daemoni
1936 1087 2221 1153 oblatum
2288 1093 2407 1166 est,
2464 1089 2519 1154 si
2574 1088 2728 1153 licet

434 1193 576 1258 inde
624 1193 1000 1258 manducare
1049 1193 1477 1258 Christianum
1527 1192 1872 1258 scientem?

524 1301 664 1366 VII.
714 1301 810 1365 De
855 1301 1002 1365 luco
1052 1300 1106 1364 si
1151 1298 1305 1364 licet
1351 1300 1428 1364 ad
1475 1299 1753 1381 aliquem
1800 1318 1991 1364 usum
2046 1318 2236 1364 suum
2295 1299 2727 1366 Christianum

437 1407 740 1472 scientem
787 1407 962 1492 ligna
1008 1405 1276 1471 tollere?

515 1507 698 1578 VIII.
749 1512 816 1578 Si
863 1514 1006 1596 quis
1055 1512 1294 1578 uadens
1343 1513 1420 1576 ad
1467 1512 1807 1576 macellum
1856 1514 2026 1575 emat
2070 1529 2339 1591 carnem,
2388 1532 2547 1594 quae
2604 1533 2723 1577 non

434 1620 522 1684 sit
563 1619 998 1696 immolaticia,
1049 1624 1113 1684 et
1157 1619 1574 1704 cogitationes
1624 1619 1781 1683 duas
1830 1618 2123 1682 habuerit
2179 1619 2243 1682 in
2302 1619 2508 1697 corde,
2558 1620 2725 1702 quod

432 1727 763 1791 immolata
817 1726 905 1791 sit
959 1729 1024 1790 et
1075 1746 1198 1792 non
1256 1725 1341 1790 sit
1393 1726 1742 1804 immolata,
1800 1730 1865 1789 et
1916 1725 2097 1789 illam
2151 1725 2427 1790 tenuerit
2490 1727 2725 1810 cogita-

431 1833 691 1912 tionem,
759 1853 884 1915 qua
945 1852 1068 1898 non
1132 1833 1525 1898 immolatam
1598 1832 1925 1916 cogitabit,
1994 1833 2050 1896 si
2114 1832 2613 1911 manducauerit,
2669 1833 2725 1897 si

432 1943 698 2022 peccat?

522 2045 635 2110 IX.
685 2045 752 2112 Si
800 2047 907 2129 qui
953 2045 1184 2112 bonam
1229 2065 1382 2125 rem,
1433 2045 1508 2111 de
1556 2065 1683 2129 qua
1730 2045 1998 2122 dubitat,
2050 2065 2124 2110 an
2173 2046 2340 2111 bona
2394 2050 2506 2111 aut
2557 2046 2725 2111 mala

435 2153 540 2229 sit,
587 2152 800 2229 faciat,
849 2171 993 2216 cum
1039 2155 1226 2234 putat
1270 2152 1520 2226 bonam,
1569 2170 1715 2216 cum
1763 2155 1974 2216 tamen
2022 2156 2316 2234 put-asset
2362 2156 2425 2217 et
2469 2153 2723 2231 malam,

436 2257 490 2321 si
533 2260 868 2342 peccatum
917 2257 1314 2321 adscribatur
1357 2258 1458 2321 ei?

521 2364 601 2429 X.
661 2361 728 2430 Si
795 2364 936 2445 quis
1005 2363 1247 2440 dixerit,
1313 2365 1482 2446 quod
1546 2364 2031 2430 immolaticium
2100 2369 2217 2444 est,
2284 2366 2595 2430 mentiens
2662 2370 2727 2430 et

433 2471 659 2552 postea
724 2470 950 2535 dixerit
1011 2471 1264 2548 iterum,
1331 2471 1480 2553 quia
1542 2472 1852 2536 mentitus
1909 2475 2028 2550 est,
2088 2475 2152 2536 et
2206 2471 2285 2536 ad
2340 2473 2525 2536 fidem
2577 2491 2724 2538 uere

435 2577 742 2642 mentitus
791 2580 908 2652 est,
959 2577 1013 2641 si
1049 2577 1202 2642 licet
1239 2575 1668 2642 Christianum
1708 2579 1855 2643 inde
1892 2579 2269 2644 manducare
2308 2581 2421 2643 aut
2456 2578 2723 2643 uendere

435 2687 499 2748 et
547 2684 623 2748 de
667 2684 871 2767 pretio
919 2685 1014 2748 uti
1061 2703 1132 2748 ex
1180 2703 1273 2758 00,
1323 2684 1494 2767 quod
1539 2685 1831 2750 audiuit?

523 2791 634 2857 XI.
693 2789 760 2857 Si
818 2791 1218 2856 Christianus
1283 2790 1517 2872 aliquis
1585 2793 1917 2858 ambulans
1982 2812 2213 2874 passus
2278 2793 2725 2858 necessitatem

434 2896 649 2961 uictus
704 2898 869 2963 fame
925 2899 1114 2962 unius
1173 2897 1297 2962 diei
1351 2898 1458 2962 uel
1514 2898 1691 2962 bidui
1748 2901 1853 2964 uel
1908 2901 2255 2964 multorum
2321 2899 2585 2977 dierum,
2651 2905 2726 2963 ut

509 3105 534 3157 1
578 3105 624 3158 si
661 3105 812 3175 licet]
855 3106 1064 3160 scilicet
1099 3105 1171 3160 M
1312 3107 1360 3160 ei
1399 3123 1499 3162 om.
1539 3107 1596 3160 P
1736 3109 1832 3162 illo
1872 3109 2098 3163 mortale
2134 3109 2207 3163 Ρ1
2246 3109 2401 3164 11111111
2438 3109 2721 3162 mortalem

433 3192 668 3247 MFAR
877 3196 908 3247 2
967 3195 1402 3264 quoinquinatur‚
1441 3213 1508 3250 m.
1533 3201 1571 3249 2
1609 3197 1987 3267 coinquinatur
2020 3198 2097 3252 Ρ1
2134 3199 2513 3268 coinquinatus
2550 3198 2603 3250 A
2638 3197 2722 3250 in-

435 3282 689 3350 quinatur
724 3282 780 3336 R
923 3284 1210 3352 susciperit
1245 3283 1306 3337 F
1505 3289 1535 3340 5
1577 3285 1643 3340 de
1682 3304 1860 3356 quom
2005 3287 2255 3342 demonio
2293 3288 2349 3341 P
2489 3287 2536 3340 si
2573 3286 2724 3355 licet]

435 3370 512 3424 sic
551 3373 607 3424 et
641 3370 878 3426 MFAR
1043 3373 1075 3426 8
1112 3373 1304 3426 tollere
1342 3373 1491 3442 ligna
1529 3373 1586 3428 R
1729 3377 1763 3430 9
1803 3376 2037 3430 euadens
2077 3379 2188 3444 (pr.
2229 3377 2263 3432 Ζ.
2302 3393 2420 3445 exp.
2460 3379 2610 3440 m.2)
2648 3374 2722 3427 Ρι

437 3459 503 3512 10
541 3460 847 3513 emolaticia
881 3461 957 3514 M
989 3461 1150 3531 (corr.
1187 3479 1254 3516 m.
1277 3469 1308 3515 1
1345 3463 1721 3530 immolaticia)
1759 3465 1821 3518 F
1958 3464 2013 3517 in
2055 3464 2237 3534 corde]
2277 3464 2403 3517 inde
2439 3464 2619 3517 MFA
2641 3481 2725 3516 ae

437 3549 498 3601 11
541 3549 692 3602 illum
729 3549 803 3602 M
839 3550 996 3618 (corr.
1035 3551 1152 3604 uid.
1189 3552 1363 3622 illam)
1397 3551 1509 3605 FA
1654 3553 1987 3622 cogitatione
2014 3553 2067 3604 A
2182 3553 2245 3606 12
2286 3554 2413 3622 quia
2438 3552 2617 3606 MFA
2640 3569 2724 3606 ae

434 3683 521 3733 qum
558 3665 614 3734 (a
650 3681 716 3717 m.
741 3669 800 3731 2)
839 3665 910 3717 P¹
1075 3667 1356 3721 immolata
1393 3683 1460 3720 ex
1497 3669 1806 3722 immolatur
1831 3669 2054 3735 sactum
2089 3668 2205 3722 uid.
2248 3686 2311 3722 m.
2336 3671 2375 3720 2
2410 3667 2485 3721 1²¹
2530 3667 2722 3722 immo·

433 3753 604 3806 latum
633 3753 688 3806 P
722 3755 1032 3808 immolatur
1060 3754 1296 3810 MFAR
1331 3755 1645 3809 immolatur
1682 3759 1737 3809 et
1769 3757 1841 3809 sit
1877 3757 2159 3810 immolata
2195 3773 2231 3810 a
2252 3773 2279 3810 e
2439 3756 2721 3826 cogitabit,

431 3859 500 3894 m.
525 3845 563 3895 2
600 3843 868 3912 cogitauit
893 3843 966 3896 P¹
1007 3845 1291 3912 cogitauit,
1330 3860 1466 3898 corr.
1497 3862 1563 3896 m.
1589 3850 1616 3896 1
1654 3845 1919 3912 cogitabit
1944 3845 2001 3898 P
2096 3847 2143 3898 si
2179 3847 2391 3916 peccat]
2430 3849 2723 3914 peccatae

433 3947 500 3984 an
537 3934 728 4000 peccat
765 3937 883 3985 cett.
923 3932 1042 3985 edd.
1159 3933 1224 3985 14
1263 3933 1382 4001 quis
1411 3933 1481 3985 P¹
1512 3933 1707 3999 slrm
1853 3933 2069 3986 dubitat
2104 3951 2172 3987 311
2211 3933 2330 3987 edd.
2373 3934 2624 3988 dubitata
2658 3936 2723 3985 ut

429 4019 486 4072 P
521 4017 741 4072 dubitat
778 4023 874 4074 aut
909 4019 1222 4074 MFAP¹R
1371 4023 1434 4076 15
1473 4023 1548 4074 sit
1583 4038 1687 4076 om.
1716 4023 1769 4076 A
1808 4023 1853 4076 si
1890 4023 1963 4074 M
1994 4023 2069 4076 sit
2106 4022 2151 4076 si
2189 4022 2419 4077 Faem
2600 4038 2719 4075 cum

431 4110 612 4178 putat]
649 4111 811 4178 putat
837 4109 1094 4164 MFAF
1135 4115 1224 4175 (m.
1247 4113 1286 4164 2
1321 4114 1541 4180 putans)
1571 4115 1770 4181 putans
1799 4113 1853 4166 R
1872 4129 1925 4166 m
1952 4115 2017 4166 ut
2042 4116 2204 4182 putat
2224 4129 2261 4166 a
2281 4129 2308 4166 e
2336 4116 2393 4166 et
2420 4115 2577 4182 putat
2606 4109 2723 4179 frl

502 4195 647 4249 bona
685 4199 774 4262 (fv
813 4197 1012 4266 m.2?)
1053 4197 1107 4250 P
1225 4203 1502 4266 peccasset
1539 4200 1609 4252 M
1727 4199 1931 4253 malum
1968 4204 2021 4253 A
2136 4202 2200 4256 16
2239 4201 2543 4262 ascribitur,
2581 4215 2719 4255 corr.

429 4301 496 4337 m.
538 4291 600 4338 ut
622 4283 738 4338 uid.
769 4289 800 4338 1
829 4287 1126 4340 ascribatur
1151 4287 1206 4341 R
1317 4287 1366 4341 ei
1395 4304 1495 4342 om.
1525 4288 1581 4342 P
1691 4290 1754 4343 17
1796 4289 1937 4359 quis]
1972 4289 2103 4358 quid
2128 4290 2311 4345 MFA
2410 4290 2476 4344 18
2512 4293 2639 4359 post
2664 4287 2721 4344 R

506 4376 562 4427 et
579 4387 682 4428 om.
704 4375 756 4425 A
852 4374 918 4428 19
947 4374 993 4428 si
1021 4375 1171 4444 licet]
1195 4375 1609 4446 scilicetF(1›r.
1632 4394 1661 4432 c
1689 4383 1832 4446 exp.)
1853 4377 1907 4430 A
2000 4379 2069 4432 22
2095 4377 2232 4445 deei,
2254 4395 2391 4434 corr.
2412 4383 2523 4432 m.1
2543 4377 2651 4431 diei
2670 4377 2725 4432 P

2762 1643 2815 1683 10

2762 2175 2815 2214 15

2758 2707 2813 2748 80
