3184 4959
923 459 950 495 e
971 458 1002 511 p
1028 440 1042 493 i
1067 442 1229 497 stul
1251 458 1281 497 a
1299 460 1325 495 ι·
1347 460 1378 497 u
1398 458 1450 495 m
1505 442 1747 497 XXXVI.
1804 442 2072 497 XXXVII.
2555 448 2639 511 63

1327 638 1654 703 XXXVII.

461 777 756 833 DOMINO
795 776 1230 831 BEATISSIMO
1270 774 1358 830 ET
1396 775 1981 831 VENERABILITER
2020 776 2523 833 SINCERISSIMA

353 866 706 923 CARITATE
761 864 1302 921 AMPLECTENDO
1363 864 1580 919 PATRI
1644 864 2111 920 SIMPLICIANO
2176 866 2639 921 AUGUSTINUS

1095 953 1176 1009 IN
1215 953 1506 1009 DOMINO
1540 954 1891 1009 SALUTEM.

223 1084 256 1144 1
287 1108 312 1146 ε.
437 1086 670 1150 Plenas
727 1085 1034 1150 bonorum
1093 1084 1465 1169 gaudiorum
1518 1083 1791 1163 litterae,
1850 1082 2017 1165 quod
2075 1084 2164 1147 sis
2219 1102 2463 1148 memor
2514 1084 2643 1147 mei

352 1210 601 1274 meque,
647 1194 722 1257 ut
767 1192 956 1268 solea,
1005 1190 1234 1275 diligas
1281 1208 1678 1274 magnaeque
1718 1190 2131 1273 gratulationi
2166 1190 2285 1253 tibi
2324 1190 2428 1267 sit,
2470 1191 2643 1272 quic-

351 1299 503 1383 quid
556 1298 622 1363 in
679 1316 780 1362 me
837 1296 1144 1363 donorum
1201 1316 1464 1362 suorum
1519 1296 1815 1361 dominus
1873 1295 2153 1361 conferre
2200 1296 2496 1381 dignatus
2546 1300 2645 1361 est

346 1405 781 1470 misericordia
815 1424 952 1483 sua,
991 1424 1112 1469 non
1153 1404 1398 1469 meritis
1439 1404 1621 1481 meis,
1651 1404 1883 1468 missas
1920 1422 2179 1467 munere
2217 1408 2363 1468 tuae
2412 1403 2647 1467 sancti-

349 1513 500 1577 tatis
553 1512 788 1594 accepi.
836 1511 900 1575 in
948 1511 1179 1594 quibus
1237 1510 1533 1575 affectum
1589 1510 1653 1573 in
1708 1528 1809 1575 me
1864 1514 2219 1593 paternum,
2266 1514 2379 1576 tuo
2426 1510 2643 1595 benig-

257 1644 312 1683 ιο
348 1620 614 1684 nissimo
663 1618 848 1683 corde
895 1637 1018 1683 non
1063 1618 1464 1701 repentinum
1513 1622 1574 1681 et
1620 1636 1859 1681 nouum
1906 1617 2113 1694 hausi,
2162 1618 2273 1681 sed
2320 1620 2643 1699 expertum

348 1726 534 1810 plane
580 1725 1032 1809 cognitumque
1067 1724 1358 1807 repetiui‚
1398 1723 1653 1788 domine
1690 1724 2059 1788 beatissime
2098 1727 2163 1789 et
2207 1723 2651 1788 uenerabiliter

349 1831 780 1897 sincerissima
827 1830 1087 1895 caritate
1137 1830 1592 1912 amplectende.

212 1938 250 1997 2
437 1938 622 2003 Unde
699 1940 911 2001 autem
985 1940 1162 2001 tanta
1236 1940 1446 2001 exorta
1519 1939 1621 2000 est
1701 1936 1973 2001 felicitas
2056 1936 2363 2000 litterario
2444 1935 2647 1999 labori

345 2048 586 2121 nostro,
638 2062 760 2125 quo
809 2044 872 2107 in
919 2044 1228 2107 librorum
1275 2042 1669 2125 quorundam
1726 2042 2191 2125 conscriptione
2250 2042 2645 2119 sudauimus‚

255 2182 310 2220 ιε,
347 2155 424 2215 ut
477 2170 514 2214 a
571 2154 686 2215 tua
743 2150 1104 2233 dignatione
1162 2152 1540 2233 legerentur,
1600 2150 1724 2215 nisi
1781 2150 1929 2233 quia
1984 2151 2303 2228 dominus,
2350 2150 2453 2215 cui
2500 2150 2647 2213 sub-

347 2258 480 2322 dita
539 2260 644 2322 est
687 2258 898 2321 anima
941 2276 1104 2335 mea,
1154 2255 1468 2320 consolari
1513 2256 1728 2321 uoluit
1772 2274 1954 2321 curas
2004 2276 2177 2321 meas
2228 2260 2292 2321 et
2338 2276 2374 2320 a
2418 2256 2646 2321 timore

343 2383 649 2443 recreare,
711 2384 832 2447 quo
888 2384 989 2429 me
1044 2365 1107 2427 in
1167 2364 1404 2429 talibus
1463 2364 1761 2448 operibus
1818 2382 2077 2429 necesse
2134 2367 2232 2428 est
2288 2383 2427 2429 esse
2474 2362 2648 2427 solli-

347 2472 572 2547 citum,
622 2470 849 2535 necubi
897 2472 1058 2536 forte
1104 2470 1416 2536 indoctior
1459 2473 1567 2535 uel
1614 2472 1928 2536 incautior
1973 2471 2267 2553 quamuis
2314 2471 2377 2535 in
2416 2470 2647 2553 planis-

347 2578 513 2642 simo
574 2596 799 2660 campo
857 2577 1147 2642 ueritatis
1206 2576 1560 2642 offendam?
1618 2598 1762 2642 cum
1820 2578 1987 2643 enim
2035 2578 2155 2641 tibi
2200 2578 2429 2658 placet,
2480 2574 2649 2658 quod

254 2717 312 2756 20
351 2684 589 2762 scribo,
647 2682 819 2760 noui,
878 2684 980 2747 cui
1036 2684 1307 2765 placeat,
1365 2684 1681 2765 quoniam,
1739 2685 1883 2765 quis
1948 2688 2011 2749 te
2076 2676 2409 2760 inhabitet,
2476 2681 2647 2745 noui.

575 2874 632 2927 V
673 2898 740 2921 =
779 2874 894 2929 cod.
944 2874 1382 2929 Vindobona-meis
1423 2878 1542 2929 322
1575 2892 1618 2929 e.
1668 2874 2006 2931 VIII—IX.

568 2962 617 3016 S
675 2986 746 3009 =
785 2962 900 3017 cod.
939 2963 1328 3032 Sangallensis
1365 2968 1445 3017 29
1479 2980 1521 3017 ε.
1561 2964 1673 3017 ΙΧ.

573 3052 620 3105 0
675 3076 743 3098 Ξ
783 3050 902 3106 cod.
937 3052 1288 3106 Bodleianue
1330 3056 1444 3107 632
1479 3069 1520 3107 s.
1561 3054 1625 3107 Χ
1658 3069 1739 3107 ex.

566 3143 622 3195 A
677 3166 747 3188 =
786 3144 902 3198 cod.
941 3144 1348 3197 Ambrosianus
1383 3143 1438 3199 R
1481 3147 1556 3197 42
1590 3160 1714 3212 sup.
1755 3146 1792 3196 3
1826 3160 1868 3197 s,
1908 3142 2149 3199 X—XI.

577 3230 632 3285 U
675 3256 745 3278 =
785 3233 901 3288 cod.
951 3234 1260 3287 Vaticanus
1299 3234 1419 3286 445
1451 3250 1496 3287 ε.
1535 3232 1668 3287 XV.

423 3338 490 3393 H
490 3356 586 3393 aec
635 3340 874 3409 epistula
924 3357 990 3395 ex
1037 3340 1204 3394 initio
1253 3340 1638 3407 quaestionum
1692 3339 1770 3393 ad
1815 3339 2239 3408 Simplicianum
2284 3340 2347 3393 in
2383 3340 2652 3409 epistulae

351 3430 638 3483 translata
677 3434 756 3482 est
792 3445 830 3483 a
863 3428 1174 3483 Mau-riuis.

423 3554 854 3623 Inscnptionem
889 3570 990 3607 om.
1033 3553 1082 3608 Ο
1190 3555 1222 3608 2
1260 3554 1574 3607 carabiliter
1612 3552 1659 3607 S
1690 3552 2127 3607 inenarrabiliter
2162 3551 2283 3605 AU
2400 3551 2649 3605 sinceris-

349 3644 507 3707 simo,
547 3658 685 3696 corr.
725 3642 1090 3697 sincerissima
1125 3642 1173 3696 S
1254 3645 1286 3697 5
1323 3642 1531 3712 plenas]
1573 3642 1833 3695 donorum
1872 3657 2088 3695 suorum
2127 3642 2315 3711 plenas
2353 3657 2473 3694 cum
2512 3656 2649 3693 corr.

346 3731 508 3801 siquo
547 3736 680 3785 ante
715 3730 975 3785 donorum
1023 3732 1096 3798 V,·
1133 3731 1200 3799 of.
1239 3748 1294 3788 u.
1332 3736 1366 3785 7
1472 3732 1580 3785 mei
1616 3732 1833 3801 meque]
1869 3732 2072 3799 meio>
2112 3746 2179 3783 m.
2202 3732 2241 3783 2
2276 3730 2383 3783 mei
2420 3745 2577 3797 quem
2607 3728 2657 3782 S

349 3821 387 3873 6
423 3837 618 3889 meque
657 3822 740 3891 ut]
781 3830 874 3875 me
907 3825 968 3876 ut
1005 3838 1109 3891 que
1147 3824 1200 3875 A
1355 3838 1550 3891 magne
1591 3838 1728 3891 quae
1768 3822 1822 3874 A
1932 3822 1963 3875 7
2002 3820 2263 3873 donorum
2302 3833 2655 3885 suorumper

349 3925 588 3964 errorem
631 3910 695 3963 in
737 3911 902 3965 initio
947 3911 1216 3978 epistulae
1263 3915 1394 3964 ante
1437 3910 1625 3981 plenas
1662 3910 1909 3979 positum
1944 3910 2041 3963 sed
2074 3909 2245 3978 siquis
2282 3924 2418 3961 corr.
2468 3906 2543 3971 V;
2581 3906 2650 3973 cf.

349 4017 409 4052 ιι.
453 4002 486 4051 5
599 3998 803 4063 dorum,
842 4017 910 4053 m.
933 4003 972 4052 2
1009 3998 1268 4052 donorum
1309 3998 1353 4053 S
1448 3998 1481 4051 8
1518 3999 1683 4052 missa
1729 3998 1783 4051 V
1885 3998 2167 4051 sanctitati
2206 4001 2330 4050 tuae
2356 3996 2411 4049 A
2449 3995 2652 4049 sancti·

348 4087 489 4141 tatis
527 4090 655 4141 tuae
692 4086 816 4141 edd.
990 4090 1022 4142 9
1059 4088 1116 4141 in
1157 4105 1256 4141 om.
1297 4088 1344 4142 S
1485 4087 1719 4151 adfecto,
1758 4106 1825 4142 m.
1850 4090 1889 4141 2
1925 4086 2199 4141 adfectum
2239 4085 2285 4139 S
2424 4085 2543 4153 tuo]
2586 4082 2651 4137 de

345 4182 450 4231 tuo
491 4177 612 4233 edd.
764 4178 830 4231 10
865 4177 1012 4232 cordi
1057 4176 1104 4231 Ο
1247 4177 1364 4230 ausi
1403 4176 1450 4231 S
1483 4178 1605 4231 auxi
1645 4178 1697 4229 A
1854 4177 1915 4229 11
1959 4194 2087 4229 sane
2125 4175 2245 4229 edd.
2392 4174 2520 4228 dnfie
2562 4176 2651 4241 (ιν

347 4284 423 4320 m.
447 4269 508 4333 2)
544 4266 591 4320 0
701 4266 768 4320 12
806 4266 1012 4321 sincera
1055 4266 1102 4319 Υ
1204 4266 1578 4336 amplectendo
1608 4266 1663 4319 A
1774 4265 1840 4319 15
1871 4264 2019 4334 quod
2057 4264 2107 4317 V
2204 4264 2269 4317 16
2300 4261 2567 4317 consulari
2606 4260 2657 4314 V

353 4358 423 4411 17
467 4354 614 4424 quod
653 4358 704 4408 A
817 4356 884 4409 18
922 4355 1203 4425 planissim
1244 4355 1344 4421 (sic
1365 4356 1406 4425 J)
1454 4354 1501 4407 V
1609 4355 1678 4408 20
1716 4354 1953 4425 placeat]
1994 4352 2175 4423 placet
2220 4353 2321 4405 VA
