3184 4959
503 389 627 453 118
1203 387 1255 440 S.
1315 383 1588 438 Aureli
1642 385 2081 454 Augustini

495 580 693 658 eius,
742 581 865 644 hoc
915 583 1014 644 est
1059 598 1171 662 per
1215 597 1366 644 suos
1418 578 1767 663 discipulos
1815 579 2181 662 baptizaret.
2236 598 2359 661 quo
2408 580 2596 646 modo
2646 599 2793 665 ergo

494 687 746 765 dabant,
795 687 962 770 quod
1009 705 1130 751 non
1179 690 1570 769 acceperant,
1614 686 1784 768 quod
1830 686 1955 769 ipsi
1992 685 2261 750 maxime
2301 686 2507 751 solent
2544 687 2793 752 dicere?

494 813 571 858 an
636 794 798 859 forte
867 793 1162 858 Christus
1225 793 1543 876 baptismo
1609 793 1909 858 Iohannis
1976 793 2383 876 baptizabat?
2453 793 2676 860 deinde
2730 795 2793 858 in

494 901 611 964 hac
679 900 994 966 sententia
1059 901 1266 964 multa
1330 899 1739 982 quaesiturus
1806 919 1997 977 eram,
2066 918 2190 981 quo
2255 899 2443 964 modo
2510 900 2586 965 ab
2654 899 2793 984 ipso

494 1007 767 1072 Iohanne
813 1009 967 1070 tunc
1005 1006 1368 1088 quaesitum
1406 1006 1493 1072 sit
1531 1005 1607 1070 de
1644 1006 1961 1089 baptismo
2001 1005 2242 1070 domini
2280 1009 2347 1070 et
2381 1006 2793 1088 responderit,

493 1113 662 1194 quod
725 1113 835 1177 ille
901 1112 1161 1177 haberet
1225 1131 1524 1195 sponsam
1589 1116 1655 1178 et
1716 1113 1825 1178 ille
1892 1117 2065 1178 esset
2128 1131 2422 1195 sponsus.
2485 1113 2795 1196 numquid

493 1239 640 1303 ergo
706 1220 804 1284 fas
869 1222 1022 1299 erat,
1089 1222 1164 1284 ut
1225 1218 1544 1302 baptismo
1610 1221 1906 1284 Iohannis
1971 1219 2323 1302 baptizaret
2375 1238 2672 1304 sponsae,
2727 1219 2794 1284 id

493 1329 594 1390 est
667 1325 990 1408 baptismo
1068 1326 1258 1391 amici
1321 1325 1428 1390 uel
1495 1326 1706 1392 serui?
1772 1325 1995 1391 deinde
2062 1344 2184 1409 quo
2250 1326 2438 1391 modo
2504 1330 2795 1410 poterant

492 1433 944 1498 eucharistiam
994 1433 1277 1515 accipere
1326 1432 1607 1497 nondum
1653 1433 2002 1515 baptizati?
2050 1438 2163 1498 aut
2209 1452 2333 1516 quo
2378 1433 2565 1498 modo
2603 1433 2789 1498 Petro

496 1540 756 1618 uolenti,
815 1549 890 1603 ut
943 1541 1153 1605 totum
1213 1559 1282 1604 se
1337 1542 1604 1618 lauaret,
1660 1539 2085 1622 responderit:
2154 1539 2304 1620 Qui
2367 1540 2592 1604 lotus
2664 1543 2791 1605 est

494 1645 764 1724 semel,
845 1665 994 1711 non
1071 1665 1244 1711 eum
1321 1649 1648 1730 oportet
1721 1645 2021 1711 iterum
2092 1647 2381 1724 lauari,
2460 1645 2598 1712 sed
2666 1648 2791 1712 est

491 1753 832 1818 mundus
897 1755 1176 1820 totus?
1241 1753 1520 1838 perfecta
1583 1753 1752 1818 enim
1806 1753 2133 1818 mundatio
2190 1773 2313 1818 non
2369 1753 2433 1818 in
2490 1753 2788 1818 Iohannis

491 1857 604 1925 sed
665 1860 731 1925 in
797 1861 1048 1925 nomine
1114 1857 1354 1926 do'mini
1417 1860 1737 1945 baptisma
1791 1863 1909 1940 est,
1968 1860 2023 1924 si
2079 1880 2151 1925 eo
2208 1879 2277 1926 se
2334 1860 2621 1944 dignum,
2680 1861 2787 1944 qui

491 1966 740 2050 accipit,
799 1967 1122 2050 praebeat3
1182 1967 1238 2033 si
1295 1971 1509 2032 autem
1565 1967 1921 2051 indignum,
1978 1970 2369 2032 sacramenta
2422 1967 2485 2031 in
2544 1987 2617 2032 eo
2664 1987 2785 2032 non

491 2074 569 2138 ad
626 2074 898 2139 salutem
956 2075 1071 2140 sed
1126 2073 1204 2139 ad
1259 2075 1605 2159 perniciem
1658 2075 2117 2158 permanebunt
2162 2077 2393 2140 tamen.
2441 2093 2589 2140 cum
2636 2093 2783 2159 ergo

489 2181 618 2246 ista
671 2181 1076 2262 quaesiturus
1145 2200 1373 2259 essem,
1431 2181 1624 2246 etiam
1679 2181 1817 2264 ipse
1876 2180 2041 2246 uidit
2096 2181 2171 2245 de
2229 2180 2548 2265 baptismo
2599 2179 2786 2246 disci-

489 2289 786 2370 pulorum
838 2287 1078 2352 domini
1123 2307 1248 2353 non
1297 2287 1420 2352 sibi
1465 2288 1669 2352 fuisse
1717 2287 2162 2370 quaerendum.

405 2402 484 2464 11
580 2392 733 2458 Inde
790 2394 948 2458 itum
1007 2394 1072 2458 in
1132 2393 1305 2458 aliud
1351 2395 1597 2472 multiS‚
1646 2397 1721 2458 ut
1766 2397 2077 2476 poterant,
2126 2394 2445 2477 utrimque
2492 2393 2784 2460 sermoci-

489 2501 807 2568 nantibus,
857 2501 1020 2565 inter
1066 2520 1226 2584 quae
1274 2501 1518 2566 dictum
1567 2507 1685 2579 est,
1735 2501 1904 2584 quod
1952 2501 2159 2566 adhuc
2198 2520 2305 2566 eos
2343 2501 2543 2566 nostri
2580 2518 2787 2585 perse-

490 2607 699 2672 cuturi
763 2611 994 2682 essent,
1061 2607 1368 2691 nobisque
1435 2608 1687 2674 dicebat
1750 2608 1966 2673 uidere
2024 2627 2092 2673 se
2148 2608 2336 2687 uelle,
2395 2608 2613 2692 quales
2668 2626 2785 2673 nos

489 2733 777 2778 essemus
842 2715 903 2779 in
967 2715 1082 2780 illa
1143 2715 1584 2798 persecutione
1649 2715 2065 2799 praebituros,
2130 2718 2347 2780 utrum
2421 2713 2785 2780 consensuri

490 2839 779 2886 essemus
845 2821 961 2886 tali
1026 2822 1354 2898 saeuitiae,
1424 2841 1498 2886 an
1559 2823 1809 2887 nullum
1866 2821 2325 2887 commodaturi
2381 2839 2781 2888 consensum.

487 2946 600 2992 nos
676 2927 1043 2993 dicebamus
1121 2928 1311 2994 deum
1385 2929 1601 2993 uidere
1675 2929 1864 2995 corda
1935 2934 2173 3006 nostra,
2249 2947 2409 3013 quae
2472 2927 2601 3011 ipsi
2660 2944 2781 2990 non

485 3036 768 3114 possent,
841 3036 904 3098 et
977 3034 1124 3100 illos
1191 3038 1428 3100 temere
1493 3034 1616 3100 sibi
1681 3035 1885 3100 adhuc
1950 3037 2079 3102 ista
2140 3039 2442 3113 metuere,
2511 3051 2670 3117 quae
2728 3032 2782 3096 si

488 3139 887 3222 contigerint,
937 3159 972 3204 a
1017 3141 1202 3205 malis
1251 3142 1636 3226 contingere,
1684 3143 1917 3225 quibus
1965 3143 2307 3208 deteriores
2352 3142 2477 3225 ipsi
2519 3139 2778 3213 habent;
2820 3153 2857 3190 2·

486 3261 599 3309 nec
647 3248 858 3309 tamen
905 3245 1047 3311 ideo
1093 3265 1208 3311 nos
1257 3267 1293 3310 a
1331 3248 1643 3313 catholica
1682 3249 2125 3314 communione
2165 3266 2494 3333 segregare
2534 3245 2778 3318 debere,

661 3489 696 3541 4
733 3485 850 3541 Ioh.
891 3489 941 3547 3.
981 3487 1193 3542 22-29
1235 3451 1242 3457 ’
1310 3490 1373 3543 1o
1412 3489 1530 3545 Ioh.
1577 3492 1658 3554 13,
1701 3491 1767 3546 10

558 3664 588 3715 '7
627 3662 684 3716 id
723 3664 829 3733 est]
870 3662 958 3718 ide
996 3665 1051 3717 P
1123 3665 1190 3720 10
1225 3666 1450 3729 leuaret,
1491 3683 1631 3721 corr.
1669 3683 1737 3721 m.
1761 3673 1790 3720 1
1828 3668 2035 3721 leuaret
2073 3668 2127 3721 P
2228 3667 2433 3721 lentus
2460 3666 2515 3719 A
2589 3666 2655 3720 13
2684 3663 2779 3718 sed

483 3753 540 3806 in
577 3753 810 3806 nominis
850 3751 1054 3807 domini
1091 3753 1364 3824 baptismo
1405 3758 1490 3809 est
1521 3773 1553 3809 α
1577 3774 1605 3809 e
1642 3755 1738 3810 sed
1777 3757 1833 3810 in
1865 3755 2069 3810 domini
2098 3755 2369 3826 baptismo
2401 3757 2485 3809 est
2512 3759 2627 3808 cett.
2660 3753 2776 3808 edd.

557 3859 649 3896 eos
686 3841 866 3895 MFA
1039 3843 1491 3913 qui—indignum
1531 3861 1632 3898 om.
1670 3845 1849 3899 MFA
2000 3848 2063 3900 15
2104 3861 2205 3916 ego
2242 3843 2368 3899 MR
2516 3844 2581 3897 18
2617 3843 2779 3911 itum]

484 3930 622 3986 itum
661 3934 746 3985 est
771 3933 825 3985 A
851 3932 930 4000 fl
947 3948 977 3985 r
995 3949 1048 3986 m
1255 3933 1386 3986 alin
1414 3933 1482 4002 (is
1511 3937 1673 3999 erae.)
1703 3933 1779 3987 M
1809 3933 1947 3988 illud
1973 3934 2029 3989 R
2234 3937 2519 4002 utrumque
2549 3930 2779 3985 MFAR

489 4021 552 4074 19
591 4021 736 4075 inter
773 4038 876 4090 que
916 4021 970 4074 A
1007 4021 1214 4091 interq3
1251 4021 1378 4076 MP
1412 4025 1564 4087 (m.2
1602 4021 1745 4076 inter
1782 4028 1939 4092 quae)
2142 4022 2456 4094 persecturi,
2492 4037 2560 4074 m.
2584 4024 2623 4073 2
2657 4035 2778 4089 per·

484 4111 720 4164 secuturi
758 4110 833 4163 M
873 4110 1222 4180 persecutori,
1272 4125 1409 4164 corr.
1455 4111 1668 4178 (m.1?)
1716 4113 2051 4182 persecuturi
2087 4111 2143 4166 P
2320 4112 2390 4166 20
2427 4114 2598 4172 erant,
2638 4124 2775 4164 corr.

485 4216 554 4254 m.
577 4203 606 4252 1
644 4203 827 4253 essent
860 4198 936 4253 M
1099 4199 1364 4270 nobisque
1405 4206 1441 4267 (⁶
1472 4205 1638 4266 ema.)
1676 4201 1751 4254 M
1924 4203 1995 4255 22
2034 4202 2221 4263 ullum,
2260 4219 2329 4256 m.
2352 4203 2392 4254 2
2425 4199 2632 4254 nullum
2672 4196 2777 4251 PR

483 4289 554 4342 24
593 4288 700 4342 ista
736 4289 819 4360 (ν
869 4294 1031 4351 erae.)
1071 4287 1126 4342 P

2850 1029 2875 1066 5

2828 1561 2877 1598 10

2824 2087 2874 2127 15

2824 2619 2877 2659 20
