3184 4959
532 455 662 516 456
1246 456 1298 508 S.
1356 454 1630 507 Aureli
1687 454 2119 524 Augustini

532 667 697 730 gere,
755 648 845 712 sic
901 652 1137 725 tenere,
1194 653 1271 714 ut
1321 650 1851 732 persequentibus
1909 670 2024 716 uos
2081 670 2200 715 non
2260 652 2467 716 solum
2515 649 2692 714 nulla
2733 650 2824 713 in-

531 754 695 818 iuria
742 775 964 820 uerum
1012 756 1203 820 etiam
1252 758 1387 820 iure
1433 757 1610 822 nullo
1657 757 2082 822 resistendum
2131 759 2400 841 putetis:
2449 757 2620 821 hunc
2657 759 2824 821 certe

530 863 929 928 intellectum
992 863 1281 948 Rogatus
1347 868 1566 929 auctor
1633 867 1849 929 uester
1911 868 2023 930 aut
2075 885 2196 930 non
2253 864 2481 929 habuit
2533 867 2643 929 aut
2703 883 2824 929 non

530 971 845 1054 impleuit,
896 973 1005 1054 qui
1052 971 1127 1036 de
1175 971 1386 1036 nescio
1434 971 1669 1054 quibus
1715 971 1926 1040 rebus.
1977 977 2050 1037 ut
2095 971 2329 1048 dicitis,
2377 970 2612 1036 uestris
2660 991 2824 1036 acer-

529 1081 689 1145 rima
731 1080 1199 1162 perseuerantia
1245 1079 1439 1143 etiam
1484 1079 1724 1143 forensi
1772 1078 2230 1160 disceptatione
2277 1079 2570 1143 conflixit.
2617 1077 2722 1142 cui
2769 1077 2826 1141 si
2888 1099 2915 1140 ε»

530 1187 874 1251 diceretur:
924 1183 1103 1263 ‘Quis
1152 1204 1455 1267 umquam
1505 1183 1942 1268 apostolorum
1989 1186 2050 1249 in
2101 1204 2295 1250 causa
2339 1183 2488 1248 fidei
2532 1203 2634 1249 res
2673 1203 2822 1248 suas

528 1292 763 1358 iudicio
810 1292 1067 1376 publico
1118 1291 1462 1356 defendit?
1508 1292 1679 1356 sicut
1724 1293 1798 1356 tu
1841 1291 1906 1356 in
1955 1291 2232 1373 epistula
2276 1291 2584 1374 posuisti:
2641 1287 2822 1368 ‘Quis

528 1417 832 1481 umquam
881 1399 1315 1480 apostolorum
1358 1397 1425 1462 in
1473 1416 1670 1463 causa
1711 1397 1861 1462 fidei
1909 1417 2008 1463 res
2057 1399 2294 1463 alienas
2341 1397 2640 1462 inuasit?’
2689 1400 2823 1462 nul-

528 1507 665 1570 lum
713 1505 970 1589 quidem
1016 1505 1081 1569 in
1128 1505 1365 1570 diuinis
1402 1504 1638 1570 litteris
1675 1506 1868 1570 huius
1909 1505 2060 1570 sacti
2099 1505 2401 1587 reperiret
2437 1507 2822 1587 exemplum3

530 1612 642 1677 sed
688 1615 901 1678 tamen
950 1613 1112 1680 forte
1154 1610 1473 1677 inueniret
1518 1613 1796 1695 aliquam
1845 1632 2058 1678 ueram
2115 1612 2564 1688 defensionem,
2615 1612 2672 1676 si
2717 1631 2824 1676 ue-
2864 1635 2920 1673 ιο

530 1738 663 1782 ram
720 1720 1054 1785 ecclesiam
1110 1718 1431 1796 retineret,
1479 1739 1602 1784 non
1661 1719 1779 1784 sub
1839 1718 2144 1783 ecclesiae
2203 1736 2390 1784 uerae
2437 1718 2690 1783 nomine
2733 1719 2826 1782 in·

529 1825 838 1908 pudenter
882 1825 1121 1908 aliquid
1168 1825 1541 1909 possideret.
2691 1845 2698 1852 ·

296 1923 381 1986 IV
428 1926 497 1987 12
620 1931 805 2013 Quod
844 1935 1059 1996 autem
1094 1932 1370 2014 pertinet
1407 1931 1484 1996 ad
1522 1935 1913 1996 terrenarum
1951 1936 2341 2014 potestatum
2386 1932 2566 1997 iussa
2611 1935 2828 1998 contra

530 2039 971 2104 schismaticos
1028 2042 1140 2103 aut
1195 2038 1547 2103 haereticos
1609 2039 1710 2103 uel
1769 2038 2164 2121 impetranda
2209 2041 2314 2103 uel
2361 2039 2682 2117 exerenda,
2726 2038 2824 2102 illi

530 2146 808 2228 quidem,
866 2165 902 2209 a
958 2145 1191 2228 quibus
1245 2164 1363 2210 uos
1420 2145 1787 2228 separastis,
1845 2145 2132 2209 acerrimi
2186 2145 2444 2209 fuerunt
2499 2149 2564 2209 et
2611 2148 2826 2211 contra
2863 2165 2916 2205 ¹5

529 2273 668 2346 uoS,
744 2255 1049 2335 quantum
1126 2251 1341 2317 audire
1422 2251 1772 2335 potuimus,
1857 2256 1920 2316 et
2003 2256 2218 2317 contra
2293 2251 2818 2330 Maximianista8‚

529 2357 699 2440 quod
746 2363 1068 2440 gestorum
1120 2360 1312 2424 etiam
1361 2359 1549 2422 certis
1599 2357 1998 2423 documentis
2035 2359 2409 2442 probamus;
2459 2357 2571 2423 sed
2609 2362 2818 2424 tamen

526 2465 804 2529 nondum
862 2466 939 2530 ab
998 2467 1089 2530 eis
1147 2465 1417 2548 separati
1478 2465 1688 2541 eratis,
1749 2465 1997 2547 quando
2043 2465 2288 2530 Iuliano
2346 2465 2710 2547 imperatori
2755 2465 2816 2528 in

530 2591 647 2636 sua
709 2572 1015 2655 petitione
1084 2571 1394 2648 dixerunt,
1463 2571 1630 2654 quod
1697 2571 1866 2654 apud
1923 2589 2067 2636 eum
2127 2571 2265 2636 sola
2317 2571 2568 2636 iustitia
2611 2571 2820 2636 Iocum

526 2679 808 2754 liaberet,
860 2698 1045 2762 quem
1096 2682 1263 2744 certe
1312 2682 1668 2760 apostatam
1713 2680 2024 2742 nouerant
2069 2681 2134 2742 et·
2177 2677 2492 2743 idolatriis
2540 2677 2824 2742 deditum
2859 2699 2916 2736 20

528 2783 619 2848 sie
675 2785 997 2867 uidebant,
1054 2787 1129 2850 ut
1184 2787 1296 2848 aut
1349 2784 1662 2850 iustitiam
1719 2801 1860 2848 esse
1913 2783 2270 2848 idolatriam
2321 2785 2672 2848 faterentur
2714 2785 2825 2847 aut

530 2910 597 2954 se
672 2891 977 2956 scelerate
1052 2891 1353 2957 mentitos
1428 2909 1657 2976 negare
1731 2909 1854 2956 non
1929 2892 2210 2974 possent,
2287 2893 2360 2954 ut
2433 2890 2602 2973 apud
2676 2909 2819 2954 eum

530 2997 809 3061 dicerent
875 3000 1077 3064 solam
1130 2998 1341 3063 locum
1397 2999 1628 3063 habere
1683 2997 2018 3072 iustitiam,
2067 2997 2237 3080 apud
2285 3015 2472 3080 quem
2519 3016 2822 3081 magnum

526 3103 740 3166 locum
788 3107 1109 3169 cernerent
1154 3106 1382 3170 habere
1428 3103 1806 3170 idolatriam.
1875 3105 1987 3168 sed
2042 3104 2232 3168 fuerit
2279 3123 2446 3169 error
2493 3105 2556 3168 in
2606 3105 2819 3177 uerbo,

529 3209 603 3272 de
677 3209 818 3292 ipso
893 3210 1061 3276 facto
1137 3211 1289 3292 quid
1365 3210 1569 3276 dieis?
1646 3211 1701 3274 si
1763 3210 1924 3275 nihil
1988 3210 2233 3274 iustum
2301 3210 2377 3274 ab
2445 3209 2820 3292 imperatore
2858 3231 2915 3272 2⁵

528 3316 868 3396 petendum
944 3321 1064 3396 est,
1140 3336 1253 3381 cur
1328 3337 1363 3382 a
1434 3316 1682 3381 Iuliano
1757 3315 2032 3399 petitum
2117 3320 2238 3389 est,
2324 3316 2494 3399 quod
2577 3316 2818 3380 iustum

526 3425 821 3502 putatum
870 3426 1011 3489 est?

602 3561 627 3614 1
668 3561 913 3616 interiere
952 3562 1029 3630 (in
1071 3563 1197 3628 del.)
1236 3563 1290 3617 L
1424 3565 1457 3617 2
1496 3563 1648 3617 nullo
1687 3564 1802 3616 iure
1841 3564 1893 3616 L
1930 3561 2050 3616 edd.
2194 3563 2230 3616 4
2269 3561 2432 3631 quide
2471 3564 2564 3630 (=
2603 3560 2820 3633 quidem

529 3655 631 3703 αιιι
668 3649 800 3718 quid
838 3653 941 3718 est)
981 3652 1163 3706 nescio
1202 3651 1276 3705 M
1308 3651 1437 3720 quid
1474 3652 1658 3706 nescio
1698 3654 1754 3706 A
1793 3652 1883 3720 qui
1921 3651 2104 3706 nescio
2144 3651 2209 3704 de
2246 3649 2301 3704 L
2445 3653 2631 3704 uestra
2672 3649 2820 3704 GPL

528 3739 559 3791 7
597 3738 653 3791 in
694 3739 925 3808 epistola
960 3743 1059 3794 tua
1093 3741 1325 3810 posuisti
1364 3739 1483 3794 edd.
1633 3741 1743 3810 qui,
1779 3757 1849 3796 m.
1872 3744 1912 3793 2
1950 3739 2070 3809 quin
2107 3738 2164 3793 R
2271 3739 2306 3792 9
2340 3738 2498 3793 libris
2538 3741 2589 3791 A
2733 3756 2817 3793 re-

526 3827 729 3895 periret
764 3827 897 3882 facti
939 3829 987 3882 C
1166 3829 1225 3883 11
1268 3829 1400 3898 non]
1442 3833 1499 3883 et
1534 3845 1642 3882 non
1680 3829 1784 3882 PL
1823 3829 1941 3883 edd.
2095 3844 2224 3882 uero
2262 3827 2319 3882 P
2498 3829 2563 3882 13
2602 3829 2732 3899 qnid
2767 3829 2823 3882 P

533 3916 598 3968 14
635 3916 1013 3987 exl12»21;:erenda
1050 3921 1267 3988 (panea
1302 3922 1441 3984 ras.)
1479 3917 1555 3970 M
1586 3917 1889 3972 exherenda
1922 3917 1980 3990 (h
2019 3917 2120 3972 del.
2159 3935 2228 3971 m.
2252 3919 2311 3982 2)
2349 3916 2406 3971 P
2439 3916 2736 3971 exercenda
2768 3917 2822 3971 L

530 4004 595 4058 16
632 4005 1113 4060 maximinianistas
1149 4005 1223 4059 M
1332 4006 1397 4059 17
1437 4005 1750 4060 documenti
1773 4006 1828 4058 A
1939 4005 2006 4059 18
2041 4005 2384 4076 imperatore,
2421 4006 2552 4058 m.2
2586 4005 2818 4074 impera·

526 4093 634 4146 tori
670 4091 727 4146 Ρ
833 4094 901 4148 19
936 4095 1075 4158 solu,
1110 4094 1207 4149 sed
1243 4102 1277 4148 ss
1314 4094 1377 4147 ὑπ
1410 4109 1525 4149 ras.
1564 4111 1632 4150 m.
1657 4097 1696 4146 2
1737 4095 1783 4146 C
1887 4093 1958 4148 20
1994 4093 2336 4154 idololatriis,
2376 4094 2440 4147 21
2471 4099 2524 4148 et
2546 4095 2614 4148 24
2643 4093 2822 4148 idolo·

522 4179 740 4234 latriam
779 4181 901 4238 edd.
929 4189 1211 4252 praetera
1320 4183 1390 4237 23
1430 4181 1674 4238 dicerent
1709 4198 1830 4236 eum
1863 4199 1978 4236 ras.
2015 4197 2180 4250 super
2204 4187 2232 4236 t
2257 4182 2331 4236 M
2362 4197 2470 4236 non
2501 4181 2746 4236 dicerent
2777 4183 2826 4235 (·v

600 4267 783 4332 solam,
822 4287 890 4324 m.
914 4275 953 4324 2
990 4272 1163 4326 solum
1204 4271 1252 4326 Ο
1286 4271 1461 4325 solum
1494 4269 1614 4325 NR
1727 4272 1798 4326 25
1837 4271 1904 4324 de
1939 4271 2087 4325 facto
2124 4271 2242 4340 ipso
2281 4271 2400 4324 edd.
2548 4270 2730 4326 dicitis
2765 4269 2824 4325 L

602 4375 685 4426 ap,
722 4363 852 4414 m.2
890 4360 955 4412 ab
995 4359 1047 4413 L
1146 4361 1215 4416 26
1256 4360 1365 4430 eur]
1407 4363 1551 4414 certe
1590 4359 1644 4412 L
1788 4359 1932 4429 quod
1973 4361 2172 4413 iustum
2211 4363 2462 4429 putatum
2503 4365 2588 4414 est
2623 4375 2726 4414 om.
2764 4360 2822 4414 A
