3184 4959
1118 453 1648 523 epistularum
1701 452 1900 508 XCIII.
2539 457 2668 523 477

367 648 594 713 timore
654 647 927 714 cessisse
987 651 1049 712 et
1106 648 1405 713 simulate
1464 651 1864 714 consensisse
1921 669 2067 715 non
2127 653 2348 714 recte
2414 651 2669 734 ingre-

369 755 696 822 dientes
774 756 867 821 ad
940 755 1383 821 ueritatem
1458 756 1903 842 euangelii,
1989 757 2223 839 quibus
2297 764 2372 822 tu
2444 761 2670 841 postea

369 863 668 928 correctis
726 862 840 939 sic,
898 881 1087 944 quem
1147 862 1227 927 ad
1270 862 1532 928 modum
1588 863 1882 946 ignotum
1913 865 2061 940 est,
2117 864 2320 928 nolles
2375 863 2666 947 ignosci?

366 988 623 1051 prorsus
690 987 813 1035 non
880 967 1051 1034 nosti
1126 969 1375 1034 litteras
1443 968 1566 1034 dei.
1641 970 1785 1052 lege
1852 969 2040 1048 enim,
2118 969 2271 1052 quid
2337 969 2412 1034 de
2477 969 2666 1034 Petro

306 1097 334 1137 ο
368 1076 693 1159 scripserit
720 1074 985 1140 -Paulus
1043 1077 1108 1140 et
1162 1074 1315 1158 quid
1378 1075 1523 1140 inde
1582 1075 1776 1140 etiam
1841 1075 2112 1140 senserit
2166 1075 2537 1158 CyprianuS,
2605 1081 2670 1142 et

277 1631 329 1672 10

279 2163 329 2204 16

276 2698 327 2737 20

364 1201 486 1247 non
532 1181 650 1247 tibi
700 1181 1039 1264 displiceat
1084 1181 1389 1247 ecclesiae
1427 1182 1873 1259 mansuetudo,
1913 1199 2072 1265 quae
2111 1182 2396 1246 membra
2433 1181 2669 1248 Christi

366 1289 651 1372 dispersa
716 1289 985 1374 colligit,
1050 1306 1173 1354 non
1241 1289 1512 1354 collecta
1586 1288 1920 1372 dispergit,
1971 1306 2354 1372 quamquam
2422 1291 2488 1352 et
2545 1289 2666 1370 illi,

366 1397 474 1480 qui
530 1401 683 1462 tunc
746 1395 1099 1461 firmissimi
1152 1395 1411 1460 fuerunt
1466 1397 1532 1459 et
1584 1395 1780 1460 uerba
1843 1393 2304 1460 haereticorum
2359 1394 2668 1460 insidiosa

362 1503 733 1587 intellegere
768 1505 1135 1586 potuerunt,
1174 1501 1359 1584 pauci
1400 1501 1658 1584 quidem
1697 1501 1761 1565 in
1801 1501 2272 1584 comparatione
2313 1505 2666 1567 ceterorum

366 1609 477 1674 sed
552 1613 761 1674 tamen
828 1609 1021 1672 etiam
1084 1609 1209 1692 ipsi
1275 1607 1531 1690 quidam
1607 1626 1720 1691 pro
1797 1607 1920 1672 fide
1995 1607 2244 1673 fortiter
2307 1607 2664 1685 exulabant,

366 1715 623 1799 quidam
673 1719 809 1780 toto
868 1715 1015 1798 orbe
1072 1715 1429 1780 latitabant.
1478 1734 1551 1779 ac
1601 1715 1694 1780 sic
1743 1715 2034 1793 ecclesia,
2085 1734 2246 1797 quae
2291 1735 2403 1799 per
2449 1735 2666 1782 omnes

365 1825 589 1906 gentes
629 1823 877 1898 crescit,
915 1822 978 1886 in
1018 1819 1353 1886 frumentis
1402 1820 1738 1886 dominicis
1789 1825 2162 1886 conseruata
2209 1825 2310 1888 est
2355 1825 2420 1886 et
2462 1841 2666 1906 usque

363 1928 427 1992 in
483 1926 693 2006 finem,
744 1927 942 1994 donec
1008 1928 1260 1994 omnino
1318 1930 1539 2013 gentes
1589 1945 1809 1994 omnes
1848 1929 2042 1993 etiam
2089 1929 2384 1994 barbaras
2429 1931 2664 1996 teneat.

366 2035 867 2100 conseruabitur.
930 2035 1071 2119 ipsa
1125 2038 1225 2100 est
1280 2034 1449 2100 enirn
1506 2035 1782 2099 ecclesia
1833 2035 1896 2100 in
1955 2035 2117 2101 bono
2175 2034 2435 2114 semine,
2495 2035 2664 2118 quod

367 2141 708 2206 seminauit
762 2141 931 2207 filius
988 2141 1263 2206 hominis
1324 2144 1389 2205 et
1443 2159 1650 2223 usque
1699 2139 1777 2206 ad
1833 2159 2110 2206 messem
2169 2161 2446 2208 crescere
2500 2143 2666 2207 inter

366 2248 605 2313 zizania
660 2247 1151 2330 praenuntiauit.
1220 2265 1372 2332 ager
1426 2251 1642 2312 autem
1699 2247 1978 2312 mundus
2037 2251 2156 2329 est,
2223 2248 2454 2314 messis
2519 2249 2663 2312 finis

367 2354 627 2420 saeculi.

452 2460 741 2526 Hilarius
808 2479 955 2546 ergo
1014 2459 1233 2525 decem
1287 2460 1758 2542 prouinciarum
1814 2460 2193 2525 Asianarum
2249 2464 2362 2525 aut
2425 2461 2664 2526 zizania

364 2587 487 2634 non
536 2567 821 2632 triticum
860 2567 1168 2652 arguebat
1204 2568 1317 2631 aut
1350 2567 1565 2650 ipsum
1604 2566 1796 2630 etiam
1843 2567 2150 2643 triticum,
2199 2566 2371 2648 quod
2413 2566 2661 2632 defectu

365 2674 641 2758 quodam
721 2673 1221 2757 periclitabatur,
1315 2675 1547 2756 quanto
1641 2671 2090 2738 uehementius
2172 2676 2350 2738 tanto
2436 2673 2662 2739 utilius

364 2781 755 2866 arguendum
812 2781 1098 2863 putabat.
1162 2779 1401 2844 habent
1446 2779 1614 2844 enim
1669 2780 1864 2844 etiam
1921 2779 2271 2862 scripturae
2327 2780 2662 2846 canonicae

362 2888 529 2952 hunc
586 2886 890 2970 arguendi
952 2905 1215 2964 morem,
1280 2893 1357 2951 ut
1416 2889 1744 2970 tamquam
1803 2886 2095 2952 omnibns
2153 2886 2401 2952 dicatur
2464 2889 2528 2952 et
2583 2886 2662 2950 ad

364 2993 673 3076 quosdam
738 2993 1005 3058 uerbum
1069 2993 1415 3074 perueniat.
1494 2991 1664 3076 quod
1729 2993 1896 3057 enim
1962 2993 2120 3058 dicit
2182 2993 2514 3075 apostolus
2581 2991 2661 3057 ad

365 3099 755 3165 Corinthios:
817 3097 984 3178 Quo
1034 3099 1261 3164 modo
1312 3099 1600 3164 dicunt
1647 3098 1968 3182 quidam
2027 3099 2104 3164 in
2153 3099 2412 3177 uobiS,
2471 3099 2658 3182 quia

540 3345 565 3396 1
611 3341 732 3398 Gal.
770 3344 821 3406 2,
862 3344 931 3398 14
1036 3345 1072 3398 4
1102 3343 1220 3398 Gal.
1252 3345 1300 3404 2.
1335 3344 1571 3408 11—14;
1605 3343 1760 3413 Cypr.
1792 3361 1872 3413 ep.
1905 3344 1991 3404 71,
2021 3345 2055 3396 3
2086 3361 2134 3413 p.
2167 3343 2288 3406 773,
2321 3343 2532 3397 11—-22
2573 3342 2657 3396 ed.

361 3431 569 3488 Hartel.
683 3431 745 3486 11
785 3431 983 3487 Matth.
1028 3433 1111 3497 13,
1150 3433 1388 3496 24—30;
1429 3432 1642 3486 38-39
1752 3434 1821 3486 24
1859 3431 1884 3484 Ι
1925 3431 2046 3486 Cor.
2089 3433 2173 3494 15,
2215 3433 2280 3486 12

436 3571 463 3624 1
503 3571 875 3640 ingredientes
916 3572 1131 3642 quidem
1173 3571 1241 3626 ad
1276 3571 1331 3626 L
1467 3573 1500 3627 3
1538 3574 1638 3643 sic]
1680 3573 1726 3626 si
1763 3571 1816 3626 L
1951 3575 1987 3626 4
2023 3572 2163 3643 legis
2201 3574 2254 3626 A
2391 3575 2423 3628 5
2463 3572 2654 3642 paulus

362 3659 643 3728 apostolus
681 3661 959 3731 scripserit
995 3659 1052 3715 R
1195 3662 1229 3714 6
1280 3660 1553 3730 displicet,
1592 3675 1732 3716 corr.
1769 3677 1837 3715 m.
1861 3665 1892 3714 1
1934 3660 2224 3731 displiceat
2258 3661 2334 3715 M
2376 3660 2656 3730 dispiceat,

360 3764 429 3802 m.
451 3751 491 3802 2
528 3747 815 3818 displiceat
850 3747 907 3802 R
1035 3750 1065 3803 7
1107 3750 1333 3820 collegit
1366 3748 1443 3803 M
1558 3751 1591 3803 9
1629 3751 1788 3820 pauci
1827 3749 2068 3820 quidem]
2110 3749 2203 3804 sed
2242 3750 2401 3820 pauci
2438 3749 2656 3818 quidem

362 3841 489 3890 sunt
516 3837 572 3890 P
600 3836 717 3902 (sed
747 3838 848 3892 dcl.
880 3855 948 3892 m.
966 3839 1014 3906 1)
1046 3855 1083 3891 α
1103 3855 1129 3892 e
1138 3839 1182 3906 s
1202 3837 1297 3892 sed
1328 3839 1485 3908 pauci
1517 3837 1734 3908 quidem
1763 3839 1816 3892 L
1835 3840 1906 3892 rl
2014 3836 2083 3893 ad
2121 3838 2575 3909 comparationem
2599 3838 2655 3892 R

363 3926 431 3981 10
470 3927 587 3996 quil
611 3926 731 3980 dem
769 3927 843 3980 M
1056 3927 1373 3982 exultabant
1406 3927 1532 3982 MA
1729 3930 1792 3981 ll
1834 3927 2426 3998 quidam—latitabant
2462 3943 2564 3980 om.
2603 3928 2656 3980 A

432 4015 497 4078 si,
536 4031 674 4072 corr.
711 4031 779 4068 m.
802 4019 833 4068 1
874 4015 951 4070 sic
988 4016 1063 4069 M
1142 4015 1209 4069 13
1247 4033 1429 4069 omnes
1466 4019 1660 4086 gentes
1697 4017 1914 4070 omnino
1953 4017 2009 4071 R
2048 4016 2262 4070 omnino
2301 4018 2493 4085 gentes
2532 4028 2654 4080 (om.

364 4107 568 4168 omnes)
614 4105 663 4158 G
842 4104 908 4158 14
947 4105 1087 4159 enim
1130 4107 1215 4158 est
1250 4104 1305 4158 L
1342 4107 1426 4158 est
1461 4104 1632 4174 igitur
1669 4105 1723 4158 P
1905 4107 1969 4160 16
2007 4103 2132 4158 finis
2171 4107 2254 4158 est
2292 4102 2494 4156 saeculi
2533 4103 2653 4157 edd,

364 4193 429 4246 18
470 4193 621 4262 ergo]
660 4208 789 4246 uero
828 4193 885 4249 R
1066 4195 1334 4248 asinarum
1380 4192 1428 4246 G
1462 4194 1696 4248 asiarum
1732 4194 1785 4248 L
1965 4195 2035 4248 20
2073 4195 2302 4263 quanto]
2345 4189 2561 4262 quando
2603 4191 2654 4244 A

361 4283 515 4334 tanto
554 4280 607 4334 L
753 4283 931 4352 tanto]
974 4285 1176 4351 quanto
1214 4281 1267 4335 L
1430 4283 1492 4336 21
1548 4283 1692 4336 enim
1739 4299 1840 4336 om.
1880 4283 1936 4338 R
2073 4283 2139 4337 23
2187 4281 2352 4350 enim]
2403 4280 2566 4334 etiam
2605 4279 2660 4331 P

433 4369 713 4439 apostolus
754 4370 890 4424 dicit
925 4370 1047 4425 edd.
