3184 4959
611 420 738 485 708
1353 419 1406 473 S.
1461 416 1739 475 Aureli
1793 420 2226 489 Augustini

609 612 865 695 quidam
923 614 1114 679 etiam
1169 611 1506 679 minimum
1555 617 1622 679 et
1664 615 1874 678 tamen
1931 614 1995 678 in
2052 613 2161 679 uia
2213 612 2359 678 fidei
2414 615 2915 696 perseuerantis·

608 720 766 784 sime
831 721 1190 804 gradientes
1247 720 1326 785 ad
1387 720 1565 786 illam
1622 719 2058 786 beatissimam
2116 720 2715 803 contemplationem
2770 740 2915 804 per-

605 826 890 904 ueniunt,
949 827 1208 910 quidam
1261 846 1436 905 uero,
1495 826 1649 909 quid
1704 828 1793 893 sit
1844 831 2071 893 natura
2122 826 2489 905 inuisibilis,
2549 828 2914 893 incommu—

604 934 843 1009 tabilis,
917 934 1305 1017 incorporea,
1379 938 1728 1017 utcumque
1800 934 1927 999 iam
2002 935 2277 1000 scientes
2342 938 2407 999 et
2478 934 2673 1011 uiam,
2742 954 2911 1017 quae

607 1040 782 1105 ducit
829 1040 907 1105 ad
953 1043 1196 1106 tantam
1243 1040 1658 1106 beatitudinis
1706 1040 2121 1115 mansionem,
2169 1042 2467 1123 quoniam
2514 1042 2715 1105 stulta
2770 1040 2911 1105 illis
2964 1064 2990 1103 ⁵

602 1146 878 1225 uidetur,
945 1148 1117 1230 quod
1171 1149 1271 1212 est
1326 1146 1622 1212 Christus
1689 1146 2047 1225 crucifixuS,
2112 1150 2325 1213 tenere
2387 1150 2758 1211 recusantes
2826 1147 2911 1211 ad

604 1254 837 1335 quietis
901 1254 1106 1339 ipsius
1170 1254 1516 1338 penetrale,
1575 1254 1761 1319 cuius
1816 1254 1945 1319 iam
1999 1255 2143 1318 luce
2198 1273 2379 1319 mens
2436 1273 2651 1318 eorum
2720 1254 2915 1317 uelut

601 1360 663 1424 in
711 1360 1059 1445 longinqua
1100 1359 1384 1425 radiante
1430 1360 1903 1444 perstringitur,
1952 1360 2278 1442 peruenire
2324 1379 2446 1425 non
2492 1363 2785 1443 possunt.

513 1462 552 1525 5
693 1466 858 1532 Sunt
893 1470 1106 1531 autem
1147 1467 1474 1549 quaedam,
1516 1486 1679 1549 quae
1718 1486 1861 1532 cum
1904 1466 2315 1545 audierimus,
2362 1486 2485 1533 non
2524 1466 2617 1531 eis
2654 1484 2911 1532 accom-

600 1573 932 1639 modamus
970 1572 1162 1638 fidem
1195 1578 1260 1639 et
1293 1574 1536 1639 ratione
1575 1574 1759 1639 nobis
1795 1573 2044 1639 reddita
2078 1593 2232 1639 uera
2258 1592 2399 1639 esse
2436 1572 2911 1658 cognoscimus,
2950 1598 2999 1635 ιο

601 1700 762 1762 quae
809 1680 1058 1745 credere
1103 1700 1226 1746 non
1281 1680 1599 1745 ualemus.
1656 1683 1721 1744 et
1765 1680 2067 1745 uniuersa
2114 1680 2217 1745 dei
2270 1681 2575 1745 miracula
2628 1679 2773 1744 ideo
2824 1682 2907 1745 ab

596 1785 962 1851 infidelibus
1010 1806 1132 1851 non
1173 1786 1530 1861 creduntur,
1573 1786 1727 1869 quia
1764 1806 1981 1852 eorum
2018 1787 2181 1852 ratio
2231 1806 2353 1853 non
2400 1785 2673 1855 uidetur.
2726 1790 2795 1851 et
2840 1806 2909 1851 re

600 1913 752 1959 uera
805 1897 980 1970 sunt,
1026 1893 1102 1958 de
1151 1892 1382 1976 quibus
1437 1892 1601 1957 ratio
1657 1893 1837 1958 reddi
1882 1912 2003 1959 non
2050 1895 2287 1975 potest,
2344 1913 2467 1959 non
2512 1896 2729 1959 tamen
2776 1912 2909 1959 non

599 2002 724 2073 estz
801 1999 953 2082 quid
1015 1998 1184 2064 enim
1249 2002 1351 2064 est
1411 1999 1476 2062 in
1540 2018 1752 2065 rerum
1819 2002 2065 2075 natura,
2131 1998 2297 2082 quod
2371 1999 2911 2065 inrationabiliter

596 2106 820 2172 fecerit
874 2105 1074 2171 deus?
1129 2106 1243 2170 sed
1300 2105 1697 2188 quorundam
1752 2105 2141 2171 mirabilium
2196 2125 2458 2189 operum
2514 2106 2655 2171 eius
2704 2105 2905 2171 etiam
2950 2129 2997 2167 ιε

597 2212 848 2295 expedit
907 2214 1218 2295 tantisper
1281 2213 1599 2277 occultam
1666 2230 1807 2277 esse
1870 2212 2199 2287 rationem,
2274 2231 2354 2276 ne
2417 2210 2587 2296 apud
2650 2212 2905 2277 animos

594 2318 852 2383 fastidio
907 2318 1242 2402 languidos
1291 2318 1579 2383 eiusdem
1638 2317 1903 2383 rationis
1950 2318 2309 2401 cognitione
2354 2317 2689 2383 uilescant.
2750 2324 2909 2383 sunt

595 2425 761 2489 enim
809 2428 872 2490 et
927 2424 995 2489 hi
1040 2425 1230 2489 multi
1289 2428 1457 2501 sunt,
1508 2424 1619 2507 qui
1672 2425 1819 2506 plus
1877 2426 2174 2489 tenentur
2227 2424 2639 2489 admiratione
2684 2444 2901 2489 rerum

593 2550 782 2614 quam
831 2532 1186 2617 cognitione
1235 2550 1589 2608 causarum,
1646 2530 1761 2595 ubi
1806 2531 2112 2595 miracula
2156 2531 2319 2597 mira
2362 2550 2503 2596 esse
2549 2531 2903 2607 desistunt,

594 2642 658 2703 et
703 2657 862 2722 opus
911 2642 1010 2703 est
1055 2657 1166 2704 eos
1211 2637 1291 2702 ad
1345 2638 1771 2703 inuisibilium
1829 2636 2019 2703 fidem
2074 2637 2438 2703 uisibilibus
2490 2638 2905 2703 mirabilibus
2946 2662 2997 2699 ω

593 2746 870 2823 excitari,
933 2749 1008 2809 ut
1061 2744 1338 2828 puritate
1393 2745 1649 2828 purgati
1706 2763 1781 2809 eo
1836 2744 2227 2828 perueniant,
2292 2744 2407 2808 ubi
2459 2744 2903 2811 familiaritate

591 2851 881 2916 ueritatis
927 2851 1141 2917 mirari
1189 2850 1500 2917 desinant.
1557 2870 1703 2915 nam
1752 2854 1817 2915 et
1861 2852 1925 2916 in
1972 2851 2240 2916 theatris
2287 2851 2577 2916 homines
2624 2852 2904 2917 funiam-

589 2957 814 3023 bulum
845 2958 1172 3035 mirantur,
1203 2957 1470 3023 musicis
1501 2956 1929 3033 delectantun
1965 2958 2030 3022 in
2058 2958 2172 3023 illo
2204 2960 2499 3041 stupetur
2525 2956 2905 3035 difficultaS,

589 3064 654 3128 in
702 3064 803 3128 his
851 3064 1083 3128 retinet
1126 3064 1456 3147 pascitque
1501 3063 1892 3129 iucunditas·

503 3178 542 3241 6
677 3171 852 3235 Haec
917 3170 1198 3248 dixerim,
1275 3173 1350 3234 ut
1419 3168 1612 3234 fidem
1678 3173 1857 3234 tuam
1922 3169 1999 3234 ad
2066 3188 2341 3235 amorem
2414 3169 2903 3253 intellegentiae
2942 3196 2995 3235 ιε

591 3278 968 3355 cohortarer,
1025 3276 1104 3341 ad
1150 3296 1338 3359 quam
1389 3277 1548 3341 ratio
1598 3296 1751 3341 uera
1806 3276 2096 3360 perducit
2142 3279 2207 3341 et
2253 3276 2354 3341 cui
2402 3276 2559 3340 fides
2607 3276 2901 3341 animum

587 3386 934 3466 praeparat.
993 3402 1137 3447 nam
1195 3383 1328 3461 illa,
1387 3402 1546 3465 quae
1602 3384 1923 3466 persuasit
1974 3384 2038 3447 in
2096 3400 2170 3447 ea
2222 3382 2527 3459 trinitate,
2585 3401 2745 3464 quae
2798 3387 2903 3448 est

590 3489 766 3567 deus,
813 3489 1016 3555 filium
1063 3490 1228 3573 patri
1273 3507 1394 3553 non
1445 3508 1586 3553 esse
1636 3491 2039 3554 coaeternum
2088 3488 2195 3554 uel
2240 3489 2504 3554 alterius
2552 3506 2695 3553 esse
2742 3490 2897 3553 sub-

661 3787 684 3838 1
726 3786 934 3839 minimi
975 3786 1094 3841 edd.
1227 3789 1260 3840 5
1299 3790 1486 3841 tantae
1523 3787 1646 3849 edd,
1765 3790 1799 3843 6
1836 3789 2041 3841 temere
2086 3787 2157 3840 Τῑ
2270 3788 2301 3839 7
2339 3786 2513 3841 lucem
2550 3786 2609 3839 Β
2726 3786 2761 3839 9
2803 3805 2896 3840 ac-

586 3873 986 3928 commodamus
1025 3875 1101 3927 eis
1137 3874 1196 3927 P
1302 3875 1362 3928 11
1405 3874 1667 3933 leuamus.
1704 3894 1773 3929 m.
1797 3878 1837 3929 2
1871 3891 2049 3944 supra
2082 3874 2398 3929 nolebamus
2425 3874 2484 3927 B
2594 3876 2661 3929 17
2702 3876 2901 3945 cog-ni-

584 3963 766 4015 tione*
797 3966 844 4025 (s
881 3978 1022 4017 eras,
1044 3961 1095 4029 .2)
1141 3963 1190 4016 T
1331 3963 1562 4017 uilescat
1608 3964 1679 4017 Τι
1780 3966 1847 4019 18
1882 3964 1942 4017 hi
1978 3980 2084 4018 om.
2114 3963 2343 4019 ΟΡΤΤ1
2384 3964 2505 4017 edd.
2618 3964 2691 4019 20
2722 3964 2897 4017 mira·

585 4049 807 4119 bilibus]
835 4052 1112 4105 miraculis
1141 4050 1262 4104 edd.
1373 4053 1436 4105 21
1471 4054 1735 4121 puritate]
1770 4054 1995 4107 caritate
2016 4070 2069 4105 m
2170 4052 2239 4106 22
2276 4052 2547 4107 desistant
2581 4052 2739 4107 OPT
2764 4052 2895 4107 edd.

655 4138 1024 4193 funambulum
1076 4139 1306 4194 OPTT¹
1357 4144 1519 4204 (corr.
1569 4159 1637 4194 m.
1668 4145 1699 4194 1
1744 4158 1809 4197 ex
1860 4141 2251 4207 fimambulum)
2304 4140 2456 4205 (ιαὼς
2504 4142 2576 4207 cf.
2628 4142 2775 4211 Any.
2826 4142 2899 4193 in

573 4228 781 4294 psalm.
819 4227 1112 4293 XXXIX,
1157 4230 1194 4280 9
1369 4228 1441 4283 23
1479 4232 1669 4299 stupet
1710 4230 1941 4285 OPTT¹
1980 4229 2101 4284 edd.
2283 4230 2353 4283 24
2391 4230 2663 4283 retinetur
2704 4230 2897 4285 ΟΤΤι

583 4316 650 4368 26
690 4314 938 4368 cohorter
973 4316 1094 4369 edd.
1206 4316 1274 4368 28
1301 4322 1432 4384 post
1471 4316 1639 4371 filium
1678 4334 1792 4372 ras.
1838 4320 1874 4370 6
1912 4319 1945 4372 l.
1987 4316 2189 4384 (fuisse
2222 4316 2339 4370 uid.
2378 4316 2575 4383 filium)
2614 4317 2669 4369 Β
