3184 4959
375 1566 507 1631 119

563 404 690 469 730
1273 398 1326 454 S.
1384 397 1661 452 Aureli
1714 394 2152 466 Augustini

557 596 802 660 tieem
859 594 1198 678 capilli',
1257 593 1368 676 qui
1431 593 1567 659 sine
1637 610 1827 658 sensu
1884 595 2001 657 est.
2068 610 2145 655 an
2199 590 2509 674 repletum
2578 589 2881 671 peccatis

558 702 880 769 hominem
907 700 1054 766 uult
1083 700 1455 767 ostendere?
1495 700 1807 783 seriptum
1846 703 1974 764 est:
2014 698 2252 764 Omne
2292 716 2428 763 eor
2463 698 2539 761 in
2579 696 2879 761 dolore

557 828 594 873 a
658 808 1007 892 pedibus
1073 827 1330 891 usque
1397 806 1488 871 ad
1555 808 1821 891 eaput.
1890 809 1953 871 et
2020 806 2209 887 paulo
2273 803 2436 869 infra
2502 803 2675 887 quod
2742 803 2873 867 ait:

555 915 870 999 Lingua
923 933 1203 979 eanum
1266 917 1596 979 tuorum
1653 931 1737 978 ex
1801 912 2169 977 inimicis
2228 910 2319 977 ab
2377 911 2581 994 ipso,
2638 929 2676 974 a
2734 928 2873 993 quo

556 1022 782 1106 ipso?
829 1024 895 1086 et
939 1021 1245 1104 numquid
1295 1039 1482 1086 canes
1530 1020 1634 1085 dei
1678 1022 1954 1102 possunt
1998 1018 2122 1083 diei
2172 1017 2465 1104 gentiles,
2516 1034 2674 1099 quos
2720 1015 2873 1097 ipse
2948 1036 2975 1075 5

556 1128 618 1193 in
660 1128 988 1213 euangelio
1030 1147 1216 1193 canes
1255 1128 1578 1193 nominat?
1616 1130 1729 1191 aut
1763 1146 1841 1191 ne
1878 1125 2040 1191 forte
2086 1126 2263 1207 ipsos
2302 1142 2488 1189 canes
2526 1123 2626 1187 dei
2666 1122 2869 1197 dicat,

558 1234 775 1317 quales
815 1234 1135 1300 aestimari
1173 1238 1466 1318 possunt,
1507 1232 1563 1299 si
1602 1234 1711 1315 qui
1747 1232 1813 1296 in
1851 1232 2101 1297 nomine
2141 1231 2497 1298 Christiano
2538 1230 2873 1316 gentiliter

555 1340 798 1419 uiuant,
841 1360 1112 1424 quorum
1151 1360 1294 1425 pars
1326 1358 1472 1406 eum
1509 1338 1873 1405 infidelibus
1913 1339 2189 1421 ponitur,
2230 1338 2381 1421 quia
2416 1337 2627 1411 deum,
2667 1354 2867 1420 quem

556 1449 773 1514 uerbis
822 1448 1058 1525 colunt,
1105 1447 1294 1513 factis
1339 1448 1615 1530 negant?

645 1558 820 1623 Haec
865 1555 1121 1623 interim
1168 1555 1245 1621 de
1290 1554 1584 1639 psalmis3
1633 1573 1799 1619 nuno
1846 1555 1911 1619 et
1957 1552 2033 1618 de
2081 1552 2370 1637 apostolo
2409 1551 2863 1635 quodcumque
2912 1571 2963 1608 ιο

554 1683 919 1748 proponam.
969 1662 1127 1727 dicit
1171 1662 1251 1727 ad
1286 1661 1621 1745 Ephesios,
1672 1660 1843 1744 quod
1886 1660 1953 1725 in
2000 1660 2125 1725 alia
2170 1660 2447 1742 epistula
2494 1658 2734 1723 dixerat
2782 1658 2863 1724 de

555 1770 856 1856 gradibus
929 1769 1038 1834 uel
1110 1768 1434 1834 ordinibus
1510 1765 2004 1849 dispositionum
2080 1765 2181 1830 dei
2256 1768 2549 1847 operante
2622 1764 2862 1848 spiritu

557 1879 774 1942 saneto
826 1874 1175 1941 diuisiones
1223 1874 1599 1959 gratiarum:
1649 1874 1747 1939 Et
1804 1872 2189 1955 quosdam
2244 1870 2565 1955 quidem
2626 1869 2863 1936 dedit

556 1981 1010 2064 apost0108‚
1069 1980 1456 2063 quosdam
1523 1982 1793 2044 autem
1857 1978 2322 2062 prophetas,
2390 1976 2607 2041 alios
2664 1994 2857 2042 uero

557 2086 1156 2173 euangelistaS,
1233 2086 1444 2152 alios
1521 2089 1787 2152 autem
1861 2088 2240 2167 pastores
2316 2087 2394 2149 et
2466 2083 2857 2149 doctores
2902 2104 2955 2143 ιε»

557 2194 648 2260 ad
705 2194 1488 2261 consummationem
1543 2196 2015 2259 sanctorum
2070 2194 2135 2256 et
2194 2190 2459 2273 reliqua.
2524 2190 2643 2255 hoo
2700 2195 2857 2273 opto

557 2300 910 2386 distinguas
967 2299 1128 2365 mihi
1180 2300 1244 2364 in
1289 2300 1407 2365 hao
1455 2299 1831 2365 diuersitate
1878 2298 2226 2376 nominum,
2274 2315 2434 2379 quae
2490 2296 2579 2361 sit
2622 2296 2859 2379 cuique

556 2408 794 2473 nomini
860 2406 1210 2473 officiorum
1285 2406 1394 2471 uel
1457 2407 1805 2491 gratiarum
1868 2404 2242 2489 proprietas,
2309 2403 2462 2485 quid
2524 2404 2855 2487 proprium

557 2514 644 2579 sit
688 2515 1140 2598 apostolorum,
1180 2512 1334 2597 quid
1378 2513 1852 2597 prophetarum,
1902 2511 2054 2595 quid
2094 2510 2649 2595 euangelistarum,
2698 2510 2856 2593 quid

553 2624 879 2703 pastorum
957 2619 1190 2703 quidue
1257 2618 1602 2686 doctorum.
1672 2618 1739 2682 in
1805 2618 2098 2684 omnibus
2164 2616 2331 2683 enim
2402 2616 2503 2682 his
2579 2617 2855 2682 diuersis
2892 2638 2951 2679 ιο

556 2727 915 2793 nominibus
992 2726 1200 2792 simile
1263 2730 1328 2791 et
1400 2744 1592 2810 prope
1667 2744 1864 2790 unum
1931 2724 2251 2791 doctrinae
2318 2724 2597 2790 officium
2660 2724 2853 2791 uideo

554 2834 754 2899 fuisse
809 2836 1172 2899 tractatum.
1238 2832 1355 2899 hos
1413 2835 1627 2898 autem
1682 2832 2049 2916 prophetas,
2106 2851 2265 2915 quos
2321 2834 2472 2915 post
2524 2830 2853 2915 apostolos

554 2941 792 3024 posuit,
830 2960 954 3006 non
991 2943 1146 3023 puto
1184 2940 1332 3006 illos
1362 2958 1522 3017 esse,
1565 2939 1676 3023 qui
1705 2938 1915 3005 ordine
1952 2942 2310 3023 temporum
2349 2940 2491 3004 ante
2528 2938 2853 3021 apostolos

554 3048 828 3126 fuerunt,
902 3048 1016 3113 sed
1086 3048 1270 3127 istos,
1335 3046 1568 3131 quibus
1630 3046 1761 3111 iam
1836 3046 1954 3111 sub
2026 3045 2332 3129 apostolis
2395 3064 2507 3129 per
2577 3044 2851 3129 gratiam

732 3325 766 3378 2
793 3324 886 3379 Es,
919 3324 968 3392 1,
993 3326 1132 3379 5-6
1238 3325 1276 3377 4
1310 3324 1399 3378 Ps.
1440 3324 1527 3391 67,
1565 3324 1637 3377 24
1747 3326 1779 3378 5
1816 3322 2017 3377 Matth.
2059 3322 2141 3385 15,
2172 3322 2239 3375 26
2341 3322 2375 3375 8
2402 3322 2599 3376 Matth.
2629 3322 2717 3387 24,
2746 3324 2843 3385 51;

553 3412 660 3467 Tit.
701 3414 750 3478 1,
792 3413 858 3467 16
969 3414 1032 3467 11
1076 3411 1103 3466 Ι
1141 3413 1261 3469 Cor.
1303 3414 1386 3477 12,
1423 3412 1520 3477 285
1561 3414 1597 3467 4
1708 3413 1773 3467 13
1814 3412 1949 3483 Eph.
1986 3414 2039 3476 4,
2081 3411 2291 3465 11——12

627 3590 653 3643 1
696 3605 885 3643 sensus
928 3588 1026 3642 GP
1061 3590 1257 3658 (postr.
1297 3588 1331 3641 Ζ.
1370 3593 1533 3654 eras.)
1728 3588 1761 3643 3
1798 3586 2049 3657 pedibus]
2088 3588 2293 3641 uertice
2328 3587 2395 3642 K
2578 3588 2615 3640 4
2654 3602 2845 3641 canum

551 3677 792 3748 tuorum]
835 3678 1132 3732 catulorum
1171 3677 1226 3730 P
1463 3678 1497 3730 5
1531 3679 1761 3746 possent
1797 3675 1933 3731 dici·
1962 3676 2098 3744 <fuit
2132 3679 2178 3742 t)
2214 3676 2271 3729 Δ
2309 3674 2418 3730 dici
2456 3678 2685 3745 possunt
2720 3674 2842 3730 edd.

553 3768 586 3822 6
626 3783 821 3823 oannes
855 3767 1024 3837 (post.
1063 3784 1096 3821 a
1133 3771 1274 3835 exp.)
1323 3765 1374 3819 V
1513 3781 1581 3819 ne
1620 3780 1741 3829 om„
1781 3781 1849 3819 m.
1869 3769 1900 3817 1
1937 3764 2068 3820 add.
2112 3763 2159 3818 C
2293 3767 2322 3818 7
2362 3764 2669 3825 aestimare,
2706 3778 2843 3819 corr.

552 3862 673 3912 m.1
709 3858 990 3912 aestimari
1035 3857 1088 3910 V
1243 3873 1317 3917 se,
1357 3870 1492 3909 cor-r.
1531 3859 1653 3908 m.1
1692 3855 1737 3908 si
1784 3854 1837 3907 V
1976 3852 2010 3907 8
2048 3854 2245 3907 uiuunt
2285 3852 2334 3907 G
2344 3852 2392 3906 V
2426 3856 2483 3919 (n
2516 3868 2561 3907 s.
2598 3868 2657 3908 u.
2694 3856 2841 3911 πι1)

623 3960 748 4014 pars
789 3948 838 4009 (r
872 3960 916 3997 s.
953 3960 1008 3997 u.
1046 3960 1116 3997 m.
1136 3947 1186 4009 1)
1238 3942 1290 3995 V
1486 3944 1548 3997 11
1591 3940 1728 3997 dixit
1764 3942 1819 3996 P
2032 3941 2299 4012 ephesior,
2335 3958 2404 3995 m.
2426 3944 2468 3996 2
2502 3940 2755 4011 ephesios
2788 3942 2847 3995 A

555 4034 622 4087 12
658 4031 750 4086 uel
787 4031 905 4087 ordi
928 4031 936 4103 1
959 4030 1236 4086 ordinibus
1284 4031 1335 4083 V
1543 4029 1911 4100 dispotionum
1946 4029 2021 4083 M
2199 4030 2263 4084 16
2300 4028 2535 4099 reliqua]
2574 4032 2757 4083 cet-era
2788 4032 2841 4081 A

623 4121 715 4176 hic
760 4121 814 4175 V
917 4122 984 4175 17
1021 4120 1078 4174 in
1114 4137 1216 4174 om.
1253 4120 1330 4174 M
1359 4120 1445 4189 (in
1471 4119 1594 4189 fine
1624 4123 1706 4189 p.)
1745 4120 1799 4172 A
1917 4118 2052 4173 haec
2088 4116 2162 4171 M
2280 4118 2496 4187 cuique]
2538 4118 2746 4184 unicui,¹
2792 4116 2845 4171 G

621 4212 901 4265 nominum
947 4210 1072 4263 MA
1286 4208 1356 4262 20
1400 4208 1702 4277 pastorum]
1754 4208 2122 4277 apostolorum
2168 4207 2221 4259 A
2448 4206 2591 4259 enim
2638 4222 2741 4261 om.
2788 4207 2844 4259 A

552 4300 622 4355 22
659 4301 787 4369 post
823 4314 926 4353 om.
970 4298 1016 4352 G
1119 4298 1189 4351 24
1226 4298 1351 4351 illos
1378 4298 1572 4365 flrm
