3184 4959
212 1382 298 1445 10

217 2019 297 2083 11

302 1616 356 1657 10

305 2148 358 2189 15

1145 440 1677 510 epistularum
1735 439 1921 495 CXXI.
2563 446 2687 511 731

392 633 744 699 donabatur
787 638 899 699 aut
942 632 1378 717 interpretatio
1427 634 1883 717 scripturarum
1924 638 1988 699 et
2034 635 2343 719 inspectio
2380 636 2691 701 mentium

394 742 506 805 aut
555 740 904 823 praedictio
951 739 1258 825 temporis
1317 740 1621 820 secuturi,
1678 745 1753 806 ut
1796 740 2060 827 Agabus
2109 742 2425 819 cernebat,
2472 742 2582 825 qui
2628 747 2695 807 et

391 846 624 911 famem
677 847 1022 912 instantem
1079 846 1390 931 praedixit
1435 850 1519 927 et,
1567 866 1729 931 quae
1783 847 2013 913 beatus
2061 848 2303 914 Paulus
2359 848 2425 913 in
2470 849 2691 915 Hiero·

392 954 655 1038 solymis
709 973 1016 1038 passurus
1073 956 1265 1031 esset,
1322 958 1387 1020 et
1441 955 1636 1021 uerbo
1699 955 2099 1021 denuntiauit
2144 958 2209 1021 et
2262 954 2443 1039 signo
2500 975 2692 1022 zonae

392 1060 530 1126 eius
561 1061 860 1127 ostendit.
895 1061 1062 1126 inter
1096 1064 1385 1143 pastores
1425 1060 1786 1144 specialiter
1812 1064 1879 1127 et
1907 1060 2197 1126 doctores
2228 1060 2382 1145 quid
2416 1062 2689 1140 intersit,

393 1165 718 1232 dinoscere
781 1169 954 1247 uolo,
1027 1168 1175 1251 quia
1238 1168 1620 1250 praepositis
1686 1167 1991 1233 ecclesiae
2058 1170 2398 1252 utrumque
2462 1188 2692 1234 nomen

391 1271 664 1338 adscribi
711 1275 896 1340 solet.

479 1380 664 1460 Item,
706 1380 876 1464 quod
913 1381 1003 1447 ait
1041 1380 1120 1445 ad
1157 1379 1597 1447 Timotheum:
1638 1378 1689 1446 Ο
1709 1381 1994 1447 bsecro
2040 1381 2307 1465 igitur
2350 1380 2690 1463 primum

394 1487 738 1552 omnium
811 1488 1005 1553 fieri
1081 1487 1727 1568 obsecrationes,
1806 1488 2246 1567 orationeS,
2325 1489 2689 1571 postula·

391 1592 686 1671 tiones,
715 1594 1168 1677 gratiarum
1209 1594 1580 1660 actiones
1609 1613 1749 1678 pro
1782 1593 2155 1661 omnibus
2193 1593 2689 1673 hominibus,

394 1717 628 1780 quaeso
687 1719 958 1783 exponas
1014 1701 1193 1779 mihi,
1250 1699 1421 1784 quod
1476 1700 1815 1767 discrimen
1882 1700 1968 1765 sit
2020 1700 2083 1765 in
2140 1700 2259 1767 hac
2316 1699 2690 1766 diuersitate

392 1804 752 1883 uerborum,
792 1826 937 1873 cum
969 1808 1180 1873 omnia
1214 1806 1394 1888 mihi,
1433 1828 1594 1891 quae
1633 1806 1907 1892 gerenda
1936 1807 2111 1887 dixit,
2150 1807 2451 1873 orationis
2482 1807 2690 1873 officio

395 1913 726 1977 conuenire
771 1914 1128 1979 uideantur.

481 2018 666 2099 Item,
707 2019 876 2102 quod
921 2020 1002 2086 ad
1037 2021 1356 2087 Romanos
1403 2022 1514 2099 ait,
1560 2023 1878 2105 interrogo
1928 2024 1992 2086 et
2034 2039 2210 2104 rogo,
2258 2023 2333 2086 ut
2378 2020 2689 2086 edisseras

393 2124 576 2201 mibi;
633 2128 912 2193 multum
957 2128 1126 2193 enim
1173 2128 1488 2193 caecutire
1534 2147 1637 2193 me
1684 2127 1887 2193 fateor
1936 2128 2002 2192 in
2056 2128 2176 2192 hac
2221 2126 2495 2211 apostoli
2553 2146 2689 2192 sen-

391 2231 592 2297 tentia
629 2233 706 2298 de
750 2232 1028 2313 Iudaeis,
1077 2234 1248 2317 quod
1296 2235 1414 2299 ait:
1455 2232 1911 2300 Secundum
1957 2233 2478 2319 euangelium
2527 2232 2692 2316 qui-

394 2338 562 2404 dem
635 2339 956 2405 inimici
1029 2341 1364 2424 propter
1437 2359 1604 2419 uos,
1683 2339 2123 2405 secundum
2190 2340 2686 2405 electionem

393 2450 661 2510 autem
718 2445 1137 2511 carissimi
1203 2449 1536 2530 propter
1599 2449 1897 2530 patres.
1965 2463 2088 2528 quo
2146 2444 2331 2510 modo
2395 2443 2565 2510 idem
2624 2448 2691 2509 et

391 2550 634 2615 inimici
679 2554 938 2637 propter
983 2572 1119 2631 noS,
1161 2552 1270 2636 qui
1309 2552 1695 2618 credidimus
1734 2572 1807 2617 ex
1845 2552 2163 2638 gentibus,
2201 2555 2527 2634 tamquam
2566 2569 2688 2616 non

391 2655 715 2739 potuerint
777 2660 998 2742 gentes
1063 2658 1335 2736 credere,
1399 2659 1523 2725 nisi
1577 2657 1801 2723 Iudaei
1863 2676 1986 2723 non
2052 2656 2513 2723 credidissent?
2577 2659 2691 2722 aut

391 2760 530 2845 ipse
601 2780 766 2828 unus
832 2763 1112 2829 omnium
1180 2768 1424 2830 creator
1495 2763 1674 2845 deus,
1755 2784 1793 2847 q
1810 2764 1891 2828 ui
1965 2782 2000 2829 o
2018 2783 2081 2828 m
2097 2784 2136 2828 n
2152 2781 2183 2827 e
2202 2782 2232 2828 s
2316 2762 2355 2827 b
2376 2781 2411 2828 o
2428 2762 2585 2827 min
2604 2782 2637 2828 e
2655 2782 2685 2829 s

397 2868 673 2935 saluos
710 2869 904 2935 fieri
941 2872 1128 2936 uult
1163 2874 1242 2936 et
1277 2872 1356 2935 in
1394 2870 1899 2957 agnitionem
1938 2868 2333 2935 ueritatis
2381 2870 2683 2949 uenire,

571 3139 605 3192 2
642 3137 762 3192 Act.
803 3140 889 3205 11,
927 3138 1022 3203 28;
1060 3141 1148 3201 21.
1190 3139 1396 3193 10—11
1570 3140 1605 3193 8
1642 3139 1671 3193 Ι
1707 3138 1844 3193 Tim.
1883 3139 1934 3202 2,
1977 3139 2004 3193 1
2191 3140 2259 3194 16
2294 3140 2447 3193 Rom.
2491 3139 2574 3202 11,
2614 3138 2685 3193 28

392 3226 454 3280 21
497 3226 524 3280 1
561 3226 698 3281 Tim.
736 3229 789 3295 2,
825 3228 861 3281 4
1646 3248 1651 3253 ’

464 3370 493 3422 1
533 3370 650 3439 ant]
689 3372 753 3422 ut
787 3367 1018 3423 MAGP
1051 3372 1144 3435 (m.
1164 3372 1204 3423 2
1241 3370 1358 3437 aut)
1401 3366 1454 3423 G
1491 3366 1643 3437 (del.)
1682 3366 1750 3421 K
1958 3367 2285 3437 inspectatio
2322 3368 2587 3421 mentium
2633 3366 2685 3422 G

388 3457 842 3528 inspectationem
877 3462 1034 3512 tuum
1071 3460 1128 3513 A
1197 3456 1230 3511 2
1268 3456 1604 3527 praedicatio
1638 3455 1925 3511 MACPG
2034 3456 2290 3510 cernebat
2325 3456 2428 3511 del.
2466 3472 2536 3509 m.
2558 3459 2598 3509 2
2631 3455 2689 3510 P

390 3546 664 3612 cernebas,
701 3562 840 3603 corr.
877 3564 946 3603 m.
967 3551 999 3600 1
1035 3546 1291 3601 cernebat
1325 3544 1394 3599 K
1513 3546 1548 3601 3
1585 3545 1785 3599 famem
1823 3544 1874 3599 ei
1908 3545 2207 3599 instantem
2252 3544 2297 3597 C
2438 3549 2517 3608 ut,
2552 3561 2623 3599 m.
2644 3546 2686 3597 2

392 3638 450 3689 et
483 3634 551 3689 K
675 3637 709 3691 6
748 3636 841 3706 qui
878 3636 1235 3706 apraepositis
1270 3652 1339 3690 m.
1362 3638 1404 3689 2
1439 3650 1578 3691 corr.
1624 3633 1675 3689 G
1822 3632 1854 3687 ‘7
1893 3632 2126 3687 describi
2162 3632 2229 3687 K
2368 3632 2402 3686 8
2439 3632 2593 3687 iitem
2628 3632 2683 3685 A

389 3725 426 3779 9
463 3726 834 3780 obsecratione
870 3724 940 3779 K
1039 3724 1438 3795 postulationes
1475 3724 1775 3793 gratiarum
1810 3723 2054 3777 actiones
2092 3738 2213 3786 om„
2250 3738 2319 3777 m.
2339 3724 2379 3775 2
2412 3722 2476 3775 in
2511 3738 2683 3792 mar-9.

392 3815 524 3869 add.
559 3814 628 3869 K
735 3816 800 3869 12
837 3814 1180 3869 menbrorum
1216 3813 1272 3867 A
1396 3814 1461 3869 15
1498 3812 1676 3876 multi,
1710 3829 1783 3869 m.
1802 3815 1838 3865 2
1871 3811 2100 3866 multum
2146 3810 2197 3865 G
2342 3811 2575 3865 cecutire
2616 3810 2685 3877 (ir

391 3920 458 3958 a
499 3920 614 3958 ras.
653 3908 704 3958 et
740 3919 878 3960 corr.
916 3920 984 3957 m.
1006 3906 1073 3971 2;
1105 3903 1289 3971 fuisse
1335 3902 1454 3956 uid.
1492 3906 1578 3969 ur)
1618 3902 1673 3955 P
1716 3902 1963 3970 spatium
2006 3915 2265 3963 uacuum,
2301 3898 2366 3953 in
2410 3915 2517 3969 quo
2552 3916 2621 3953 m.
2644 3902 2685 3953 2

387 3992 609 4061 scripsit
643 3992 897 4047 ciccutire
940 3992 992 4047 G
1029 4008 1126 4047 ceu
1164 3991 1414 4045 dubitare
1448 3992 1501 4045 A
1651 3990 1717 4046 16
1756 3988 1918 4059 quod,
1954 3992 2084 4043 m.2
2123 4003 2231 4057 qua
2270 3986 2323 4043 G
2472 3988 2535 4041 17
2574 3987 2681 4041 ini-

389 4082 575 4135 micis·
607 4082 666 4136 A
885 4082 950 4136 18
997 4083 1220 4151 propter
1255 4096 1358 4135 om.
1395 4080 1472 4134 M
1646 4077 1811 4133 iidem
1837 4078 2035 4146 slrm
2216 4076 2281 4131 19
2321 4074 2591 4131 credimus
2626 4077 2683 4130 A

389 4172 459 4225 20
495 4168 690 4241 potuei·
723 4170 800 4224 M
953 4169 1082 4239 nisi]
1121 4186 1248 4232 nou,
1286 4186 1356 4223 m.
1375 4172 1418 4223 2
1451 4167 1559 4222 nisi
1593 4166 1662 4221 K
1836 4166 1905 4221 21
1943 4182 2081 4220 unus
2118 4180 2219 4222 om.
2256 4164 2314 4219 P
2472 4169 2683 4220 creator

389 4260 626 4313 omniurn
674 4258 725 4312 V
865 4259 934 4313 22
972 4258 1170 4321 solues,
1208 4273 1346 4312 corr.
1385 4257 1567 4311 saluos
1615 4255 1670 4310 V
1824 4256 1903 4326 in]
1944 4253 2015 4310 ad
2050 4255 2170 4310 edd.
2206 4270 2309 4311 sec.
2357 4253 2514 4325 Vuly.
2554 4254 2681 4321 (Gr.

390 4346 484 4411 εἷς)
629 4348 884 4403 ueritatis
923 4364 1026 4402 om.
1063 4350 1120 4401 A
