3184 4959
229 2313 310 2375 13

311 1608 364 1645 10

312 2138 366 2178 15

313 2674 366 2714 20

1151 422 1685 492 epistularum
1746 422 1929 479 CXXI.
2569 432 2696 497 733

399 617 569 699 quod
625 616 743 680 ait:
797 616 1039 681 Nemo
1105 635 1248 681 uos
1317 616 1661 681 seducat
1713 618 2003 683 uolens
2072 618 2149 683 in
2216 619 2697 689 humilitate

401 730 480 789 et
532 723 936 807 religione
994 724 1487 807 angelorum,
1537 742 1736 805 quae
1792 742 1939 788 non
1998 726 2217 791 uidit
2272 728 2696 794 ambulans

401 832 717 896 frustra
770 830 1130 894 inflatus
1185 847 1431 894 sensu
1480 830 1752 895 carnis
1814 850 2008 895 suae
2071 836 2150 896 et
2203 852 2353 897 non
2411 840 2696 902 tenens

401 941 666 1021 caput.
743 936 820 1001 de
886 936 1119 1020 quibus
1184 936 1426 1020 angelis
1493 935 1693 1001 dicit?
1760 936 1815 1001 si
1881 938 1957 1002 de
2020 938 2297 1005 inimicis
2364 945 2427 1006 et
2490 943 2697 1021 malis,

401 1064 560 1127 quae
614 1044 870 1109 illorum
925 1043 1152 1127 religio
1209 1048 1322 1107 aut
1375 1061 1535 1126 quae
1591 1043 1923 1109 humilitas
1981 1048 2047 1109 et
2091 1046 2198 1128 qui
2255 1047 2343 1113 sit
2393 1050 2701 1133 magister

401 1151 790 1217 seductionis
853 1150 1068 1226 huiuS‚
1129 1151 1239 1233 qui
1301 1170 1414 1234 per
1469 1150 1801 1215 obtentum
1866 1152 2080 1217 nescio
2138 1154 2320 1218 cuius
2376 1156 2699 1240 angelicae

398 1257 721 1343 religionis
787 1258 971 1339 quasi
1037 1257 1178 1322 uisa
1241 1259 1304 1321 et
1371 1260 1691 1339 comperta
1755 1257 2009 1337 doceat,
2074 1279 2233 1343 quae
2300 1279 2419 1325 non
2488 1263 2697 1327 uidit?

399 1365 532 1429 sine
580 1364 772 1430 dubio
819 1364 1141 1440 haeretici,
1191 1364 1299 1446 qui
1347 1362 1661 1429 doctrinas
1708 1364 2181 1431 daemoniorum
2229 1370 2294 1431 et
2348 1372 2701 1451 sequuntur

399 1475 464 1535 et
509 1474 824 1555 promunt,
874 1471 1196 1553 conceptis
1245 1471 1322 1535 ab
1363 1490 1584 1536 eorum
1633 1471 1861 1554 spiritu
1910 1472 2487 1553 adiuuentionibus‚
2536 1494 2695 1557 quae

401 1597 522 1643 non
578 1578 878 1643 uiderunt
931 1579 1396 1661 phantasmata,
1455 1579 1640 1661 quasi
1695 1580 1839 1645 uisa
1893 1578 2204 1664 fingentes
2260 1585 2326 1645 et
2377 1582 2697 1666 pestiferis

401 1684 939 1768 disputationibus
1004 1684 1067 1748 in
1134 1684 1324 1749 corda
1385 1685 1550 1749 male
1616 1685 1872 1750 credula
1946 1686 2328 1752 seminantes
2394 1687 2461 1753 hi
2528 1692 2695 1766 sunt,

403 1792 511 1874 qui
584 1812 704 1857 non
771 1793 991 1856 tenent
1059 1794 1270 1874 caput,
1353 1791 1420 1855 id
1493 1793 1592 1857 est
1668 1792 1991 1858 Christum
2065 1792 2303 1858 fontem
2384 1794 2697 1869 ueritatiS‚

403 1900 586 1963 cuius
626 1899 944 1964 doctrinae
981 1897 1284 1981 quicquid
1323 1897 1717 1973 aduersatur,
1766 1898 2059 1964 insanum
2097 1902 2215 1976 est,
2257 1903 2320 1964 et
2366 1901 2433 1965 hi
2470 1903 2697 1967 caeci

404 2006 648 2071 duces
688 2024 1129 2083 caecorum,
1163 2006 1238 2069 de
1268 2005 1502 2087 quibus
1532 2005 1658 2069 dici
1686 2008 1875 2089 puto:
1914 2006 2031 2073 Me
2070 2005 2697 2089 dereliquerunt

402 2113 705 2178 fontem
771 2130 1020 2195 aquae
1088 2112 1330 2177 uiuae
1397 2116 1473 2176 et
1533 2112 1919 2178 foderunt
1998 2113 2158 2177 sibi
2222 2114 2457 2179 lacus
2526 2133 2697 2179 con-

401 2220 674 2299 tritos,
725 2220 1055 2303 quinon
1104 2222 1387 2283 tenent
1434 2237 1735 2301 aquam.

489 2327 734 2391 Deinde
799 2326 861 2390 in
928 2324 1342 2408 subsequenti
1417 2326 1621 2409 capite
1688 2323 1945 2390 adiecit:
2030 2324 2141 2389 Ne
2222 2326 2693 2411 tetigeritis

402 2452 658 2515 neque
725 2432 1281 2515 gustaueritis
1349 2450 1603 2513 neque
1662 2430 2424 2509 contrectaueritis‚
2492 2452 2693 2514 quae

405 2544 594 2607 sunt
639 2538 895 2603 omnia
948 2539 1024 2604 in
1079 2539 1512 2603 interitum
1567 2538 1747 2621 ipso
1796 2558 1944 2603 usu
1994 2539 2434 2604 secundum
2481 2560 2693 2623 prae-

405 2649 636 2728 cepta
683 2650 762 2711 et
808 2645 1228 2710 doctrinas
1285 2646 1694 2711 hominum
1740 2646 2139 2710 rationem
2191 2646 2513 2727 quidem
2572 2646 2695 2710 ha-

402 2752 681 2816 bentia
755 2752 1219 2835 sapientiae
1284 2752 1360 2816 in
1419 2752 2021 2835 superstitione
2082 2755 2157 2816 et
2212 2752 2693 2816 humilitate

582 3014 606 3067 1
651 3012 768 3069 Col.
806 3014 855 3077 2,
888 3013 1098 3068 18—19
1207 3014 1240 3067 8
1269 3014 1296 3066 Ι
1325 3012 1458 3067 Tim.
1489 3014 1540 3073 4,
1575 3012 1711 3066 1-2
1825 3012 1891 3066 13
1920 3012 2116 3065 Matth.
2152 3013 2236 3077 15,
2268 3012 2335 3065 14
2451 3013 2513 3065 14
2543 3012 2693 3066 Hier.

402 3103 451 3163 2,
493 3103 558 3157 13
673 3104 736 3156 17
777 3102 889 3157 Col.
931 3104 981 3167 2,
1020 3102 1232 3156 21-23

477 3264 500 3317 1
543 3262 599 3315 in
636 3262 971 3330 humilitate]
1011 3262 1069 3315 in
1107 3260 1414 3315 humilitate
1453 3258 1631 3315 cordis
1680 3258 1731 3312 V
1907 3260 1939 3313 2
1980 3259 2284 3327 ambulans]
2324 3258 2601 3313 inculcans
2650 3259 2701 3309 V

400 3351 647 3421 amplius,
687 3366 824 3405 corr.
864 3367 934 3405 m.
956 3355 987 3404 1
1025 3350 1306 3405 ambulans
1343 3350 1400 3403 R
1506 3350 1539 3403 3
1579 3349 1752 3403 fustra
1779 3349 1834 3402 P
1974 3364 2138 3402 sensu
2172 3349 2236 3402 in
2270 3348 2381 3414 fine
2416 3362 2471 3400 u.
2512 3363 2614 3401 om.
2641 3348 2695 3400 A

398 3441 434 3494 4
472 3440 672 3495 dicitur
717 3438 768 3491 V
909 3443 964 3493 et
1001 3456 1122 3500 om..
1161 3456 1230 3495 m.
1253 3442 1293 3492 2
1329 3438 1462 3493 add.
1500 3434 1569 3489 K
1686 3441 1718 3493 5
1758 3438 1867 3507 qui,
1905 3454 1974 3491 m.
1997 3440 2037 3491 2
2074 3436 2195 3505 quis
2234 3435 2284 3490 G
2323 3435 2443 3504 quis
2490 3435 2537 3489 V
2574 3436 2693 3489 edd.

400 3530 432 3582 6
471 3529 778 3599 obtentum]
815 3529 920 3582 hoc
955 3531 1170 3582 tantum
1198 3528 1275 3582 M
1305 3528 1406 3581 hoc
1434 3527 1697 3597 templum
1726 3528 1779 3579 A
1890 3527 1992 3593 cui,
2029 3542 2100 3579 m.
2121 3530 2161 3579 2
2188 3524 2341 3579 cuius
2364 3526 2420 3579 R
2530 3540 2694 3593 agne-

397 3618 536 3673 licae
574 3618 856 3688 religionis
893 3617 1054 3671 huius
1093 3618 1273 3687 (huius
1312 3617 1414 3671 del.
1453 3633 1522 3670 m.
1545 3619 1605 3683 2)
1642 3616 1689 3669 G
1796 3616 1827 3669 7
1866 3618 2087 3684 coperta
2113 3615 2167 3667 A
2276 3614 2310 3669 8
2349 3612 2531 3676 dubio,
2560 3628 2627 3669 m.
2656 3616 2697 3665 2

400 3704 563 3758 dubio
603 3708 731 3762 sunt
766 3705 822 3761 R
965 3704 1236 3760 doctrinas
1274 3720 1395 3768 om„
1431 3708 1551 3758 m.1
1585 3720 1629 3759 s.
1668 3720 1722 3757 u.
1765 3703 1895 3757 add.
1944 3702 1997 3756 V
2163 3704 2220 3755 et
2255 3700 2575 3771 sequuntur]
2612 3718 2690 3757 se-

401 3796 595 3847 cuntur
629 3794 754 3861 (om.
793 3794 868 3860 et)
905 3792 962 3847 R
1099 3793 1167 3846 10
1204 3795 1361 3860 quasi
1398 3794 1519 3846 uisa
1555 3808 1661 3846 om.
1698 3792 1753 3845 A
1792 3791 1945 3861 quasi
1984 3790 2103 3844 uita
2137 3791 2199 3844 K
2336 3790 2399 3844 11
2442 3787 2601 3842 corde
2638 3790 2693 3841 A

467 3881 548 3935 hii
581 3880 650 3935 K
782 3882 848 3935 12
885 3898 995 3935 non
1033 3898 1156 3948 om.,
1191 3897 1234 3935 s.
1272 3898 1329 3935 u.
1367 3898 1433 3935 m.
1457 3886 1487 3933 1
1529 3880 1661 3935 add.
1710 3880 1763 3933 V
1930 3882 2092 3948 caput
2128 3895 2251 3939 om..
2290 3881 2422 3931 m.2
2459 3876 2591 3933 add.
2630 3876 2695 3931 K

403 3971 466 4024 13
507 3970 756 4025 doctrina
789 3975 844 4026 A
989 3969 1067 4023 hii
1103 3969 1226 4024 RK
1366 3970 1479 4025 ceci
1513 3970 1577 4023 in
1612 3986 1725 4023 ras.
1764 3969 1830 4023 K
1950 3970 2019 4023 14
2055 3982 2332 4021 caecorum
2367 3982 2543 4033 supra
2578 3983 2690 4019 ras.

397 4076 464 4113 m.
485 4058 526 4108 2
561 4060 629 4114 K
806 4058 872 4113 de
911 4076 1014 4113 om.
1050 4059 1107 4114 R
1298 4058 1434 4113 dicit
1469 4062 1523 4113 A
1715 4055 2161 4125 derelinquerunt
2196 4055 2305 4109 AO
2336 4055 2687 4124 reliquerunt,

398 4167 535 4205 corr.
573 4153 694 4203 m.1
732 4149 1140 4220 dereliquerunt
1184 4147 1235 4202 V
1361 4149 1426 4203 15
1465 4147 1613 4203 lacos
1650 4149 1717 4202 M
1850 4147 1913 4200 17
1956 4147 2151 4215 capite,
2188 4162 2257 4200 m.
2279 4148 2319 4197 2
2356 4144 2595 4212 capitulo
2640 4144 2690 4199 G

469 4238 604 4293 dicit
637 4239 693 4293 R
841 4238 906 4292 18
946 4237 1302 4307 gustaueritis
1335 4253 1514 4306 neque
1552 4254 1655 4291 om.
1691 4235 1759 4290 K
1928 4232 2398 4289 contractaueritis
2433 4232 2551 4286 PV
2580 4248 2689 4287 non

395 4328 762 4383 trectaueritis
787 4326 856 4381 K
929 4328 993 4381 19
1033 4326 1212 4381 omnia
1249 4341 1351 4381 om.
1379 4325 1498 4379 AV
1598 4326 1657 4379 in
1692 4324 2081 4379 interiteritnm
2116 4322 2163 4375 Ο
2232 4323 2295 4376 21
2338 4322 2608 4391 sapientia
2635 4322 2689 4373 A
