3184 4959
1140 459 1680 532 epistularum
1733 459 1894 516 XCV.
2537 462 2667 527 511

366 654 459 720 ibi
515 653 683 722 enim
744 653 873 728 ,etsi
940 653 1263 720 nescimus
1332 671 1493 738 quae
1556 652 1724 720 bona
1775 653 1990 720 futura
2047 657 2216 734 sunt,
2281 659 2494 721 tamen
2549 673 2671 721 non

368 779 567 846 parua
610 760 674 826 in
720 779 789 826 re
835 761 991 826 certi
1038 779 1283 839 sumna,
1332 758 1504 844 quod
1546 759 1676 826 ista
1719 759 1888 826 mala
1929 758 2024 825 ibi
2065 779 2192 826 non
2238 764 2438 828 erunt.

193 869 233 934 6
459 868 556 934 De
612 866 856 952 agenda
908 886 1059 952 ergo
1114 867 1243 933 ista
1304 866 1642 951 temporali
1704 866 1842 933 uita
1905 885 1978 932 eo
2043 866 2256 945 modo,
2318 886 2434 950 per
2486 885 2674 952 quem

372 973 754 1040 ueniendum
822 975 921 1038 est
985 973 1064 1039 ad
1130 976 1470 1052 aeternam,
1544 973 1698 1040 noui
1773 973 2318 1058 concupiscentias
2395 976 2676 1041 carnales

306 1092 335 1136 ὅ
374 1099 513 1146 esse
568 1080 901 1148 frenandas
956 1083 1335 1163 tantumque
1388 1081 1843 1146 remittendum
1897 1082 1960 1146 in
2017 1081 2472 1149 delectationes
2539 1101 2677 1147 sen-

374 1206 565 1252 suum
622 1188 1063 1270 corporalium,
1131 1190 1437 1270 qnantum
1501 1187 1958 1254 sustentandae
2018 1187 2213 1255 huius
2269 1188 2676 1274 agendaeque

372 1291 547 1358 uitae
602 1293 761 1358 satis
820 1296 939 1372 est,
1008 1311 1351 1377 omnesque
1406 1292 1736 1358 molestias
1790 1292 2176 1377 temporales
2237 1313 2351 1380 pro
2406 1295 2678 1360 ueritate

376 1399 477 1464 dei
534 1401 599 1464 et
652 1399 859 1464 salute
915 1401 1169 1466 aeterna
1222 1402 1439 1465 nostra
1494 1402 1561 1464 et
1609 1400 1877 1483 proximi
1942 1401 2256 1485 patienter
2305 1401 2678 1484 fortiterque

374 1504 755 1580 tolerandas,
829 1506 981 1572 noui
1046 1506 1239 1572 etiam
1300 1505 1582 1590 proximo
1651 1504 1731 1572 ad
1793 1507 1917 1572 hoc
1983 1507 2442 1574 consulendum
2509 1507 2682 1574 omni

288 1629 341 1672 ιο
378 1613 591 1678 studio
631 1613 936 1693 ‹em-itatis,
984 1616 1061 1679 ut
1104 1613 1295 1679 istam
1342 1613 1546 1678 uitam
1590 1616 1760 1680 recte
1808 1617 1987 1699 gerat
2030 1617 2288 1700 propter
2323 1618 2678 1691 aeternam

376 1722 819 1806 praeponenda
862 1721 1057 1787 etiam
1102 1721 1288 1786 nobis
1338 1721 1650 1804 spiritalia
1697 1721 2080 1800 carnalibus,
2135 1721 2686 1789 incommutabilia

377 1832 795 1897 mutabilibus
826 1833 892 1896 et
926 1829 1083 1895 haee
1116 1828 1327 1894 omnia
1351 1830 1529 1894 tanto
1560 1827 1766 1914 magis
1797 1829 2092 1896 minusue
2120 1847 2310 1913 posse
2339 1829 2679 1909 hominem,

379 1941 614 2020 quanto
670 1935 879 2022 magis
934 1935 1235 2000 minusue
1282 1933 1626 1998 adiuuatur
1679 1935 1884 2018 gratia
1930 1935 2030 2000 dei
2083 1955 2198 2022 per
2239 1937 2455 2002 Iesum
2505 1933 2682 2002 Chri-

380 2049 555 2110 stum
610 2045 938 2110 dominum
992 2045 1303 2108 nostrum.
1376 2060 1489 2106 cur
1544 2043 1760 2106 autem
1821 2042 1932 2108 ille
1997 2043 2092 2108 sic
2144 2043 2252 2108 ille
2309 2047 2524 2109 autem
2590 2043 2683 2107 sic

291 2161 345 2204 1⁶
380 2151 717 2217 adiuuetur
769 2151 878 2216 uel
922 2166 1045 2216 non
1096 2148 1455 2228 adiuuetur,
1512 2148 1758 2226 nescim
1815 2147 1884 2214 id
1930 2153 2140 2215 tamen
2189 2149 2379 2216 deum
2435 2169 2685 2216 summa

382 2258 631 2341 sibique
694 2261 846 2323 nota
909 2256 1227 2340 aequitate
1292 2255 1497 2321 facere
1564 2255 1717 2321 scio.
1793 2258 2052 2340 propter
2112 2257 2224 2322 illa
2285 2275 2457 2336 uero,
2525 2275 2682 2341 quae

382 2381 575 2448 supra
636 2361 1152 2440 commemoraui,
1230 2379 1419 2444 quem
1484 2360 1563 2426 ad
1628 2361 1889 2426 modum
1953 2362 2308 2428 uiuendum
2383 2363 2470 2428 sit
2533 2381 2680 2428 cum

382 2469 771 2544 hominibus,
820 2468 875 2533 si
915 2467 1067 2551 quid
1114 2467 1235 2532 tibi
1272 2465 1668 2550 exploratum
1713 2466 1941 2550 liquet,
1990 2467 2183 2534 edoce
2219 2488 2344 2546 me,
2393 2469 2682 2544 obsecro;

383 2576 480 2642 sin
530 2579 595 2640 et
639 2578 705 2640 te
760 2575 853 2639 ita
897 2577 975 2640 ut
1018 2593 1121 2640 me
1166 2577 1428 2639 mouent
1480 2574 1628 2654 ista,
1687 2573 1900 2640 confer
1945 2593 2017 2640 ea
2063 2593 2211 2639 oum
2257 2576 2466 2658 aliquo
2512 2595 2689 2640 man-

292 2697 345 2738 20
386 2687 569 2748 sueto
635 2681 844 2747 cordis
910 2681 1179 2756 medico,
1246 2681 1383 2745 siue
1446 2679 1582 2746 illic
1647 2681 1986 2761 inueneris,
2051 2681 2162 2746 ubi
2227 2680 2482 2768 degitiS‚
2548 2681 2684 2747 siue

385 2808 533 2855 cum
588 2789 857 2855 Romam
911 2791 1047 2854 toto
1107 2787 1533 2853 anniuersario
1599 2787 1888 2872 pergitis,
1956 2791 2038 2866 et,
2104 2787 2276 2872 quod
2337 2807 2450 2872 per
2500 2788 2686 2853 illum

382 2896 503 2961 tibi
566 2897 933 2980 loquentem
1000 2914 1117 2961 seu
1169 2895 1356 2961 uobis
1413 2893 1942 2978 conloquentibus
2001 2895 2294 2960 dominus
2349 2895 2685 2980 aperuerit,

386 3004 591 3070 scribe
634 3003 812 3070 mihi.

209 3111 245 3174 7
475 3111 571 3176 De
635 3109 1091 3175 resurrectione
1156 3111 1369 3174 autem
1428 3127 1760 3192 corporum
1825 3108 2378 3191 membrorumque
2439 3107 2503 3173 in
2577 3107 2688 3173 illa

296 3231 351 3274 εὖ
384 3215 857 3297 incorruptione
939 3217 1129 3298 atque
1210 3215 1666 3280 inmortalitate
1758 3215 1992 3280 futuris
2077 3215 2305 3280 officiis
2389 3214 2688 3299 qnoniam

386 3319 675 3385 uicissim
730 3339 833 3384 me
888 3319 1310 3403 interrogasti,
1370 3319 1523 3402 quid
1580 3320 1873 3400 sentiam,
1939 3319 2087 3384 audi
2141 3319 2441 3396 breuiter,
2498 3318 2685 3402 quod,

388 3427 444 3491 si
480 3445 604 3492 non
644 3425 800 3491 satis
838 3427 978 3504 erit,
1015 3425 1270 3508 poterit,
1310 3425 1367 3490 si
1406 3426 1700 3492 dominus
1741 3427 2076 3505 adiuuerit,
2122 3427 2317 3492 latius
2355 3427 2688 3511 disputari.

388 3533 749 3598 firmissime
814 3532 1155 3598 tenendum
1222 3535 1340 3612 est,
1408 3532 1574 3598 unde
1641 3533 1991 3616 scripturae
2057 3537 2311 3598 sanctae
2373 3551 2563 3598 uerax
2627 3535 2692 3599 et

391 3641 559 3704 clara
614 3640 931 3706 sententia
977 3643 1095 3719 est,
1152 3638 1436 3704 nisibilia
1490 3639 1617 3705 ista
1663 3659 1924 3724 corpora
1971 3643 2160 3724 atque
2203 3643 2471 3717 terrena,
2530 3657 2689 3723 quae

300 3767 353 3809 so
390 3765 555 3812 nunc
637 3746 935 3811 animalia
1009 3746 1323 3826 dicuntur,
1408 3746 1723 3831 spiritalia
1802 3747 2018 3812 futura
2098 3747 2160 3811 in
2233 3746 2690 3812 resurrectione

568 3975 639 4030 28
677 3974 704 4029 Ι
744 3974 865 4035 Cor.
908 3976 991 4041 15,
1029 3976 1102 4030 44

466 4100 492 4153 1
536 4117 642 4170 qua
676 4100 733 4153 P
892 4117 999 4154 non
1039 4103 1223 4154 tamen
1260 4117 1371 4153 non
1408 4105 1579 4169 parua
1615 4115 1672 4152 re
1709 4099 1765 4152 P
1799 4115 1908 4152 non
1945 4101 2128 4153 tamen
2168 4097 2234 4152 de
2271 4115 2445 4169 parua
2479 4113 2538 4151 re
2585 4095 2696 4149 VU

392 4188 543 4255 edd.,·
576 4188 778 4256 scripsi
811 4191 995 4242 tamen
1034 4205 1143 4242 non
1180 4203 1349 4258 parua
1384 4187 1441 4241 in
1480 4204 1536 4241 re
1683 4189 1716 4240 5
1755 4185 2136 4241 delectationis
2170 4187 2228 4242 P
2261 4185 2628 4241 delectatione
2663 4196 2692 4234 8

392 4278 425 4330 6
462 4276 645 4346 huius]
686 4276 1001 4332 huiusmodi
1047 4277 1157 4332 VU
1191 4277 1312 4331 edd.
1498 4276 1560 4329 11
1601 4275 1954 4346 proponenda
1999 4275 2051 4329 V
2227 4275 2296 4330 22
2333 4275 2595 4346 loquente
2633 4291 2690 4328 se

390 4365 548 4420 uobis
583 4366 640 4419 P
773 4366 1087 4438 apparuerit
1126 4362 1241 4420 Ζεῦ·
1279 4365 1363 4436 (in
1398 4379 1571 4434 mary.
1615 4366 1758 4420 coni.
1798 4364 2089 4435 aperuerit)
