3184 4959
532 419 659 485 716
1243 413 1296 468 S.
1354 414 1631 468 Aureli
1689 413 2122 482 Augustini

531 629 864 695 corporeae
913 608 1352 675 similitudinis
1401 608 1767 687 occurrerit,
1824 608 2049 686 abnue,
2105 626 2287 693 nega,
2335 627 2584 691 respue,
2634 607 2841 684 abice,

530 720 711 803 fuge;
769 736 893 781 non
941 716 1107 781 enim
1162 733 1360 799 parua
1404 714 1726 779 inchoatio
1774 718 1875 780 est
1921 714 2326 799 cogitationis
2376 714 2496 793 dei,
2554 714 2609 779 si
2666 716 2840 791 ante,

531 844 720 909 quam
773 825 1100 907 possimus
1155 840 1365 900 nosse,
1425 820 1578 903 quid
1638 820 1743 897 sit,
1798 820 2175 903 incipiamus
2231 820 2359 885 iam
2412 838 2620 895 nosse,
2679 819 2843 903 quid

530 951 652 996 non
703 931 808 997 sit.
863 931 1261 995 intellectum
1309 947 1461 993 uero
1509 928 1699 993 ualde
1746 948 1907 1005 ama,
1956 927 2107 1010 quia
2152 930 2217 992 et
2262 927 2437 1010 ipsae
2485 927 2841 1010 scripturae

531 1040 806 1113 sanctae,
864 1055 1026 1119 quae
1090 1054 1465 1119 magnarum
1519 1054 1732 1099 rerum
1790 1038 1933 1099 ante
1996 1033 2499 1119 intellegentiam
2564 1033 2845 1099 suadent
2912 1061 2937 1097 ε.

528 1143 740 1222 fidem,
798 1143 922 1209 nisi
969 1162 1076 1208 eas
1122 1144 1290 1208 recte
1345 1141 1707 1226 intellegas,
1764 1141 1957 1206 utiles
2004 1140 2125 1205 tibi
2174 1160 2315 1206 esse
2362 1160 2485 1206 non
2540 1145 2839 1223 possunt.

531 1269 750 1315 omnes
799 1250 962 1315 enim
1020 1249 1343 1327 haeretici,
1393 1250 1503 1332 qui
1551 1267 1658 1313 eas
1714 1248 1778 1312 in
1834 1248 2213 1313 auctoritate
2268 1246 2600 1331 recipiunt,
2656 1247 2839 1330 ipsas

532 1358 656 1421 sibi
711 1357 1009 1422 uidentur
1067 1356 1317 1434 sectari,
1380 1374 1525 1420 cum
1584 1374 1735 1420 suos
1792 1354 2009 1437 potius
2065 1356 2386 1419 sectentur
2442 1372 2703 1435 erroreS,
2760 1372 2840 1419 ac

529 1482 642 1546 per
687 1465 830 1542 hoc,
877 1484 997 1529 non
1039 1463 1207 1545 quod
1258 1482 1362 1529 eas
1411 1465 1839 1538 contemnant,
1888 1461 2002 1527 sed
2050 1461 2219 1544 quod
2264 1481 2371 1527 eas
2418 1481 2538 1526 non
2586 1462 2839 1526 intelle·

531 1575 704 1655 gant,
752 1570 1053 1635 haeretici
1101 1572 1270 1635 sunt.
2883 1600 2937 1637 ιο

429 1676 510 1739 14
619 1676 715 1741 Τ11
771 1680 1006 1755 autem,
1067 1677 1414 1756 carissime,
1472 1696 1580 1742 ora
1636 1677 1882 1741 fortiter
1936 1679 1999 1741 et
2060 1676 2351 1753 fideliter,
2416 1680 2492 1740 ut
2547 1675 2658 1741 det
2712 1674 2839 1739 tibi

532 1783 824 1849 dominus
880 1784 1280 1849 intellectum
1327 1784 1410 1848 'ac
1465 1784 1559 1849 sic
1616 1802 1709 1859 ea,
1766 1802 1927 1865 quae
1982 1768 2329 1849 forinsecus
2386 1782 2647 1847 adhibet
2694 1781 2839 1846 dili-

532 1891 746 1974 gentia
791 1890 1215 1974 praeceptoris
1263 1890 1404 1955 siue
1453 1890 1755 1968 doctoris,
1802 1889 2051 1971 possint
2096 1908 2237 1955 esse
2282 1890 2629 1967 fructuosa,
2678 1908 2838 1971 quo-

530 1998 721 2075 niam,
799 2017 1057 2080 neque
1123 1996 1260 2079 qui
1333 1998 1684 2081 plantat,
1760 1999 1887 2062 est
1960 1994 2296 2078 aliquid,
2372 2014 2627 2078 neque
2694 1996 2835 2077 qui

531 2104 773 2189 rigat,
843 2104 981 2171 sed
1046 2106 1178 2187 qui
1245 2104 1839 2169 incrementum
1897 2103 2031 2168 dat
2084 2102 2299 2181 deuS,
2366 2101 2471 2167 cui
2526 2101 2833 2167 dicimus:
2876 2133 2929 2170 ιε

530 2212 778 2277 Pater
833 2216 1133 2290 noster,
1181 2211 1316 2293 qui
1365 2230 1444 2276 es
1501 2210 1576 2274 in
1628 2210 1909 2285 cache,
1964 2228 2085 2274 non
2134 2209 2284 2291 quia
2326 2208 2414 2274 1111
2464 2213 2563 2274 est
2608 2211 2673 2273 et
2725 2208 2837 2273 hic

531 2340 652 2383 non
692 2322 809 2397 est,
860 2319 966 2402 qui
1013 2318 1368 2401 praesentia
1413 2318 1785 2399 incorporea
1828 2315 2064 2398 ubique
2110 2319 2287 2380 totus
2334 2318 2456 2393 est,
2505 2315 2617 2380 sed
2662 2316 2835 2399 quod

527 2426 592 2489 in
641 2425 732 2490 eis
779 2425 1064 2490 habitare
1114 2425 1364 2503 dicitur,
1414 2443 1684 2506 quorum
1732 2422 1957 2505 pietati
1994 2422 2195 2501 adest,
2234 2425 2301 2487 et
2334 2421 2402 2486 hi
2436 2423 2707 2487 maxime
2750 2422 2831 2485 in

530 2532 769 2597 caelis
809 2535 978 2611 sunt,
1017 2532 1130 2597 ubi
1158 2534 1223 2595 et
1259 2534 1518 2597 nostra
1557 2534 1679 2595 est
1724 2529 2233 2607 conuersatio,
2274 2530 2330 2595 si
2367 2548 2483 2594 nos
2520 2529 2837 2594 ueraciter

531 2656 602 2702 os
650 2641 938 2702 nostrum
987 2634 1242 2703 sursum
1285 2656 1391 2703 cor
1435 2637 1665 2702 habere
1712 2636 2109 2718 respondeat.
2156 2656 2302 2701 nam
2340 2636 2463 2701 etsi
2500 2635 2837 2700 carnaliter
2868 2670 2925 2709 m

529 2744 983 2828 acciperemus,
1034 2744 1204 2827 quod
1252 2745 1562 2827 scriptum
1602 2746 1729 2809 est:
1780 2742 2108 2809 Caelum
2156 2744 2351 2809 mihi
2398 2743 2633 2808 sedes
2682 2746 2831 2820 est,

529 2854 750 2915 terra
797 2854 1064 2915 autem
1111 2851 1566 2917 scabellum
1614 2850 1899 2933 pedum
1948 2870 2319 2927 meorum,
2370 2853 2436 2914 et
2478 2848 2567 2914 ibi
2614 2852 2679 2913 et
2725 2848 2831 2913 hic.

529 2976 676 3021 eum
723 2976 864 3022 esse
914 2956 1161 3023 credere
1209 2957 1535 3033 debemus,
1586 2957 1882 3039 quamuis
1938 2976 2059 3023 non
2106 2960 2316 3021 totum
2368 2956 2479 3034 ibi,
2528 2955 2675 3039 quia
2722 2955 2831 3019 hic

529 3066 746 3128 essent
781 3063 996 3145 1181183,
1035 3082 1152 3128 nec
1187 3067 1398 3128 totum
1435 3064 1561 3142 hic,
1604 3063 1751 3144 quia
1785 3063 1878 3128 ibi
1907 3065 2123 3129 essent
2159 3062 2517 3145 superiores
2548 3061 2829 3144 corporis

527 3172 762 3251 parteS.
809 3188 999 3250 quam
1047 3170 1499 3253 cogitationem
1549 3170 1862 3233 carnalem
1908 3188 2161 3234 rursum
2208 3169 2391 3234 nobis
2438 3168 2593 3234 illud
2642 3185 2829 3231 excu·
2864 3201 2915 3239 25

707 3396 738 3447 5
775 3394 866 3447 Es.
907 3395 956 3456 7,
995 3394 1028 3449 9
1067 3411 1171 3447 sec.
1213 3394 1474 3463 Septuag.
1681 3394 1743 3446 11
1785 3394 1874 3449 ΡΒ.
1919 3393 2001 3457 15,
2040 3392 2100 3459 73
2140 3394 2227 3459 31,
2264 3393 2328 3455 8;
2369 3392 2487 3455 118,
2526 3392 2596 3446 34
2633 3392 2729 3457 al.;
2766 3392 2825 3446 11

527 3484 662 3537 Tim.
702 3485 752 3547 2,
793 3484 824 3536 7
1037 3484 1102 3536 14
1139 3482 1166 3535 Ι
1205 3482 1324 3537 Cor.
1363 3484 1414 3549 3,
1455 3484 1484 3535 7
1698 3484 1762 3535 16
1800 3481 1997 3535 Matth.
2036 3483 2087 3546 6,
2126 3483 2160 3535 9
2380 3482 2445 3535 18
2482 3480 2624 3535 Phil.
2661 3482 2714 3544 3,
2752 3482 2825 3536 20

527 3572 591 3625 21
633 3570 722 3625 Es.
761 3570 847 3635 66,
888 3571 913 3624 1

602 3695 625 3748 1
671 3694 867 3763 abnue]
909 3695 1069 3765 abige
1109 3695 1285 3749 abnue
1315 3695 1434 3751 edd.
1509 3696 1541 3747 2
1572 3698 1659 3749 est
1684 3695 1960 3749 inchoatio
1998 3694 2118 3749 edd.
2230 3695 2557 3765 cognitionis
2590 3694 2804 3750 OPTY
2812 3698 2823 3729 ¹

527 3782 647 3837 cdd.
795 3785 862 3854 si]
905 3802 954 3839 s*
991 3785 1041 3839 T
1174 3785 1209 3837 4
1245 3784 1578 3838 intellectam
1625 3783 1856 3838 ΟΡΤΤ1
1994 3784 2056 3837 11
2098 3785 2371 3837 carissime
2408 3782 2577 3838 frater
2612 3801 2708 3838 ora
2752 3784 2821 3837 T¹

531 3872 596 3926 12
635 3873 698 3936 si,
737 3890 874 3928 corr.
911 3880 1032 3931 m.1
1067 3875 1147 3928 sic
1191 3874 1262 3927 Τι
1427 3876 1492 3929 15
1529 3872 1627 3927 sed
1667 3880 1701 3943 q
1740 3878 1830 3939 (=
1871 3875 2028 3941 quae)
2065 3873 2455 3927 incrementum
2494 3874 2571 3939 (in
2608 3873 2671 3927 in
2706 3890 2823 3927 rae.

525 3978 595 4018 m.
631 3967 696 4015 ut
729 3961 846 4017 uid.
884 3968 938 4027 1)
974 3963 1032 4015 Β
1143 3963 1207 4017 17
1248 3964 1342 4031 (1111
1377 3963 1440 4016 in
1477 3978 1590 4016 rac.
1634 3962 1843 4029 (m.1?)
1882 3961 1936 4013 B
1975 3961 2100 4029 quia
2135 3960 2203 4014 Τι
2352 3965 2436 4015 est
2472 3966 2623 4015 totus
2664 3962 2830 4017 OPT

526 4050 648 4105 edd.
812 4050 939 4119 quia
983 4050 1214 4105 ΟΡΤΤι
1253 4050 1374 4103 edd.
1523 4051 1587 4104 18
1628 4049 1933 4103 inhabitare
1970 4047 2016 4102 Ο
2177 4048 2257 4101 1111
2295 4048 2403 4104 BO
2549 4051 2615 4103 19
2654 4052 2827 4105 etiam

531 4138 762 4193 ΟΡΤΤι
798 4138 919 4193 edd.
1067 4140 1406 4193 conuersatio
1447 4142 1532 4193 est
1563 4139 1724 4194 OPT
1754 4137 1875 4192 edd.
2020 4154 2080 4190 os
2116 4140 2363 4191 nostrum
2400 4139 2672 4193 ueraciter
2698 4140 2827 4195 edd.

525 4229 592 4281 21
633 4230 996 4298 acceperimus
1041 4226 1270 4281 OPTT¹
1313 4228 1433 4281 edd.
1581 4229 1652 4281 24
1688 4230 1893 4280 totum*
1918 4225 2007 4279 hic
2045 4226 2101 4279 B
2244 4228 2312 4283 25
2348 4226 2487 4282 illud
2522 4228 2681 4282 nobis
2726 4229 2831 4283 ΟΡ

524 4315 645 4371 edd.
795 4321 1038 4371 excutere
1083 4316 1240 4371 OPT
1273 4316 1391 4371 cdd.
1434 4319 1681 4370 excutere
1720 4314 1941 4369 deberet
1985 4313 2054 4367 Τ1
