3184 4959
1176 451 1710 520 epistularum
1767 449 1886 506 CII.
2539 453 2669 516 565

372 650 599 731 putent
662 665 787 712 non
852 665 992 712 esse
1059 645 1440 711 eredendum
1507 645 1581 710 de
1649 645 1961 729 supplicio
2029 644 2432 726 sempiterne,
2499 643 2670 728 quod

373 753 653 818 minatus
718 755 819 818 est
874 752 1189 831 Christus,
1256 753 1406 835 quia
1470 751 1642 818 idem
1700 752 1883 817 dixit:
1940 751 2024 816 In
2083 770 2234 834 qua
2298 769 2670 815 mensura

371 861 629 925 mensi
674 859 1034 937 fueritis,
1082 858 1569 923 remetietur
1614 857 1874 923 uobis.

195 965 275 1026 24
460 967 531 1034 Si
568 967 737 1032 enim
776 966 1065 1031 dixisset:
1112 963 1318 1044 ‘Quod
1352 965 1559 1029 mensi
1605 963 1877 1040 fueritin,
1924 965 2046 1030 hoc
2091 964 2394 1030 metietur
2435 963 2666 1043 uobis’,

308 1093 334 1135 ο
374 1075 563 1138 etiam
622 1073 714 1138 sic
761 1091 883 1137 non
933 1061 1185 1138 om'nino
1235 1071 1312 1136 ad
1359 1071 1620 1136 eandem
1667 1091 1802 1135 rem
1850 1091 1922 1136 ex
1971 1071 2141 1135 omni
2183 1073 2361 1154 parte
2406 1089 2670 1136 necesse

371 1183 543 1244 esset
595 1179 827 1244 referre
884 1178 1283 1242 sententiam.
1341 1197 1689 1260 possumus
1739 1177 1905 1242 enim
1963 1181 2133 1242 recte
2179 1177 2416 1242 dicere:
2463 1175 2668 1258 ‘Quod

368 1285 775 1370 plantaueris‚
824 1285 945 1350 hoc
992 1283 1329 1368 decerpes'‚
1385 1284 1680 1368 quamuis
1727 1304 1912 1350 nemo
1959 1285 2205 1369 plantet
2247 1303 2508 1368 pomum
2557 1285 2670 1350 sed

367 1393 634 1476 lignum,
704 1390 999 1474 decerpat
1070 1393 1286 1456 autem
1361 1410 1621 1475 pomum
1687 1391 1892 1476 magis
1959 1409 2148 1473 quam
2211 1391 2488 1477 lignum;
2555 1390 2669 1455 sed

366 1498 528 1564 illud
577 1498 849 1563 dicimus
882 1487 1249 1562 'secundum
1296 1496 1535 1562 arboris
1594 1516 1817 1582 genus,
1873 1498 2022 1580 quia
2075 1517 2200 1564 non
2256 1497 2446 1563 ficum
2493 1498 2667 1581 plan-

278 1618 330 1658 10
368 1609 484 1681 tat,
558 1605 727 1669 unde
799 1623 1025 1670 nucem
1092 1603 1406 1687 decerpat.
1480 1604 1571 1668 ita
1639 1605 1764 1670 dici
1837 1608 2084 1689 posset:
2150 1603 2358 1684 ‘Quod
2419 1605 2666 1684 feceriS,

366 1711 672 1796 patieris?
734 1731 855 1777 non
910 1713 1005 1788 ut,
1072 1711 1129 1776 si
1184 1715 1475 1794 stuprum
1531 1711 1774 1791 fecerit,
1842 1715 2131 1795 stuprum
2189 1712 2489 1794 patiatur,
2553 1711 2667 1777 sed

369 1816 543 1903 quod
597 1821 859 1902 peccato
915 1816 1043 1882 isto
1100 1817 1253 1883 fecit
1306 1819 1455 1904 legi,
1520 1817 1643 1883 hoc
1700 1818 1758 1883 ei
1811 1819 1912 1884 lex
1964 1819 2177 1896 faciat,
2239 1817 2309 1883 id
2364 1822 2463 1884 est
2518 1819 2668 1900 quia

366 1925 575 2009 legem
638 1924 795 1988 talia
857 1924 1295 2008 prohibentem
1355 1925 1431 1989 de
1496 1944 1614 1989 sua
1679 1924 1814 1990 uita
1869 1924 2155 2000 abstulit,
2224 1925 2468 1991 auferat
2519 1944 2661 1989 eum

376 2032 565 2096 etiam
604 2031 744 2116 ipsa
783 2033 883 2096 lex
920 2031 995 2096 de
1044 2031 1373 2096 hominum
1412 2031 1565 2110 uita,
1617 2049 1806 2114 quam
1842 2033 2028 2116 regit.
2075 2032 2233 2096 item
2271 2031 2328 2096 si
2375 2029 2664 2096 dixisset:

275 2151 327 2193 1⁶
370 2136 713 2218 ‘Quantum
787 2138 995 2202 mensi
1067 2138 1339 2217 fueritis,
1414 2141 1662 2203 tantum
1725 2139 2029 2204 metietur
2089 2139 2318 2216 uobis’,
2392 2156 2508 2203 nec
2572 2138 2666 2202 sic

360 2249 535 2309 esset
599 2263 1013 2327 consequen8‚
1093 2247 1166 2309 ut
1232 2244 1403 2310 omni
1466 2245 1654 2311 modo
1722 2246 2019 2328 aequales
2086 2247 2364 2331 peccatis
2429 2263 2664 2328 poenas

359 2349 741 2437 intellegere
788 2351 1187 2426 deberemus3
1238 2369 1439 2432 neque
1488 2351 1653 2414 enim
1703 2351 1996 2434 aequalia
2041 2355 2193 2415 sunt
2236 2351 2416 2416 uerbi
2463 2351 2666 2434 gratia

357 2459 647 2524 triticum
694 2461 761 2524 et
804 2458 1107 2524 hordeum
1158 2461 1223 2522 et
1266 2458 1548 2540 profecto
1601 2458 1725 2523 dici
1771 2462 2020 2542 posset:
2069 2456 2410 2537 ‘Quantum
2457 2457 2660 2522 mensi

356 2564 627 2642 fueritiS‚
701 2566 951 2629 tantum
1029 2565 1334 2629 metietur
1408 2565 1639 2642 uobis’‚
1712 2566 1834 2630 hoc
1909 2567 2008 2628 est
2081 2567 2386 2646 quantum
2461 2563 2658 2628 tritici

268 2683 321 2722 2⁰
357 2673 603 2735 tantum
653 2671 894 2737 hordei.
942 2671 1109 2753 quod
1158 2671 1215 2735 si
1263 2671 1338 2736 de
1387 2670 1710 2736 doloribus
1760 2675 2052 2755 ageretur
2089 2673 2280 2754 atque
2319 2671 2658 2736 diceretur:

360 2775 703 2856 ‘Quantum
762 2777 1041 2842 dolorem
1107 2777 1525 2862 ingesseritis,
1590 2780 1808 2843 tantus
1863 2777 2184 2861 ingeretur
2235 2777 2464 2856 uobis’,
2521 2775 2658 2840 fieri

355 2886 599 2967 posset,
663 2888 739 2949 ut
801 2888 1020 2950 tantus
1087 2884 1266 2949 dolor
1332 2887 1504 2948 esset
1568 2884 1862 2966 quamuis
1932 2886 2217 2966 tempore
2283 2883 2655 2960 diuturnior,

356 2993 477 3058 hoc
544 2995 644 3056 est
716 3009 895 3056 mora
965 2990 1186 3069 maior,
1261 2991 1329 3055 ui
1402 3009 1533 3074 par.
1610 3009 1816 3072 neque
1883 2991 2070 3066 enim,
2146 2989 2204 3055 si
2268 2989 2344 3054 de
2409 2988 2654 3053 duabus

354 3097 633 3162 lucernis
692 3096 1013 3162 dicamus:
1071 3097 1365 3163 ‘Tantum
1428 3099 1597 3183 ignis
1661 3098 1786 3164 iste
1844 3097 2059 3172 caluit,
2129 3101 2436 3180 quantum
2501 3096 2653 3174 ille’‚

266 3217 321 3257 2⁶
357 3203 497 3269 ideo
562 3203 796 3269 falsum
854 3205 995 3282 erit,
1062 3205 1209 3288 quia
1275 3225 1400 3270 una
1454 3224 1672 3270 earum
1736 3205 1898 3270 forte
1956 3204 2145 3269 citius
2204 3205 2480 3268 extincta
2536 3207 2652 3269 est.

433 3466 456 3519 l
499 3464 663 3535 quod]
705 3483 842 3535 quae
870 3467 930 3520 Ε
997 3467 1029 3521 3
1069 3465 1674 3521 remetietur—fueritis
1713 3483 1817 3522 om.
1855 3465 2040 3520 ΗΜΛ
2152 3465 2476 3531 remitietur‚
2512 3481 2650 3518 corr.

356 3553 673 3607 remetietur
697 3554 754 3607 P
822 3557 854 3609 5
884 3561 971 3608 re»
1002 3559 1140 3619 (non
1165 3555 1282 3622 fuit
1306 3560 1383 3622 m)
1412 3555 1467 3608 P
1569 3571 1792 3608 necesse
1823 3555 1988 3623 esset]
2020 3571 2126 3608 non
2169 3557 2313 3609 esset
2347 3569 2568 3607 necesse
2597 3554 2657 3606 E

355 3641 389 3694 8
427 3641 669 3712 decerpit
705 3642 815 3698 PG
957 3645 1134 3713 magis
1172 3661 1390 3714 pomum
1434 3643 1487 3698 6⁴
1647 3645 1680 3698 9
1718 3642 1878 3712 illud]
1921 3641 2070 3697 aliud
2106 3642 2175 3696 H
2322 3642 2566 3696 arborem
2610 3641 2657 3696 G

360 3731 427 3786 10
464 3731 559 3784 nui
600 3734 701 3799 est,
736 3749 804 3786 m.
826 3737 856 3785 1
892 3749 1029 3790 corr.
1069 3749 1262 3787 nucem
1307 3734 1353 3786 O
1492 3736 1676 3804 potest
1711 3733 1772 3788 E
1923 3733 1984 3786 11
2027 3735 2090 3786 ut
2125 3749 2234 3786 non
2273 3731 2460 3786 ΗΜΛ
2606 3732 2652 3784 si

358 3827 605 3890 stuprum
645 3819 837 3876 fecerit
875 3837 977 3876 om.
1017 3823 1078 3875 Ε
1245 3823 1437 3876 feceris
1481 3823 1670 3876 ΗΜΛ
1817 3823 2070 3893 patiatur,
2125 3839 2192 3875 m.
2226 3825 2266 3876 2
2317 3821 2544 3891 patiaris
2581 3821 2658 3874 Μ

358 3909 425 3964 12
465 3909 610 3977 quod
646 3925 765 3974 om„
806 3927 874 3966 m.
897 3914 935 3964 2
974 3911 1105 3966 add.
1143 3911 1218 3964 M
1358 3911 1462 3965 feci
1500 3913 1553 3966 A
1695 3911 1782 3966 lex
1823 3912 1870 3965 ei
1909 3913 1969 3966 E
2102 3913 2167 3965 13
2204 3911 2342 3980 uita]
2383 3911 2556 3964 nitate
2594 3911 2656 3964 E

360 3999 425 4052 14
465 3997 531 4052 de
566 3997 843 4053 hominum
882 3999 1053 4054 uitam
1092 3999 1159 4054 H
1191 4000 1255 4054 de
1294 4017 1499 4055 morum
1539 4003 1658 4054 uita
1695 4001 1756 4054 Ε
1939 4000 2084 4070 gerit
2120 3999 2180 4053 E
2369 4001 2416 4053 si
2454 4015 2556 4054 om.
2595 3999 2646 4050 Λ

358 4088 423 4141 15
460 4088 776 4142 remetietur
813 4087 931 4141 edd.
1046 4089 1112 4144 16
1150 4105 1267 4142 esse
1301 4089 1349 4144 0
1486 4089 1678 4160 poenis
1705 4089 1894 4142 ΗΜΛ
1994 4089 2060 4142 18
2097 4091 2282 4159 potest
2313 4087 2370 4140 E
2470 4089 2536 4142 19
2562 4104 2647 4140 re·

354 4177 611 4230 metietur
647 4177 765 4230 edd.
878 4177 949 4231 20
988 4176 1053 4230 de
1092 4193 1216 4244 om.,
1252 4181 1373 4231 m.1
1411 4179 1540 4232 add.
1579 4178 1655 4232 M
1797 4177 2006 4232 dicetur
2033 4178 2086 4231 Λ
2197 4179 2264 4232 21
2303 4175 2654 4246 ingeriturE

355 4267 423 4318 22
462 4265 677 4320 dolores
715 4265 809 4320 sed
849 4266 1097 4335 quamuis
1134 4266 1202 4320 H
1305 4268 1373 4322 23
1412 4267 1598 4332 maior,
1636 4284 1704 4321 m.
1728 4271 1768 4322 2
1804 4267 1996 4321 maiori
2040 4266 2092 4320 G
2212 4267 2296 4320 uis
2334 4283 2430 4338 par
2466 4266 2521 4319 Λ
2560 4265 2646 4319 uel

354 4370 452 4422 par
493 4353 591 4407 GP
625 4355 799 4424 impar
840 4354 893 4408 G
930 4357 1027 4408 aut
1063 4371 1161 4424 par
1198 4353 1259 4407 Ε
1397 4354 1463 4408 de
1503 4371 1604 4411 om.
1647 4355 1705 4408 Ε
