3184 4959
534 415 665 478 404
1252 415 1305 470 S.
1362 415 1641 471 Aureli
1699 417 2132 487 Augustini

532 609 839 676 Flauiano
892 611 1208 694 quondam
1258 613 1516 692 uicario‚
1562 615 1764 696 partis
1811 620 2060 680 uestrae
2099 617 2358 696 homini,
2397 617 2542 699 quia
2580 618 2838 702 legibus

534 725 817 792 seruiens
882 723 1202 796 nocentes,
1270 737 1430 800 quos
1494 718 1842 800 inuenerat,
1905 720 2254 790 occidebat.
2309 741 2432 788 non
2489 726 2838 789 communi-

534 832 773 899 castis?
839 827 973 894 ‘sed
1030 846 1067 891 a
1121 825 1348 902 uobis'‚
1421 825 1693 908 inquies,
1760 827 2044 892 ‘Romani
2118 829 2434 912 principes
2500 830 2834 896 aduersum

534 959 649 1005 nos
712 936 1177 1022 prouocantur’.
1254 933 1450 998 immo
1517 953 1553 997 a
1616 932 1800 998 uobis
1863 935 2204 1000 aduersum
2270 954 2388 1001 uos
2453 936 2651 1020 ipsos,
2727 939 2834 1020 qui

534 1046 891 1122 ecclesiam,
958 1041 1141 1106 cuius
1205 1040 1323 1117 illi,
1390 1040 1561 1106 sicut
1623 1044 1801 1106 tanto
1867 1045 2009 1106 ante
2073 1042 2468 1127 praedictum
2536 1048 2653 1120 est,
2709 1047 2833 1110 iam

534 1152 817 1218 membra
856 1151 1007 1214 sunt
1039 1185 1123 1194 --
1154 1147 1231 1212 de
1271 1145 1525 1213 Christo
1564 1147 1728 1212 enim
1779 1147 2019 1215 dictum
2071 1153 2198 1215 est:
2247 1151 2344 1214 Et
2389 1149 2837 1218 adorabunt

537 1280 701 1326 eum
770 1275 1040 1323 omnes
1102 1272 1335 1340 reges
1392 1259 1658 1320 terrae
1707 1291 1814 1332 -—‚
1865 1261 1930 1320 et
1981 1257 2373 1340 praecisione
2420 1259 2652 1323 laniare
2699 1259 2838 1324 ausi

536 1367 691 1433 estis
739 1369 803 1430 et
846 1361 1233 1445 rebaptizare
1279 1361 1688 1444 pertinaciter
1733 1362 2001 1427 audetis.
2039 1363 2240 1429 nostri
2277 1367 2492 1428 autem
2529 1364 2838 1432 aduersus

532 1473 811 1539 inlicitas
858 1475 923 1536 et
966 1469 1250 1553 priuatas
1296 1471 1656 1533 uestrorum
1703 1468 2068 1546 uiolentiae,
2109 1489 2266 1550 quas
2314 1474 2377 1535 et
2423 1489 2540 1538 uos
2579 1471 2690 1550 ibi,
2730 1471 2838 1553 qui

420 1563 431 1574 ⁶
532 1581 689 1646 talia
751 1597 875 1644 non
940 1576 1171 1652 facitis,
1229 1574 1459 1639 doletis
1516 1578 1583 1640 et
1635 1574 1914 1658 gemitis,
1963 1593 2000 1638 a
2043 1576 2472 1658 potestatibus
2535 1577 2838 1642 ordinatis

530 1688 873 1754 tuitionem
945 1685 1192 1766 petunt,
1272 1701 1395 1747 non
1474 1700 1600 1762 qua
1669 1699 1790 1746 uos
1862 1687 2344 1766 persequantur,
2406 1683 2520 1749 sed
2585 1705 2710 1768 qua
2769 1703 2838 1748 se

532 1793 893 1870 defendant,
960 1791 1131 1855 sicut
1194 1790 1523 1872 apostolus
1590 1788 1832 1853 Paulus
1907 1789 2214 1856 aduersus
2279 1789 2550 1858 Iudaeos
2625 1791 2838 1856 coniu-

532 1904 766 1976 rantes‚
812 1901 887 1963 ut
932 1916 1075 1962 eum
1126 1897 1439 1970 necarent,
1498 1899 1836 1978 antequam
1885 1900 2058 1962 esset
2099 1897 2450 1962 Romanurn
2497 1897 2838 1980 imperium

530 2007 989 2079 Christianum,
1056 2003 1207 2087 egit,
1273 2005 1349 2068 ut
1412 2002 1535 2067 sibi
1603 2003 1790 2068 tuitio
1855 2005 2046 2068 etiam
2114 2009 2496 2071 armatorum
2566 2005 2836 2070 daretur.

528 2113 649 2178 sed
740 2112 837 2177 illi
919 2111 1233 2194 principes
1318 2110 1608 2194 qualibet
1687 2111 2014 2177 occasione
2099 2119 2555 2196 cognoscentes
2635 2111 2836 2178 uestri

531 2218 901 2285 schismatis
966 2219 1141 2282 nefas
1210 2217 1611 2282 constituunt
1666 2217 1972 2283 aduersus
2031 2237 2148 2283 uos
2203 2238 2316 2302 pro
2363 2237 2482 2284 sua
2527 2218 2839 2285 sollicitu-

536 2327 681 2392 dine
748 2346 819 2391 ac
882 2327 1221 2409 potestate,
1289 2324 1457 2406 quod
1523 2325 1770 2389 uolunt.
1838 2343 1958 2390 non
2027 2326 2192 2390 enim
2254 2327 2490 2390 frustra
2553 2326 2836 2410 gladium

534 2437 817 2516 portant;
870 2431 971 2497 dei
1019 2432 1187 2496 enim
1233 2431 1511 2496 ministri
1558 2434 1728 2505 sunt,
1779 2430 2068 2496 uindices
2114 2432 2176 2496 in
2223 2432 2382 2496 iram
2427 2433 2491 2496 in
2539 2451 2671 2511 eos,
2728 2434 2836 2516 qui

542 2543 705 2604 male
752 2543 969 2624 agunt.
1020 2541 1338 2622 postremo
1390 2539 1579 2602 etiam
1629 2539 1685 2602 si
1741 2538 1937 2621 aliqui
1989 2543 2352 2604 nostrorum
2405 2557 2528 2604 non
2578 2539 2840 2605 Christi-

538 2665 659 2711 ana
704 2646 1129 2713 moderatione
1176 2646 1303 2709 ieta
1348 2645 1607 2719 faciunt,
1656 2644 1954 2728 displicet
1997 2645 2212 2721 nobis;
2281 2645 2393 2712 sed
2446 2649 2656 2710 tamen
2715 2665 2834 2710 non

537 2757 793 2836 propter
856 2771 964 2818 eos
1026 2752 1447 2833 relinquimus
1513 2751 1892 2818 catholicam
1959 2752 2315 2828 ecclesiam,
2379 2751 2437 2818 si
2499 2771 2640 2816 eam
2695 2757 2837 2817 ante

531 2860 835 2925 ultimum
901 2862 1157 2942 tempus
1221 2857 1658 2924 uentilationis
1723 2859 1906 2942 palea
1965 2877 2234 2943 purgare
2295 2877 2416 2924 non
2473 2876 2837 2941 possumus,

533 2967 785 3049 quando
844 2971 908 3032 et
961 2985 1080 3032 uos
1136 2969 1391 3049 propter
1438 2965 1767 3050 Opta-tum,
1817 2984 1959 3031 cum
2011 2985 2157 3030 eum
2201 2965 2434 3048 pellere
2479 2983 2602 3030 non
2649 2965 2838 3030 aude-

538 3075 725 3152 batis,
774 3077 1013 3156 partem
1062 3074 1297 3139 Donati
1342 3093 1467 3140 non
1512 3073 1882 3155 reliquisti&

626 3182 731 3246 ‘At
767 3181 929 3246 enim
961 3199 1155 3263 quare
1191 3198 1307 3245 nos
1345 3179 1608 3264 adiungi
1639 3179 1826 3245 uobis
1865 3180 2087 3258 unitio,
2119 3181 2176 3244 si
2215 3179 2506 3246 scelerati
2543 3185 2836 3246 sumus?’

538 3289 687 3369 quia
731 3287 959 3351 uiuitis
1008 3288 1213 3350 adhuc
1272 3290 1336 3352 et
1390 3287 1626 3370 corrigi
1680 3286 1972 3370 potestis,
2031 3288 2088 3350 si
2151 3285 2392 3354 uelitis,
2459 3306 2604 3352 cum
2671 3288 2834 3352 enim

716 3497 747 3547 6
784 3495 873 3550 ΡΒ.
917 3496 1001 3556 71,
1044 3497 1103 3549 11
1294 3495 1359 3550 12
1397 3493 1517 3548 Act.
1558 3495 1646 3561 23,
1691 3494 1902 3548 12—24
2087 3495 2295 3550 17—19
2335 3495 2400 3550 cs.
2443 3513 2491 3564 p.
2529 3495 2654 3560 403,
2694 3496 2834 3550 3-5

536 3585 600 3638 21
642 3583 841 3638 Matth.
881 3583 931 3648 3,
973 3584 1038 3638 12

608 3711 641 3764 5
677 3707 862 3762 illicm-
940 3708 1001 3762 11
1036 3708 1133 3763 sed
1163 3709 1289 3779 quia
1326 3709 1367 3779 (i
1406 3714 1547 3776 exp.)
1579 3707 1642 3761 F
1710 3709 1777 3762 12
1816 3707 2068 3779 Iudaeos]
2103 3725 2194 3762 eos
2225 3707 2278 3762 P
2353 3709 2419 3762 14
2457 3709 2622 3763 etiam
2651 3725 2753 3764 om.
2779 3709 2832 3762 R

538 3799 605 3851 15
644 3797 838 3851 uestris
878 3801 1072 3866 (postr.
1112 3799 1145 3852 l.
1186 3813 1306 3866 exp.
1344 3815 1413 3852 m.
1437 3800 1495 3862 2)
1536 3797 1606 3849 Μ
1717 3799 1782 3851 16
1823 3813 1932 3856 eos.
1971 3801 2102 3852 m.2
2137 3814 2236 3852 uos
2277 3797 2330 3852 R.
2465 3803 2596 3866 post
2631 3798 2833 3852 sollici-

536 3885 725 3939 tudine
762 3903 937 3954 cupra
972 3903 1029 3943 u.
1066 3903 1135 3940 ne
1174 3885 1309 3944 aad.
1346 3903 1417 3940 m.
1438 3891 1483 3948 1,
1524 3887 1626 3940 del.
1667 3890 1798 3940 m.2
1832 3885 1888 3941 R
2019 3887 2082 3941 17
2121 3903 2172 3946 a,
2209 3903 2276 3940 m.
2299 3890 2340 3940 2
2377 3901 2440 3940 ac
2477 3886 2546 3939 M
2689 3887 2828 3956 quod

538 3975 595 4039 (d
630 3977 694 4028 in
730 3989 843 4028 ras.
883 3981 935 4029 et
968 3975 1203 4042 incerta)
1241 3975 1315 4028 M
1470 3974 1536 4029 18
1574 3976 1716 4028 enim
1755 3991 1857 4030 om.
1897 3977 1952 4029 P
2095 3977 2159 4029 19
2199 3975 2497 4029 christiana
2533 3979 2633 4038 (ω
2669 3991 2834 4044 super

526 4069 672 4132 post.
711 4081 742 4116 a
782 4067 944 4129 aas.)
982 4063 1037 4118 R
1136 4065 1206 4118 20
1246 4064 1367 4130 iste,
1406 4079 1545 4120 corr.
1582 4079 1652 4116 m.
1677 4067 1706 4115 1
1744 4063 1853 4117 ista
1879 4062 1955 4116 M
2057 4081 2164 4118 non
2199 4067 2423 4134 propter
2459 4063 2557 4126 bis,
2598 4064 2830 4118 alterum

536 4151 639 4206 del.
676 4151 750 4205 M
890 4153 959 4205 22
996 4151 1271 4222 ultimum]
1324 4151 1599 4205 ultionum
1635 4154 1690 4206 A
1898 4169 1931 4205 a
1965 4152 2125 4222 palea
2161 4153 2216 4205 P
2220 4152 2267 4219 s
2279 4153 2417 4205 lrm
2561 4153 2632 4206 24
2668 4151 2826 4206 relin-

538 4241 733 4309 quistis
770 4239 893 4293 MA
1039 4241 1109 4294 25
1147 4239 1215 4294 ad
1258 4241 1326 4292 M
1466 4241 1606 4294 enim
1647 4241 1829 4294 dicitis
1869 4257 2032 4310 quare
2069 4241 2252 4308 firm
2419 4257 2584 4310 quare
2621 4257 2722 4294 om.
2763 4241 2836 4294 M

536 4329 603 4382 26
644 4329 840 4398 corrigi
880 4344 981 4382 om.
1022 4329 1175 4384 codd.

2875 1601 2927 1644 1⁰

2875 2135 2926 2176 15

2873 3202 2926 3241 25
