3184 4959
601 447 730 512 660
1313 443 1366 496 S.
1426 443 1699 497 Aureli
1754 441 2191 513 Augustini

599 639 930 716 ecclesiae,
980 637 1084 702 cui
1142 637 1375 716 seruio,
1433 637 1743 702 tuendum
1793 637 2349 720 adiuuandumque
2398 637 2739 716 commisit,
2800 638 2913 703 do-

599 745 768 810 mine
808 744 1223 810 dilectissime
1263 747 1328 808 et
1369 745 1751 808 uenerabilis
1797 743 1932 810 fili?
1978 763 2133 829 rogo
2182 744 2401 825 itaque
2448 745 2913 829 benignitatem

599 855 799 930 tuam,
869 851 1164 935 quoniam
1229 849 1486 916 difficile
1543 853 1608 916 et
1670 850 2039 916 incredibile
2097 854 2215 928 est,
2280 853 2358 916 ut
2418 870 2543 916 non
2607 852 2735 916 iam
2800 851 2915 916 uel

601 958 854 1024 noueris
931 957 1040 1022 uel
1101 976 1291 1022 nosse
1357 957 1588 1039 possiS,
1663 957 1729 1022 in
1796 977 1921 1040 qua
1986 976 2179 1022 causa
2242 958 2541 1024 detentus
2607 959 2714 1036 sit,
2786 958 2914 1023 hoc

601 1064 856 1129 interim
913 1063 1084 1146 apud
1139 1064 1582 1147 apparitorem,
1642 1063 1750 1146 qui
1808 1083 1954 1128 eum
2011 1066 2205 1142 tenet,
2272 1063 2645 1145 petitionem
2698 1083 2915 1130 meam
2978 1089 3002 1126 s

603 1172 902 1236 adiuuare
956 1171 1236 1254 digneris
1293 1173 1369 1234 ut
1412 1170 1627 1247 faciat,
1668 1170 1839 1254 quod
1876 1152 2273 1251 imperatoris
2310 1170 2456 1254 lege
2502 1171 2915 1254 praecipitur,

601 1281 677 1343 ut
707 1297 854 1344 eum
885 1277 1054 1360 apud
1092 1280 1236 1342 acta
1260 1276 1675 1359 municipalia
1701 1277 2073 1361 interrogari
2102 1277 2311 1356 faciat,
2352 1281 2565 1342 utrum
2598 1277 2720 1343 sibi
2747 1278 2919 1342 uelit

603 1384 738 1450 dies
777 1384 1042 1468 triginta
1079 1384 1360 1463 concedi,
1401 1384 1631 1466 quibus
1672 1387 1823 1468 agat
1869 1385 1988 1449 sub
2028 1384 2353 1450 moderata
2391 1384 2685 1450 custodia
2730 1385 2795 1448 in
2836 1404 2919 1449 ea

604 1490 885 1568 ciuitate,
958 1491 1024 1554 in
1089 1509 1214 1573 qua
1277 1489 1571 1555 detentus
1647 1493 1767 1569 est,
1836 1492 1911 1554 ut
1984 1509 2103 1555 sua
2166 1490 2412 1556 ordinet
2484 1494 2916 1576 sumptusque

601 1596 956 1682 prouideat.
988 1615 1256 1678 quorum
1279 1595 1525 1661 dierum
1555 1596 1761 1678 spatio
1784 1600 1899 1660 tua
1916 1597 2098 1662 nobis
2130 1597 2453 1662 adnitente
2478 1597 2919 1664 beniuolentia
2960 1621 3011 1658 ιο

605 1705 660 1770 si
708 1703 844 1768 eius
893 1722 1151 1768 causam
1197 1703 1400 1768 amica
1439 1703 1895 1786 disceptatione
1942 1703 2119 1768 finire
2163 1705 2581 1787 potuerimus,
2631 1705 2922 1789 gratula-

601 1812 842 1888 bimur;
893 1810 948 1874 si
986 1813 1201 1874 autem
1245 1829 1369 1876 non
1415 1811 1832 1893 potuerimus,
1880 1811 2164 1877 inueniet
2208 1831 2351 1874 eum
2394 1810 2599 1875 exitus
2644 1811 2917 1878 iudicio—

601 1939 765 1995 rum,
815 1917 924 1998 qui
978 1915 1291 1999 placuerit
1337 1916 1452 1982 deo
1511 1918 1862 1983 secundum
1910 1936 2139 1982 causae
2194 1917 2399 2000 ipsius
2456 1917 2757 1982 meritum
2802 1919 2917 1983 uel

605 2023 843 2090 domini
891 2022 1491 2104 omnipotentissimi
1536 2024 1956 2088 uoluntatem.

1650 2213 1871 2280 CXIV.
2958 2244 3016 2282 15

711 2353 1002 2410 DOMINO
1043 2352 1558 2410 DILECTISSIMO
1598 2353 1795 2408 FILIO
1836 2351 2302 2408 FLORENTINO
2341 2351 2801 2438 AUGUSTINUS

1351 2441 1434 2496 IN
1473 2441 1765 2497 DOMINO
1806 2441 2155 2498 SALUTEM.

697 2569 895 2636 Cuius
940 2569 1282 2652 potestatis
1329 2567 1615 2632 iussione
1662 2569 2045 2633 Fauentium
2092 2569 2398 2652 rapueris,
2452 2570 2591 2652 ipse
2640 2569 2917 2640 uideris:

605 2677 727 2742 hoc
774 2679 988 2741 autem
1042 2675 1198 2753 scio,
1247 2675 1416 2757 quod
1465 2675 1669 2740 omnis
1727 2678 2013 2759 potestas
2070 2677 2189 2740 sub
2244 2675 2508 2758 imperio
2559 2676 2919 2742 constituta

604 2782 1000 2866 imperatoris
1059 2782 1160 2846 sui
1203 2781 1458 2866 legibus
1506 2782 1725 2846 seruit.
1784 2781 2077 2866 quamuis
2128 2801 2273 2866 ergo
2320 2783 2447 2846 iam
2493 2801 2606 2864 per
2649 2782 2915 2848 fratrem
2958 2807 3019 2848 ευ

607 2892 671 2954 et
725 2889 1284 2974 conpresbyterum
1341 2908 1554 2954 meum
1612 2887 2041 2954 Caelestinum
2096 2889 2379 2953 miserim
2430 2889 2661 2973 legem,
2718 2909 2915 2972 quam

607 2995 862 3078 quidem
901 2999 964 3060 et
1013 2999 1176 3072 ante,
1226 3014 1416 3078 quam
1463 2995 1807 3074 mitterem,
1856 2995 2144 3080 ignorare
2190 2997 2411 3078 utique
2458 3015 2580 3060 non
2622 2995 2913 3083 deberes,

607 3121 733 3184 qua
777 3120 1148 3167 concessum
1199 3104 1298 3166 est
1345 3102 1458 3178 eis,
1509 3101 1618 3183 qui
1671 3100 2146 3184 praecipiuntur
2192 3101 2268 3164 ab
2326 3099 2539 3182 aliqua
2590 3104 2915 3183 potestate

603 3208 859 3273 iudiciis
916 3207 1213 3284 exhiberi,
1269 3210 1345 3272 ut
1399 3207 1479 3271 ad
1535 3211 1719 3291 gesta
1772 3207 2185 3291 municipalia
2237 3207 2665 3290 perducantur
2718 3213 2915 3292 atque

605 3313 740 3378 illic
794 3313 1279 3396 interrogentur,
1337 3316 1554 3378 utrum
1611 3314 1815 3378 uelint
1870 3315 2133 3397 triginta
2188 3313 2320 3378 dies
2376 3313 2439 3378 in
2496 3333 2570 3378 ea
2624 3314 2910 3393 ciuitate,
2954 3339 3015 3380 a

604 3419 719 3484 ubi
771 3422 1087 3497 tenentur,
1146 3439 1330 3504 agere
1387 3419 1506 3485 sub
1562 3420 1892 3484 moderata
1937 3420 2230 3486 custodia
2281 3421 2359 3484 ad
2412 3421 2726 3504 parandos
2782 3421 2911 3487 sibi

605 3527 853 3590 fructus
900 3527 1007 3590 uel
1051 3545 1181 3590 rem
1233 3545 1433 3604 suam,
1484 3525 1652 3590 sicut
1697 3545 1957 3592 necesse
2004 3527 2215 3603 fuerit,
2264 3525 2695 3606 ordinandam,
2745 3547 2909 3610 quae

603 3631 725 3710 leit,
775 3632 945 3697 sicut
980 3632 1138 3698 mihi
1175 3637 1564 3698 memoratus
1604 3634 1934 3717 presbyter
1968 3635 2377 3714 renuntiauit,
2425 3638 2573 3700 tuae
2610 3635 2908 3720 religioni

677 3876 709 3930 3
748 3876 1024 3947 quoniam]
1068 3893 1227 3946 quam
1274 3877 1325 3930 T
1431 3881 1461 3932 7
1501 3882 1745 3948 utrumq;
1797 3877 1850 3932 V
1953 3879 1987 3933 8
2026 3879 2256 3948 triginta
2294 3878 2552 3948 conginta
2590 3879 2817 3934 concedi
2860 3882 2911 3934 Τ

606 3967 640 4020 9
677 3967 761 4036 ut]
803 3969 984 4019 utrum
1028 3965 1255 4021 THRV
1363 3967 1430 4021 10
1469 3973 1741 4021 annuente
1780 3967 1900 4022 edd.
2014 3969 2082 4022 14
2121 3967 2347 4038 domini]
2390 3967 2596 4022 domini
2632 3969 2811 4038 ipsius
2858 3969 2917 4023 U

680 4055 1069 4124 omnipotentis
1115 4054 1167 4108 T

784 4194 940 4247 Idem
977 4195 1202 4265 codices,
1241 4197 1338 4264 qui
1371 4197 1434 4250 in
1470 4214 1549 4266 ep.
1591 4198 1820 4254 CXIII.

679 4333 748 4388 20
786 4334 994 4402 quauis,
1031 4337 1158 4389 stilo
1197 4344 1475 4392 cerussata
1513 4355 1649 4396 corr.
1691 4339 1885 4408 queuis
1931 4339 1981 4393 T
2118 4341 2229 4395 iam
2267 4357 2368 4396 om.
2408 4341 2476 4396 H
