3184 4959
570 442 700 506 244
1291 439 1344 493 S.
1401 435 1677 492 Aureli
1732 437 2163 507 Augustini

571 635 718 700 data
764 634 1152 718 praecisione
1197 633 1516 717 fugientes
1561 635 1667 714 pio
1714 633 1855 696 sinu
1904 631 2207 715 suscepit,
2244 633 2868 716 periculosissimum

571 741 938 806 scandalum
1005 758 1405 806 commouere
1471 739 1733 822 cupiens
1798 739 2101 803 uidelicet
2164 739 2571 806 serenitatem
2648 743 2868 826 gaudii

567 849 788 920 nostri,
847 867 1007 931 quae
1063 847 1246 912 nobis
1293 847 1372 911 de
1416 846 1579 911 bono
1626 849 1879 910 uestrae
1928 847 2425 911 conuersationis
2472 848 2697 914 oborta
2740 853 2864 926 est,

567 955 754 1019 foeda
797 955 1152 1020 innubilare
1199 953 1484 1018 tristitia.
1551 951 1665 1016 sed
1712 951 2083 1017 dominus
2130 953 2329 1018 deus
2376 956 2594 1019 noster
2634 955 2865 1020 mise-

567 1062 826 1126 ricors
873 1065 951 1127 et
995 1061 1432 1125 miserator
1477 1059 1809 1123 consolans
1856 1057 2149 1136 afflictos,
2198 1059 2487 1124 nutriens
2532 1064 2861 1144 paruulos.
2926 1081 2957 1121 s

567 1186 795 1233 curans
857 1167 1140 1232 infirmos
1204 1167 1282 1230 ad
1337 1166 1458 1230 hoc
1491 1168 1663 1229 'eum
1718 1165 1957 1248 aliquid
2012 1183 2203 1248 posse
2250 1167 2561 1250 permisit,
2608 1175 2685 1233 ut
2726 1188 2863 1234 rem

567 1277 914 1340 correctam
972 1276 1177 1339 multo
1235 1273 1510 1356 amplius
1557 1271 1957 1349 laetaremur,
2006 1289 2193 1353 quam
2244 1271 2618 1338 dolebamus
2666 1275 2860 1342 afflic-

563 1384 718 1448 tam.
765 1382 956 1464 longe
1003 1382 1104 1445 est
1149 1379 1382 1462 quippe
1427 1377 1769 1463 gloriosius
1810 1378 2219 1462 episcopatus
2256 1380 2565 1446 sarcinam
2604 1387 2863 1465 propter

565 1487 870 1552 ecclesiae
923 1487 1186 1551 uitanda
1239 1486 1524 1569 pericula
1577 1484 1951 1568 deposuisse
2016 1504 2207 1568 quam
2269 1489 2525 1568 propter
2582 1489 2863 1572 regenda

565 1593 994 1680 gubernacula
1040 1593 1420 1676 suscepisse.
1465 1592 1574 1656 ille
1624 1592 1857 1674 quippe
1904 1611 1973 1656 se
2018 1592 2340 1669 honorem,
2390 1593 2443 1656 si
2482 1595 2656 1676 pacis
2694 1595 2857 1660 ratio
2896 1615 2953 1656 ιο

562 1703 905 1785 pateretur,
971 1699 1160 1783 digne
1219 1698 1501 1782 accipere
1555 1699 1845 1781 potuisse
1902 1696 2311 1776 demonstrat,
2370 1699 2479 1782 qui
2524 1707 2853 1784 acceptum

561 1827 684 1874 non
751 1807 1035 1872 defendit
1095 1806 1376 1889 indigne.
1449 1806 1661 1870 uoluit
1724 1823 1869 1889 ergo
1935 1804 2092 1869 deus
2158 1806 2347 1870 etiam
2414 1824 2527 1888 per
2596 1809 2853 1874 fratrem

562 1918 744 1978 tuum
810 1913 1016 1977 filium
1077 1916 1368 1978 nostrum
1422 1911 1873 1976 Maximianum
1932 1912 2259 1977 ostendere
2314 1912 2589 1978 inimicis
2656 1916 2855 1980 eccle-

565 2022 696 2086 siae
743 2039 896 2085 suae
943 2039 1084 2085 esse
1139 2019 1202 2082 in
1261 2018 1615 2083 uisceribus
1673 2017 1832 2094 eius,
1891 2019 1998 2100 qui
2054 2038 2175 2084 non
2242 2039 2387 2084 sua
2456 2025 2854 2103 quaerant

563 2128 676 2192 sed
752 2145 950 2209 quae
1013 2126 1198 2190 Iesu
1269 2125 1605 2191 Christi.
1680 2143 1885 2208 neque
1958 2125 2121 2190 enim
2192 2124 2353 2190 iUud
2428 2127 2854 2191 ministerium
2890 2146 2947 2184 ιε

563 2231 1054 2318 dispensationis
1099 2232 1546 2316 mysteriorum
1596 2231 1698 2296 dei
1742 2233 1973 2312 uictus·
2006 2233 2219 2315 aliqua
2265 2233 2571 2297 saeculari
2610 2233 2853 2316 cupidi-

557 2344 690 2405 tate
773 2340 1074 2414 deseruit,
1150 2338 1262 2403 sed
1335 2337 1597 2422 pacifica
1668 2341 1993 2420 permotus
2066 2339 2305 2421 pietate
2380 2339 2698 2421 deposuit,
2772 2359 2849 2405 ne

558 2450 816 2532 propter
872 2446 1009 2512 eius
1065 2445 1360 2511 honorem
1421 2445 1605 2510 foeda
1662 2449 1727 2510 et
1780 2446 2137 2528 periculosa
2182 2451 2295 2509 aut
2337 2445 2609 2511 fortasse
2657 2447 2847 2512 etiam

556 2553 911 2636 perniciosa
953 2553 1014 2616 in
1065 2552 1368 2616 membris
1416 2551 1655 2617 Christi
1700 2551 2011 2618 dissensio
2059 2555 2440 2618 nasceretur.
2490 2553 2643 2636 quid
2680 2553 2851 2618 enim

559 2664 731 2726 esset
777 2660 1025 2725 caecius
1075 2662 1142 2724 et
1187 2659 1359 2722 omni
1405 2658 1796 2723 execratione
1834 2658 2088 2743 dignius
2128 2680 2317 2742 quam
2352 2663 2615 2744 propter
2650 2663 2849 2726 eccle·
2884 2681 2941 2720 20

558 2768 688 2832 siae
772 2765 1122 2831 catholicae
1202 2783 1422 2847 pacem
1497 2764 1777 2828 schisma
1850 2765 2134 2829 deserere
2210 2769 2275 2829 et
2344 2766 2553 2846 ipsam
2624 2784 2847 2848 pacem

557 2874 936 2938 catholicam
992 2871 1248 2936 honoris
1305 2871 1404 2936 sui
1461 2871 1826 2954 quaestione
1873 2871 2168 2936 turbare?
2216 2872 2369 2954 quid
2417 2873 2587 2937 enim
2631 2873 2847 2938 lauda-

553 2979 749 3044 bilius
826 2983 892 3044 et
947 2977 1340 3044 Christianae
1416 2978 1663 3043 caritati
1738 2979 2201 3044 commodatius
2276 2997 2463 3061 quam
2549 2979 2851 3045 derelicta

557 3085 1034 3150 Donatistarum
1080 3102 1316 3148 uesana
1361 3084 1658 3167 superbia
1700 3085 1793 3150 ita
1838 3083 2174 3149 hereditati
2214 3085 2451 3151 Christi
2488 3086 2847 3164 cohaerere,

555 3194 630 3254 ut
674 3190 1112 3254 testimonium
1161 3190 1544 3254 humilitatis
1593 3209 1803 3255 amore
1849 3191 2221 3274 probaretur
2260 3191 2561 3257 unitatis?
2608 3193 2847 3274 itaque,
2875 3215 2929 3256 as

557 3300 862 3378 quantum
938 3295 1016 3360 ad
1091 3297 1298 3380 ipsum
1387 3297 1650 3374 adtinet,
1734 3297 1904 3362 sicut
1984 3317 2127 3362 eum
2216 3297 2566 3382 gaudemus
2648 3298 2847 3361 talem

729 3627 766 3680 4
801 3625 887 3680 Ps.
927 3625 1140 3690 85,15;
1187 3626 1305 3689 102,
1335 3627 1392 3688 8;
1437 3627 1555 3686 110.
1584 3627 1646 3690 4;
1689 3627 1809 3688 111,
1838 3629 1897 3690 4;
1940 3628 2058 3690 144,
2090 3628 2149 3692 83
2180 3627 2288 3681 Iac.
2320 3628 2368 3690 5,
2402 3629 2463 3682 11
2578 3629 2611 3682 6
2640 3627 2843 3682 Matth.

555 3715 637 3778 10,
676 3715 709 3769 8
820 3716 889 3769 14
923 3715 1066 3770 Phil.
1105 3717 1154 3781 2,
1193 3717 1258 3770 21

625 3891 658 3945 3
697 3895 912 3944 uestrae
950 3909 1050 3948 om.
1100 3889 1156 3945 U
1329 3891 1694 3944 conuersionis
1732 3891 1850 3946 edd.
2028 3875 2066 3946 '9
2106 3891 2418 3962 deposuisse
2456 3909 2578 3956 om„
2616 3897 2744 3948 m.2
2782 3895 2845 3947 in

551 3995 720 4049 mat-9.
753 3981 882 4034 add.
922 3981 976 4036 U
1064 3981 1128 4034 13
1167 3997 1295 4034 suae
1335 3980 1594 4034 ecclesiae
1630 3979 1684 4034 U
1772 3981 1838 4034 14
1876 3981 2170 4034 uisceribus
2226 3983 2339 4035 eius
2379 3999 2496 4036 esse
2526 3987 2650 4046 (om.
2679 3981 2759 4051 in)
2796 3983 2849 4036 T

623 4069 761 4138 eius]
804 4069 1006 4124 Christi
1045 4070 1159 4122 eius
1197 4069 1316 4122 edd.
1347 4075 1572 4136 praeter
1608 4086 1661 4122 m
1770 4073 2003 4139 querunt
2048 4070 2159 4124 VU
2228 4072 2295 4125 16
2330 4072 2755 4126 ministeriorum
2794 4071 2847 4122 V

549 4156 706 4227 (corr.
747 4158 1130 4220 misteriorum)
1179 4157 1232 4211 U
1339 4153 1402 4211 17
1443 4157 1696 4222 deseruit,
1734 4175 1803 4213 m.
1826 4163 1867 4212 2
1902 4158 2154 4229 deposuit
2191 4161 2240 4214 U
2351 4160 2415 4214 18
2452 4161 2757 4230 periculosa
2784 4167 2843 4214 et

547 4244 674 4298 feda
716 4246 767 4300 T
871 4247 940 4301 20
980 4247 1177 4300 certius
1221 4247 1272 4301 T
1377 4249 1445 4301 22
1483 4247 1723 4317 turbare]
1766 4249 1976 4318 priuare
2018 4253 2181 4317 (exp.)
2218 4250 2437 4304 turbare
2482 4249 2536 4304 U
2638 4251 2709 4304 23
2748 4267 2835 4306 ac·

548 4333 936 4388 commodatius
974 4333 1040 4388 H
