3184 4959
620 424 746 487 694
1337 420 1391 473 S.
1447 418 1723 473 Aureli
1778 419 2213 489 Augustini

510 611 588 673 31
707 615 776 678 In
853 615 1084 697 quibus
1161 613 1454 679 omnibus
1533 612 1959 677 deliramentis
2043 613 2201 677 haec
2274 612 2667 696 opinantium
2750 612 2903 677 illud

613 722 950 805 praecipue
1007 720 1348 785 dolendum
1398 724 1516 799 est,
1572 720 1743 803 quod
1798 739 1920 785 non
1976 720 2221 785 sufficit
2266 720 2557 796 enarrari,
2614 722 2689 783 ut
2740 719 2907 783 nulla

617 828 996 911 cuiusquam
1053 827 1482 911 disputatione
1547 826 1920 891 aduersante
1984 830 2383 910 respuantur,
2453 826 2565 891 sed
2620 826 2907 891 acutissi-

615 928 864 1000 morum
909 935 1240 1001 hominum
1290 934 1544 1019 ingenia
1596 933 1662 997 id
1710 933 1903 998 etiam
1960 934 2286 1018 negotium
2345 938 2787 1017 susceperunt,
2840 938 2907 997 ut

617 1042 872 1124 copiose
916 1042 1044 1105 ista
1088 1040 1464 1118 refellerent,
1514 1059 1674 1123 quae
1722 1040 1943 1104 statim
1991 1040 2161 1105 dicta
2206 1040 2398 1105 etiam
2446 1060 2484 1103 a
2528 1039 2909 1106 tardissimis
2960 1062 2979 1101 a

615 1149 880 1215 derideri
931 1147 1218 1231 abicique
1267 1147 1641 1212 debuerunt.
1710 1146 1765 1211 si
1814 1146 1979 1211 enim
2028 1146 2417 1213 concesseris
2468 1166 2608 1212 esse
2658 1147 2907 1214 atomis,

617 1256 672 1320 si
737 1254 1125 1321 concesseris
1194 1256 1386 1318 etiam
1453 1273 1763 1318 concursu
1828 1253 2089 1319 fortuito
2166 1274 2232 1317 se
2304 1254 2477 1336 ipsas
2552 1253 2788 1337 pellere
2854 1258 2911 1316 et

615 1364 876 1447 agitare,
952 1381 1102 1425 num
1171 1364 1236 1425 et
1296 1361 1460 1425 illud
1527 1359 1621 1426 eis
1694 1362 1791 1426 fas
1866 1365 1967 1425 est
2030 1360 2391 1441 concedere,
2466 1364 2541 1425 ut
2611 1360 2778 1425 inter
2848 1380 2910 1423 se

617 1470 813 1533 atomi
877 1469 1140 1534 fortuito
1208 1472 1653 1533 concurrentes
1718 1488 1850 1533 rem
1916 1468 2196 1552 aliquam
2262 1470 2355 1533 ita
2420 1469 2777 1547 conficiant,
2844 1473 2912 1531 ut

615 1596 750 1641 eam
801 1576 1000 1641 forma
1046 1574 1432 1651 modificent,
1480 1574 1682 1659 figura
1729 1575 2168 1653 determinent,
2218 1576 2599 1658 aequalitate
2647 1575 2908 1659 poliant,
2944 1596 2981 1634 ιο

615 1685 822 1750 colore
887 1685 1245 1761 inlustrent,
1313 1682 1520 1746 anima
1583 1686 1926 1765 uegetent?
1991 1701 2151 1764 quae
2208 1683 2421 1748 omnia
2482 1683 2659 1746 nullo
2726 1680 2910 1747 modo

615 1792 738 1856 nisi
777 1796 908 1856 arte
949 1791 1200 1855 diuinae
1247 1789 1683 1872 prouidentiae
1721 1788 1855 1853 fieri
1892 1790 2090 1866 uidet,
2132 1789 2421 1873 quisquis
2458 1790 2667 1873 magis
2704 1792 2911 1853 mente

615 1918 805 1980 quam
861 1897 1063 1963 oculis
1119 1900 1290 1961 aniat
1344 1895 1558 1961 uidere
1612 1894 1805 1977 idque
1860 1896 1938 1959 ab
1996 1914 2068 1961 eo
2128 1896 2383 1979 expetit,
2442 1916 2479 1961 a
2525 1916 2651 1979 quo
2710 1896 2911 1959 factus

615 2009 729 2071 est.
791 2024 936 2069 nam
983 2024 1098 2069 nec
1142 2004 1316 2086 ipsas
1365 2007 1611 2069 atomos
1662 2024 1803 2069 esse
1849 2004 1981 2069 ullo
2038 2004 2227 2069 modo
2276 2003 2749 2069 concedendum
2798 2008 2910 2079 est,

616 2112 783 2193 quod
833 2110 1070 2176 omissa
1124 2110 1499 2187 subtilitate,
1549 2130 1709 2193 quae
1758 2110 1833 2175 de
1882 2110 2197 2175 diuisione
2245 2128 2575 2193 corporum
2626 2130 2661 2175 a
2711 2110 2911 2177 doctis
2946 2134 2983 2175 ιε

613 2217 903 2297 traditur,
951 2216 1099 2283 uide
1141 2236 1328 2299 quarn
1365 2216 1553 2281 facile
1602 2217 1947 2281 secundum
1988 2217 2273 2298 ipsorum
2312 2217 2670 2299 opinionem
2708 2219 2913 2302 possit

615 2325 882 2390 ostendi.
961 2328 1127 2389 certe
1195 2325 1358 2389 enim
1435 2324 1559 2407 ipsi
1626 2324 1843 2388 dicunt
1908 2324 2139 2400 omnia,
2206 2342 2365 2405 quae
2440 2323 2569 2388 sint
2632 2328 2909 2394 naturae.

614 2432 772 2497 nihil
819 2450 958 2497 esse
1007 2431 1178 2497 aliud
1227 2450 1417 2513 quam
1466 2450 1729 2512 corpora
1775 2433 1840 2494 et
1884 2430 2067 2494 inane
2115 2448 2401 2514 quaeque
2455 2430 2556 2495 his
2604 2432 2911 2509 accidant,

614 2539 783 2621 quod
831 2538 1016 2604 credo
1063 2542 1312 2603 motum
1361 2541 1425 2601 et
1476 2538 1739 2621 pulsum
1787 2536 1993 2601 dicere
2042 2540 2107 2601 et
2151 2540 2607 2621 consequentes
2652 2538 2908 2603 formas.

613 2646 827 2711 dicant
875 2665 1043 2729 ergo,
1099 2646 1160 2710 in
1211 2664 1335 2727 quo
1395 2664 1624 2728 genere
1684 2648 1923 2726 ponant
1974 2644 2309 2727 imagines,
2366 2664 2523 2725 quas
2573 2644 2647 2709 de
2698 2664 2909 2729 corpo-
2944 2672 2983 2709 20

613 2754 786 2819 ribus
835 2752 1244 2819 solidioribus
1284 2752 1558 2817 adfluere
1603 2755 1832 2835 putant
1876 2752 2051 2834 ipsas
2089 2752 2349 2816 minime
2398 2752 2656 2829 solidaS,
2704 2753 2801 2816 ita
2844 2756 2913 2816 ut

613 2865 789 2925 tactu
835 2860 958 2925 nisi
1007 2862 1356 2937 oculorum,
1405 2878 1550 2924 eum
1598 2858 1916 2936 uidemus,
1965 2861 2030 2922 et
2074 2858 2285 2935 animi,
2334 2876 2479 2922 cum
2530 2858 2909 2942 cogitamus,

614 2967 831 3033 sentiri
877 2986 1000 3032 non
1045 2966 1315 3049 possint,
1374 2966 1428 3031 si
1477 2969 1541 3030 et
1583 2965 1727 3048 ipsa
1772 2984 2030 3048 corpora
2074 2968 2243 3032 sunt.
2302 2983 2445 3029 nam
2493 2966 2585 3030 ita
2630 2972 2909 3043 censent,

613 3079 688 3138 ut
725 3074 888 3139 exire
928 3092 964 3137 a
1001 3092 1256 3155 corpore
1295 3076 1361 3137 et
1405 3073 1623 3137 uenire
1661 3070 1739 3135 ad
1778 3072 1997 3137 oculos
2041 3072 2147 3136 uel
2196 3071 2277 3136 ad
2312 3071 2596 3137 animum
2639 3075 2909 3155 possint.

616 3200 804 3263 quem
867 3179 1064 3243 nihilo
1140 3180 1351 3245 minus
1417 3179 1638 3244 dicunt
1710 3198 1849 3243 esse
1917 3197 2306 3261 corporeum.
2373 3198 2625 3262 quaem,
2690 3183 2905 3245 utrum
2940 3209 2979 3247 ες

3098 2754 3100 2870 ἱ

687 3449 706 3499 1
756 3446 1194 3501 deliberamentis
1231 3450 1282 3501 A
1430 3448 1528 3501 inu
1568 3448 1732 3518 (sicel)
1780 3448 1828 3499 V
1935 3449 1969 3501 2
2006 3448 2241 3502 sufficite
2278 3450 2502 3513 narrari,
2540 3467 2609 3504 m.
2632 3454 2673 3503 2
2706 3452 2905 3505 sufficit

614 3536 848 3589 enarrari
885 3536 959 3589 M
991 3536 1194 3589 sufficit
1231 3554 1294 3590 ea
1331 3538 1535 3590 narrari
1573 3535 1920 3591 PP¹Vzrm
2100 3540 2132 3593 6
2170 3539 2240 3607 si]
2281 3538 2359 3593 sic
2397 3541 2451 3592 A
2611 3544 2822 3593 atomos
2858 3540 2909 3593 P

612 3624 732 3678 edd.
845 3626 874 3677 7
913 3624 1161 3681 fortuitu.
1199 3630 1319 3679 m.1
1355 3641 1495 3679 corr.
1533 3626 1650 3679 uid.
1690 3624 1919 3679 fortuito
1948 3625 2025 3679 M
2126 3644 2183 3680 se
2220 3628 2367 3697 ipsas
2406 3634 2496 3691 (m.
2519 3630 2559 3683 2
2596 3646 2625 3681 o
2662 3646 2829 3696 super
2853 3646 2901 3680 a)

611 3714 871 3783 repellere
907 3714 962 3768 R
1125 3716 1158 3769 8
1195 3716 1278 3768 fas
1317 3718 1401 3768 est
1439 3716 1516 3769 eis
1553 3716 1609 3769 R
1771 3717 1804 3769 9
1842 3716 2075 3769 fortuitu
2110 3715 2167 3770 R
2340 3717 2406 3770 10
2442 3718 2669 3771 somam
2704 3716 2909 3771 MPW

683 3802 956 3869 edificent,
995 3818 1134 3860 corr.
1171 3820 1240 3857 m.
1278 3810 1342 3857 ut
1375 3804 1492 3857 uid.
1526 3808 1565 3858 2
1591 3804 1904 3858 modificent
1932 3805 1985 3858 P
2020 3804 2274 3859 edificent
2301 3804 2475 3859 P¹V1
2582 3806 2811 3875 figuram
2838 3806 2907 3859 M

615 3892 674 3945 11
717 3892 950 3945 animam
988 3892 1064 3946 M
1205 3894 1270 3947 13
1309 3892 1484 3946 uideri
1521 3893 1647 3946 MA
1796 3896 1863 3947 14
1900 3894 2049 3963 ipsos
2084 3895 2193 3949 PR
2352 3894 2482 3959 ullo,
2518 3900 2638 3947 m.1
2671 3910 2847 3963 supra
2880 3896 2901 3947 l

609 3980 760 4035 nullo
798 3982 852 4035 R
889 3982 1038 4035 nullo
1075 3982 1202 4035 MA
1360 3980 1681 4035 eredendum
1719 3982 1857 4035 P¹V
1999 3984 2063 4035 16
2104 3982 2256 4037 uidet
2288 3982 2427 4037 P¹V
2573 3985 2635 4037 17
2673 3990 2801 4037 sunt
2838 3984 2907 4037 M
3092 3914 3095 4093 Ι

615 4070 678 4123 18
717 4069 867 4123 aliud
905 4086 1021 4123 esse
1059 4070 1114 4125 R
1219 4071 1398 4137 inane,
1435 4086 1504 4126 m.
1527 4075 1566 4125 2
1601 4072 1787 4125 inania
1820 4072 1895 4125 Ρι
1933 4072 2117 4125 inania
2141 4072 2257 4126 PV
2328 4074 2392 4126 19
2430 4078 2827 4142 consequenter
2850 4076 2901 4127 A

611 4160 679 4214 20
715 4162 927 4228 ponunt
964 4161 1017 4212 A
1109 4161 1171 4213 21
1216 4159 1414 4212 afluere
1453 4160 1524 4212 M
1557 4160 1720 4214 fluere
1760 4160 1899 4213 P¹V
2002 4162 2083 4229 ut]
2115 4164 2179 4214 ut
2214 4177 2323 4214 non
2358 4160 2469 4215 sint
2496 4162 2553 4216 R
2644 4163 2714 4216 22
2750 4166 2900 4216 tactu

609 4248 730 4315 nisi,
768 4248 942 4317 siquis
979 4264 1114 4302 corr.
1154 4248 1260 4302 nisi
1297 4252 1450 4303 tactu
1487 4250 1542 4303 P
1575 4250 1683 4303 nisi
1718 4252 1871 4305 tactu
1908 4250 1963 4305 R
2074 4250 2236 4303 animi
2274 4252 2417 4319 cum]
2458 4254 2690 4305 amicum
2724 4252 2903 4307 ΜΔΕ
3090 4274 3092 4311 ;

609 4337 678 4389 23
717 4336 763 4389 si
802 4352 923 4400 om„
961 4340 1089 4389 ηε
1129 4338 1258 4390 aasz.
1297 4338 1371 4391 M
