3184 4959
1209 445 1741 518 epistularum
1796 445 1887 500 LI.
2556 453 2681 516 147

386 643 718 725 potentatu
775 645 840 705 et
895 640 1270 706 auxiliorum
1329 641 1572 723 impetu
1632 641 2101 723 proturbastis‘?
2148 641 2213 706 in
2260 661 2385 724 qua
2432 643 2683 708 conflic-

383 749 621 816 tatione
672 767 832 830 quae
878 747 1054 829 passi
1102 746 1234 812 sint
1277 766 1390 830 per
1433 747 1576 813 loca
1616 747 1887 832 singula,
1926 748 2201 814 recentia
2236 769 2447 814 rerum
2486 751 2680 816 uesti-

385 856 489 940 gia
552 857 1026 930 contestantur-3
1094 873 1254 936 quae
1328 855 1508 920 iussa
1581 854 1730 931 sint,
1808 853 2059 920 chartae
2134 855 2443 932 indicant;
2519 877 2682 940 quae

382 966 552 1030 facta
625 961 773 1039 sint,
846 967 1050 1026 terrae
1125 963 1422 1040 clamant,
1495 961 1560 1026 in
1634 961 1868 1044 quibus
1944 961 2137 1026 etiam
2210 961 2428 1045 Optati
2500 964 2681 1031 illius

319 1093 343 1130 ⁵
385 1069 622 1134 tribuni
663 1069 866 1134 uestri
912 1073 1130 1134 sancta
1173 1067 1481 1135 memoria
1525 1069 1947 1151 praedicatur.

252 1175 290 1236 4
474 1177 638 1240 Item
685 1176 892 1240 dicere
941 1175 1184 1251 solet-is,
1224 1175 1394 1258 quod
1431 1194 1546 1240 nos
1587 1175 1825 1242 Christi
1860 1176 2251 1259 baptismum
2292 1195 2413 1242 non
2451 1177 2679 1244 habea-

386 1303 531 1347 mus
579 1285 642 1347 et
689 1285 940 1365 praeter
984 1285 1262 1347 uestram
1315 1283 1823 1347 communionem
1873 1302 2189 1366 nusquam
2246 1284 2349 1350 sit.
2418 1302 2673 1367 possem

385 1390 528 1454 hinc
583 1389 846 1454 uberius
903 1388 1228 1471 aliquanto
1288 1388 1621 1456 disserere.
1690 1388 1801 1454 sed
1867 1393 2084 1454 contra
2146 1407 2265 1454 uos
2327 1389 2459 1456 iam
2519 1389 2678 1454 nihil

387 1515 544 1579 opus
603 1501 721 1572 est,
778 1495 885 1579 q‘ui
934 1514 1080 1560 cum
1123 1495 1441 1560 Feliciano
1491 1499 1556 1558 et
1600 1495 1999 1560 Praetextato
2047 1497 2238 1561 etiam
2285 1496 2677 1562 Maximiani-

299 1629 348 1666 ιο
387 1607 629 1667 starum
683 1602 1072 1685 baptismum
1139 1601 1492 1684 recepistis.
1561 1605 1879 1685 quotquot
1944 1603 2107 1668 enim
2172 1603 2677 1688 baptizauerunt,

387 1709 634 1792 quando
697 1708 1078 1774 Maximiano
1145 1708 1715 1786 communicabant,
1782 1728 1927 1775 cum
1992 1711 2185 1775 etiam
2246 1711 2422 1792 ipsos
2478 1712 2679 1776 nomi-

386 1815 606 1894 natim,
654 1815 720 1880 id
767 1820 866 1880 est
909 1814 1304 1880 Felicianum
1351 1818 1416 1880 et
1459 1815 1934 1881 Praetextatum
1982 1816 2059 1880 de
2104 1815 2386 1882 basilicis
2435 1836 2677 1900 eorum,

387 1923 556 1988 sicut
608 1925 793 2008 gesta
845 1925 1181 1999 testantur,
1239 1922 1539 1988 diuturno
1596 1922 1895 1988 conflictu
1942 1922 2323 1988 iudiciorum
2370 1926 2677 2006 expellere

388 2029 787 2107 conaremini,
854 2032 1169 2111 quotquot
1235 2047 1384 2113 ergo
1451 2046 1523 2093 eo
1589 2033 1875 2112 tempore
1940 2029 2443 2114 baptizauerunt,
2508 2051 2677 2097 nunc

297 2163 350 2202 ιι,
387 2155 605 2202 secum
679 2141 742 2201 et
813 2135 1150 2202 uobiscum
1221 2136 1456 2202 habent
1527 2156 1649 2202 non
1734 2138 1945 2204 solum
2024 2157 2137 2220 per
2206 2139 2677 2224 aegritudinum

383 2242 666 2326 pericula
721 2243 833 2308 sed
889 2242 1082 2308 etiam
1137 2263 1250 2326 per
1305 2243 1771 2340 sollemnitates
1825 2243 2159 2327 paschales
2215 2245 2277 2308 in
2330 2247 2433 2312 tot
2478 2248 2675 2311 eccle—

386 2351 496 2415 siis
562 2351 640 2416 ad
707 2369 854 2415 suas
921 2349 1218 2415 ciuitates
1272 2348 1735 2432 pertinentibus
1794 2353 1859 2416 et
1912 2350 1975 2415 in
2032 2351 2191 2433 ipsis
2246 2354 2373 2416 tam
2422 2352 2673 2436 magnis

386 2456 757 2522 ciuitatibus
832 2456 985 2521 foris
1058 2457 1122 2521 in
1193 2457 1428 2522 scelere
1503 2457 1870 2524 schismatis
1948 2457 2323 2541 baptizatos,
2407 2478 2677 2541 quorum

385 2563 546 2628 nulli
600 2564 919 2646 baptisma
971 2563 1316 2646 repetitum
1375 2566 1492 2630 est.
1559 2566 1749 2646 atque
1804 2565 2051 2630 utinam
2103 2565 2367 2648 probare
2411 2565 2675 2648 possitis

298 2699 350 2738 ιο
388 2689 516 2747 eos,
575 2689 732 2753 quos
786 2671 941 2734 foris
995 2670 1058 2734 in
1116 2670 1354 2734 scelere
1412 2670 1781 2736 schismatis
1837 2669 2197 2736 Felicianus
2262 2674 2328 2735 et
2388 2670 2675 2736 Praetex-

383 2780 558 2842 tatus
611 2781 936 2859 tamquam
991 2776 1260 2842 inaniter
1313 2776 1809 2861 baptizauerant‚
1867 2777 1943 2842 ab
2010 2777 2103 2842 eis
2166 2777 2438 2861 receptis
2499 2779 2673 2846 intus

386 2883 569 2965 quasi
639 2883 887 2948 utiliter
959 2884 1162 2948 denuo
1236 2882 1612 2968 baptizatos,
1680 2885 1733 2948 si
1798 2883 1966 2949 enim
2028 2903 2249 2951 rursus
2314 2883 2675 2967 baptizandi

385 2994 562 3054 erant
623 2991 756 3068 isti,
820 3010 1042 3056 rursus
1110 2989 1437 3057 ordinandi
1505 2995 1683 3062 erant
1734 2991 1859 3070 illi;
1926 2990 2269 3058 amiserant
2324 2991 2485 3056 enim
2546 2990 2674 3074 epi-

386 3101 718 3180 scopatum
763 3097 1130 3162 recedentes
1179 3117 1216 3162 a
1259 3097 1466 3179 uobiS,
1517 3097 1573 3162 si
1622 3102 1793 3162 extra
1840 3098 2346 3163 communionem
2394 3100 2675 3163 uestram

295 3229 345 3268 85
381 3202 700 3286 baptizare
753 3223 876 3268 non
931 3207 1248 3287 poterant3
1305 3224 1450 3269 nam
1507 3204 1560 3269 si
1621 3204 2017 3270 discedentes
2066 3205 2505 3288 episcopatum
2549 3224 2672 3269 non

384 3311 744 3386 amiserant,
818 3310 1138 3393 baptizare
1212 3311 1435 3393 utique
1507 3315 1820 3392 poterant,
1902 3312 1954 3375 si
2030 3314 2243 3375 autem
2314 3311 2679 3387 amiserant,

383 3435 554 3502 ergo,
612 3419 686 3481 ut
741 3417 854 3494 eis,
911 3416 1082 3498 quod
1141 3417 1499 3492 amiserant,
1555 3417 1945 3496 redderetur,
2000 3417 2336 3482 redeuntes
2404 3416 2672 3481 ordinari

457 3644 484 3697 l
525 3643 872 3706 auxilionum,
912 3659 1048 3698 corr.
1088 3660 1155 3697 m.
1179 3647 1210 3695 1
1245 3643 1564 3696 auxiliorum
1600 3643 1675 3696 M
1847 3643 2182 3713 proturbatis
2218 3641 2281 3696 F
2312 3644 2670 3712 perturbastis

381 3731 506 3787 MR
541 3731 662 3786 edd.
773 3732 804 3784 2
845 3733 1006 3800 quae]
1048 3747 1108 3800 q;
1149 3731 1214 3786 M
1253 3732 1345 3801 qui
1383 3733 1436 3788 R
1580 3737 1710 3784 sunt
1745 3731 2085 3785 MFARae
2194 3731 2226 3786 3
2266 3733 2432 3800 iussa]
2475 3732 2588 3785 eius
2616 3732 2671 3787 R

380 3823 416 3874 4
453 3821 554 3876 sin.
592 3837 728 3875 corr.
769 3825 890 3877 m.1
926 3821 1038 3874 sint
1073 3821 1128 3873 P
1231 3823 1262 3876 5
1302 3825 1500 3880 uestra,
1541 3837 1677 3874 corr.
1716 3837 1784 3874 m.
1808 3826 1837 3874 1
1876 3821 2043 3874 uestri
2080 3821 2153 3874 M
2260 3821 2289 3874 7
2330 3821 2403 3874 sit
2443 3823 2489 3886 (t
2527 3824 2671 3888 exp.)

381 3909 444 3965 F
472 3911 518 3964 si
544 3909 620 3964 M
721 3910 848 3964 hinc
885 3925 1096 3979 possem
1135 3908 1414 3978 aliquanto
1453 3909 1669 3962 uberius
1709 3909 2000 3963 disserere·
2026 3909 2081 3964 R
2203 3909 2270 3962 10
2307 3914 2357 3962 et
2397 3909 2462 3962 14
2501 3907 2671 3978 quod-

383 3999 524 4068 quod
559 3999 636 4054 M
666 4001 755 4069 (m.
777 4004 818 4054 2
854 3999 1145 4071 quotquot)
1179 3999 1242 4052 F
1347 4001 1413 4054 15
1451 3999 1830 4069 egritudinem,
1869 4015 2005 4055 corr.
2044 4003 2163 4055 m.1
2200 3996 2565 4067 egritudinum
2602 3997 2676 4050 M

385 4091 449 4142 16
479 4088 854 4142 solemnitates
877 4090 968 4158 (Ν
997 4093 1162 4152 eras.)
1187 4087 1262 4140 Μ
1365 4090 1502 4142 tot¹l¹
1536 4091 1757 4158 (parua
1782 4093 1919 4153 rae.)
1950 4085 2011 4140 F
2116 4086 2369 4140 ecclesias
2398 4085 2472 4139 M
2498 4084 2670 4138 eccle-

381 4176 476 4230 siis
524 4177 566 4242 (i
605 4182 752 4245 post.
797 4177 860 4230 in
905 4193 1017 4232 ras.
1055 4194 1122 4232 m.
1144 4179 1196 4247 1)
1235 4176 1294 4231 F
1471 4178 1535 4235 17
1577 4177 1818 4230 ciuitatis
1856 4175 1987 4231 ΜΕ
2166 4177 2231 4230 19
2271 4175 2505 4244 possetis
2544 4173 2667 4227 edd.

381 4267 451 4320 20
489 4283 550 4320 eo
587 4265 662 4320 M
762 4267 832 4319 23
867 4266 1131 4320 miserant
1158 4265 1262 4320 ΓΑ.
1371 4267 1441 4320 26
1477 4266 1667 4334 utique
1706 4283 1810 4319 non
1850 4269 2105 4334 poterant
2133 4265 2185 4318 R
2295 4263 2591 4318 omiserant
2614 4264 2669 4316 A

381 4356 450 4408 27
491 4353 736 4409 ordinare
773 4353 938 4410 FAR

2501 4455 2597 4508 10*
