3184 4959
309 1970 345 2029 5

401 386 478 447 12
1100 384 1151 435 S.
1209 381 1487 436 Aureli
1544 382 1983 452 Augustini

397 582 462 641 et
506 579 780 662 uestigio
828 578 1143 642 titubante
1203 581 1547 660 repentem,
1607 579 1661 642 si
1719 569 1929 643 ta'men
1989 578 2337 663 Augustini
2404 577 2687 643 doctrina

395 690 720 767 tamquam
789 704 1012 749 manus
1077 686 1299 749 matris
1365 687 1429 748 et
1503 687 1655 749 ulna
1730 685 1995 749 nutricis
2072 686 2436 749 instabilem
2509 687 2688 767 regat

397 793 754 873 paruulum.
807 812 990 875 quem
1043 792 1097 856 si
1147 792 1365 857 audias
1415 795 1480 856 et
1527 792 1831 874 sequariS,
1881 795 1953 856 ut
1998 812 2249 857 rursum
2300 796 2361 856 te
2400 810 2686 857 sermone

397 899 752 965 Salomonis
801 900 1096 977 alliciam,
1157 900 1314 975 fili,
1374 919 1744 964 coronam
1810 900 2171 981 accipies
2238 898 2683 983 gratiarum

395 1012 531 1072 tuo
600 1006 926 1071 uertici.
989 1010 1054 1071 et
1106 1009 1260 1071 tunc
1319 1026 1462 1071 uere
1521 1007 1644 1071 eris
1701 1007 1809 1071 ille
1868 1028 1987 1073 non
2036 1007 2474 1091 phantasmate
2522 1024 2685 1070 som-

396 1114 604 1177 niatus
653 1113 764 1177 sed
811 1112 888 1177 ab
938 1113 1078 1195 ipsa
1115 1113 1382 1177 ueritate
1421 1114 1731 1177 formatus
1770 1114 1989 1177 consul
2030 1119 2096 1178 et
2130 1113 2412 1195 pontifex
2449 1130 2687 1177 uacuas

395 1220 702 1303 imagines
755 1218 897 1283 falsi
946 1220 1152 1302 operis
1199 1219 1504 1300 implente
1553 1219 1807 1285 Christo
1848 1221 2072 1285 solidis
2112 1239 2265 1284 suae
2304 1218 2686 1302 operationis

398 1326 748 1390 effectibus
813 1346 964 1390 uere
1021 1327 1188 1390 enim
1243 1327 1522 1409 pontifex
1579 1332 1643 1391 et
1700 1347 1845 1392 uero
1904 1327 2127 1391 consul
2175 1326 2498 1391 Licentius
2546 1325 2684 1401 erit,

400 1433 453 1497 si
517 1432 866 1516 Augustini
939 1433 1234 1517 uestigiis
1307 1434 1694 1516 propheticis
1762 1438 1825 1499 et
1890 1435 2256 1517 apostolicis
2333 1434 2687 1516 disciplinis

397 1544 469 1604 ut
517 1544 761 1604 sacrato
811 1540 1036 1604 beatus
1081 1540 1422 1604 Helisaeus
1462 1540 1707 1618 Heliae,
1748 1546 1819 1605 ut
1857 1542 2111 1605 inlustri
2150 1542 2439 1623 apostolo
2478 1541 2685 1605 Timo-

394 1648 582 1712 theus
632 1647 1004 1711 adulescens
1053 1647 1389 1711 adhaereas
1436 1647 1759 1711 indiuulso
1807 1667 1919 1731 per
1965 1648 2191 1711 itinera
2237 1648 2451 1713 diuina
2497 1648 2685 1711 comi·

395 1759 554 1831 tatu,
605 1758 679 1818 ut
715 1760 779 1819 et
819 1754 1240 1819 sacerdotium
1284 1754 1467 1819 corde
1504 1756 1783 1839 perfecto
1825 1756 2030 1819 discas
2070 1755 2295 1819 mereri
2334 1758 2398 1817 et
2435 1754 2687 1838 populis

398 1862 472 1926 ad
523 1862 795 1925 salutem
843 1862 1150 1945 magistro
1200 1881 1304 1926 ore
1356 1863 1705 1926 consulere.

487 1968 599 2033 Sat
641 1969 762 2033 hoc
809 1968 1068 2032 monitis
1109 1972 1173 2034 et
1207 1968 1516 2043 hortatui;
1557 1969 1805 2033 modico
1845 1970 2007 2033 enim
2050 1988 2336 2032 sermone
2376 1971 2440 2033 et
2475 1967 2687 2031 labore

395 2082 457 2141 te
506 2075 791 2152 arbitror,
839 2076 928 2139 mi
973 2075 1237 2153 Licenti,
1287 2076 1366 2139 ad
1415 2075 1735 2141 Christum
1788 2096 1975 2160 posse
2011 2076 2263 2139 incitari
2301 2076 2427 2139 iam
2466 2092 2500 2137 a
2536 2093 2685 2157 pue-

396 2184 480 2249 ris
549 2182 626 2247 ad
693 2183 906 2247 studia
969 2183 1260 2247 ueritatis
1328 2186 1392 2247 et
1457 2184 1821 2267 sapientiae,
1888 2182 2057 2265 quod
2122 2188 2464 2264 utrumque
2540 2200 2685 2244 uere

399 2290 689 2355 Christ-us
767 2292 866 2353 est
941 2294 1006 2353 et
1077 2289 1282 2353 omnis
1359 2290 1503 2353 boni
1579 2309 1901 2355 summum
1978 2290 2237 2365 bonum,
2304 2285 2683 2350 uenerabilis

397 2396 743 2480 Augustini
791 2396 1018 2477 spiritu
1079 2399 1142 2459 et
1199 2415 1302 2461 ore
1360 2396 1773 2460 flammatum.
1842 2398 1950 2478 qui
2006 2397 2057 2460 si
2118 2414 2341 2477 parum
2398 2392 2565 2475 apud
2620 2393 2683 2453 te

397 2526 508 2587 pro
555 2507 621 2567 te
669 2504 895 2579 ualuit,
945 2502 1098 2584 quid
1146 2522 1263 2585 ego
1311 2506 1485 2567 tanto
1535 2503 1869 2569 interuallo
1916 2502 2231 2586 posterior
2286 2506 2350 2567 et
2405 2502 2684 2565 omnium

396 2614 570 2677 illius
638 2630 828 2693 opum
893 2630 1132 2693 pauper
1197 2610 1510 2675 efficiam?
1576 2611 1689 2675 sed
1755 2611 1903 2701 quia
1977 2614 2041 2675 et
2111 2611 2285 2674 illius
2358 2608 2683 2673 facultatis

397 2720 682 2803 potentia
747 2724 810 2783 et
873 2718 966 2783 tui
1031 2718 1268 2803 ingenii
1331 2718 1725 2783 humanitate
1790 2719 2065 2784 confisus
2142 2718 2423 2800 pleniora
2498 2720 2686 2798 atque

401 2827 634 2891 maiora
700 2826 758 2891 in
825 2831 888 2891 te
956 2844 1134 2907 spero
1213 2826 1532 2891 elaborata
1597 2846 1784 2908 quam
1841 2826 2233 2903 elaboranda,
2292 2844 2487 2887 ausus
2544 2842 2687 2885 sum

400 2934 644 2998 hiscere
693 2932 929 3017 duplici
979 2934 1201 3017 gratia,
1251 2935 1324 2995 ut
1380 2936 1442 2999 et
1488 2932 1584 2995 illi
1640 2933 1777 2996 uiro
1834 2932 2047 2995 debita
2111 2932 2371 2995 caritate
2438 2947 2685 3009 compa·

398 3060 565 3106 rarer
611 3041 672 3104 in
723 3039 1151 3105 sollicitudine
1201 3039 1295 3102 tui
1345 3042 1408 3102 et
1453 3039 1615 3102 inter
1661 3058 1788 3114 eOS,
1840 3039 1949 3119 qui
1996 3039 2268 3101 salutem
2318 3042 2491 3099 tuam
2549 3038 2687 3102 dili-

402 3150 576 3234 gunt,
625 3148 730 3212 uel
789 3150 1140 3212 contestato
1199 3164 1557 3209 numerarer
1614 3144 1859 3208 affec-tu.
1924 3163 2069 3207 nam
2134 3143 2397 3207 effectus
2462 3144 2522 3207 in
2588 3145 2685 3209 tui
2748 3170 2773 3209 5

578 3328 612 3429 4}
652 3376 807 3429 Prou.
853 3376 898 3439 1,
938 3373 995 3437 9;
1035 3374 1085 3433 4,
1127 3374 1174 3428 9.
1291 3370 1354 3425 10
1393 3370 1468 3424 IV
1505 3371 1639 3440 Reg.
1681 3372 1731 3427 2.
1774 3371 1829 3435 1;
1870 3368 1989 3423 Act.
2034 3372 2114 3432 16,
2158 3370 2294 3424 1—:3

475 3500 496 3551 1
543 3497 870 3551 titubantem
913 3496 957 3547 C
1100 3494 1359 3557 doctrina,
1396 3510 1561 3561 super
1598 3510 1629 3546 a
1667 3509 1807 3550 eras.
1844 3518 1913 3539 ev
1944 3494 1999 3549 R
2108 3494 2139 3546 2
2178 3494 2369 3557 minus,
2409 3512 2476 3548 m.
2498 3499 2537 3549 2
2572 3513 2687 3549 ma-

401 3602 500 3639 nus
541 3586 593 3637 P
627 3601 820 3637 munus
855 3580 1155 3635 MAGRK
1295 3583 1330 3635 4
1367 3582 1693 3651 Salomonis]
1730 3582 1990 3635 sermonis
2022 3582 2069 3635 G
2208 3581 2517 3646 alliot-uam,
2548 3600 2685 3637 corr.

402 3674 696 3729 alla-inam
733 3672 786 3725 R,
894 3673 926 3723 5
963 3671 1170 3725 uertice
1205 3670 1261 3723 P
1384 3671 1417 3725 8
1455 3671 1737 3725 affectibus
1776 3673 1837 3726 K
1977 3675 2033 3724 et
2070 3686 2170 3724 om.
2211 3671 2335 3724 MA
2476 3672 2687 3725 Licenti

402 3764 504 3816 eris
543 3762 663 3816 edel.
813 3761 873 3813 11
915 3759 1150 3813 indiuiso
1196 3760 1241 3813 0
1386 3762 1450 3814 12
1489 3764 1550 3813 ut
1587 3776 1690 3814 om.
1726 3760 1853 3815 MA
2008 3762 2083 3829 et]
2125 3760 2193 3814 ad
2230 3761 2286 3814 R
2430 3764 2685 3832 perfecta,

402 3856 530 3905 m.2
567 3850 806 3920 perfecto
845 3850 900 3902 P
1117 3851 1182 3903 14
1219 3853 1305 3902 sat
1343 3854 1426 3903 est
1461 3850 1564 3903 hoc
1607 3850 1706 3903 GP
1751 3854 1825 3913 (st
1870 3868 1937 3905 ex
1974 3866 2109 3905 corr.
2150 3868 2218 3905 m.
2242 3854 2305 3915 2,·
2332 3850 2523 3918 fuitne
2558 3856 2687 3919 n1?)

471 3940 704 4002 hor-tani,
742 3956 811 3996 m.
835 3942 874 3993 2
909 3938 1152 3993 hortatui
1187 3938 1254 3992 K
1364 3941 1426 3992 17
1466 3942 1549 3992 est
1587 3938 1832 3993 Christus
1860 3939 1979 3992 edd.
2126 3940 2325 3993 bonum
2354 3956 2454 3994 om.
2486 3941 2541 3995 A
2566 3943 2689 3997 edd.

393 4036 618 4098 praeter
655 4047 706 4083 m
817 4028 882 4082 18
923 4029 1042 4097 quis
1080 4045 1268 4097 patum
1303 4028 1485 4082 MAa
1598 4030 1662 4083 19
1703 4046 1831 4099 e0go
1861 4028 1933 4081 M
1966 4044 2092 4099 ergo
2124 4031 2178 4082 Α
2286 4030 2355 4083 ‘20
2395 4047 2611 4099 operum
2649 4034 2694 4086 0

474 4118 600 4179 illis,
639 4135 707 4171 m.
730 4121 770 4171 2
807 4117 955 4171 illius
999 4117 1046 4169 (J
1187 4118 1249 4171 21
1291 4120 1354 4170 tu
1391 4117 1456 4171 K
1581 4116 1651 4170 23
1689 4118 1850 4181 uiros,
1893 4134 1957 4170 m.
1980 4121 2019 4169 2
2058 4117 2161 4171 del.
2202 4134 2226 4171 s
2262 4116 2327 4169 K
2472 4120 2537 4173 de
2574 4121 2691 4174 uita

403 4208 470 4261 M
509 4208 598 4275 (m.
622 4211 660 4261 2
697 4206 904 4273 debita.)
945 4206 996 4259 A
1037 4204 1101 4259 de
1143 4206 1260 4259 uita
1296 4209 1353 4261 et
1391 4205 1488 4258 CP
1640 4211 1973 4276 compararet
2009 4206 2075 4259 K
2250 4210 2317 4261 24
2356 4208 2548 4271 sollici,
2586 4225 2686 4262 rec.

405 4314 470 4351 m.
512 4296 641 4352 adsi.
681 4296 890 4350 tatione
935 4295 981 4349 (J
1086 4297 1154 4351 25
1193 4294 1440 4365 effectus]
1483 4295 1707 4349 affectus
1750 4296 1848 4351 CR
1992 4298 2048 4351 in
2088 4296 2191 4353 del.
2230 4301 2361 4351 m.2
2396 4297 2470 4351 M

2728 1562 2783 1601 10

2726 2094 2777 2134 15

2721 2636 2773 2674 20
