3184 4959
540 443 670 506 454
1258 441 1309 496 S.
1370 441 1642 494 Aureli
1701 441 2130 511 Augustini

538 653 651 716 pro
701 634 943 718 impiis;
992 637 1311 719 posterius
1352 655 1502 700 uero
1544 640 1797 719 tempus
1837 637 2012 702 illius
2049 639 2218 722 regis
2259 638 2650 722 significauit
2683 645 2841 704 tem—

541 759 694 823 pora
750 741 1172 824 posteriorum
1226 763 1451 826 regum
1510 743 1636 807 iam
1691 743 1999 819 fidelium,
2059 763 2218 826 quos
2274 747 2606 828 patiuntur
2659 745 2839 829 impii

538 866 654 929 pro
704 846 1105 912 Christianis.

442 949 522 1011 10
634 952 759 1018 Sed
816 955 1001 1036 plane
1058 954 1121 1019 in
1180 956 1293 1032 eis,
1346 955 1454 1038 qui
1505 957 1623 1020 sub
1671 957 1922 1022 nomine
1972 956 2210 1022 Christi
2257 962 2466 1025 errant
2511 957 2760 1023 seducti
2805 977 2842 1021 a

544 1061 887 1143 peruersis,
944 1077 1019 1124 ne
1084 1061 1247 1126 forte
1312 1081 1465 1126 oues
1534 1063 1772 1127 Christi
1839 1061 1970 1127 sint
2023 1066 2301 1128 errantes
2349 1066 2414 1128 et
2459 1063 2538 1128 ad
2585 1083 2844 1148 gregem
2909 1087 2940 1123 ε»

546 1167 729 1232 aliter
782 1167 1179 1232 reuocandas
1238 1168 1386 1242 sint,
1436 1172 1790 1250 temperata
1837 1169 2144 1234 seueritas
2193 1173 2257 1232 et
2301 1170 2510 1254 magis
2555 1187 2846 1234 mansue-

542 1273 700 1339 tudo
750 1277 1062 1350 seruatur,
1108 1277 1183 1338 ut
1228 1274 1654 1340 cohercitione
1703 1275 2030 1341 exiliorum
2082 1279 2272 1358 atque
2321 1277 2691 1340 damnorum
2739 1275 2844 1340 ad-

544 1382 922 1445 moneantur
969 1380 1388 1448 considerare.
1440 1382 1593 1464 quid
1643 1401 1834 1464 quare
1881 1383 2223 1466 patiantur,
2269 1386 2333 1446 et
2379 1381 2628 1448 discant
2671 1401 2848 1465 prae-

547 1506 777 1570 ponere
834 1487 1193 1552 rumoribus
1254 1491 1319 1552 et
1377 1490 1714 1554 calumniis
1763 1489 2090 1554 hominum
2141 1489 2507 1572 scripturam,
2557 1507 2714 1572 quas
2761 1488 2847 1552 le-

549 1597 729 1678 gunt.
796 1595 941 1676 quis
990 1596 1157 1659 enim
1206 1598 1515 1671 nostrum,
1566 1595 1710 1678 quis
1757 1599 2047 1660 uestrum
2095 1615 2216 1660 non
2266 1595 2486 1660 laudat
2535 1596 2711 1679 leges
2767 1595 2842 1658 ab
2887 1623 2946 1658 ω

547 1701 1038 1784 imperatoribus
1098 1702 1276 1768 datas
1336 1701 1644 1766 aduersus
1703 1701 2008 1766 sacrificia
2063 1705 2494 1786 paganorum?
2571 1705 2635 1766 et
2681 1703 2847 1766 certe

548 1808 737 1892 longe
792 1809 881 1872 ibi
936 1829 1141 1891 poena
1198 1809 1482 1874 seuerior
1528 1809 1880 1873 constituta
1929 1811 2053 1884 est;
2119 1809 2297 1873 illius
2345 1809 2579 1892 quippe
2628 1807 2848 1890 impie·

550 1914 703 1978 tatis
770 1915 1041 1997 capitale
1105 1915 1493 1998 supplicium
1563 1918 1680 1980 est.
1767 1917 1843 1979 de
1907 1914 2092 1981 uobis
2159 1919 2372 1980 autem
2439 1912 2846 1996 corripiendis

552 2023 743 2103 atque
800 2021 1205 2087 cohercendis
1264 2022 1483 2086 habita
1536 2023 1700 2086 ratio
1759 2025 1874 2101 est,
1925 2042 2049 2104 qua
2094 2022 2309 2105 potius
2359 2020 2850 2086 admoneremini

552 2127 629 2191 ab
678 2147 883 2194 errore
932 2128 1278 2194 discedere.
1320 2148 1508 2210 quam
1547 2149 1659 2210 pro
1700 2129 1934 2194 scelere
1979 2129 2384 2213 puniremini.
2431 2129 2648 2211 potest
2683 2127 2846 2190 enim
2891 2153 2952 2191 ιε,

552 2236 825 2299 fortasse
882 2236 1074 2300 etiam
1134 2235 1211 2300 de
1266 2235 1452 2299 uobis
1510 2236 1657 2306 dici,
1707 2235 1876 2318 quod
1933 2235 2024 2300 ait
2067 2235 2398 2319 apostolus
2447 2235 2524 2300 de
2567 2233 2848 2298 Iudaeis:

558 2341 1149 2406 Testimonium
1216 2341 1396 2404 illis
1462 2341 1876 2422 perhibe0‚
1945 2341 2136 2424 quia
2199 2341 2460 2404 zelum
2527 2339 2654 2404 dei
2719 2339 2849 2403 ha-

556 2449 745 2512 bent
829 2447 963 2512 sed
1048 2467 1194 2514 non
1284 2447 1724 2512 secundum
1819 2449 2276 2514 scientiam.
2371 2449 2850 2532 ignorantes

558 2555 763 2618 enim
830 2555 955 2618 dei
1031 2555 1451 2618 iustitiam
1532 2559 1610 2619 et
1683 2574 1902 2619 suam
1978 2554 2398 2620 iustitiam
2473 2554 2851 2618 uolentes

558 2662 1083 2726 constituere
1148 2661 1540 2726 iustitiae
1607 2661 1734 2725 dei
1791 2680 1938 2726 non
1999 2665 2188 2725 sunt
2244 2661 2625 2726 subiecti.
2702 2658 2853 2743 quid
2893 2689 2958 2724 ει,

560 2769 725 2832 enim
774 2767 948 2832 aliud
997 2773 1061 2832 et
1106 2787 1223 2833 uos
1272 2787 1463 2850 quam
1508 2772 1786 2833 uestram
1835 2767 2148 2832 iustitiam
2199 2767 2400 2833 uultis
2449 2767 2853 2835 constituere,

558 2876 805 2957 quando
862 2893 983 2940 non
1044 2874 1257 2940 dicitis
1312 2873 1646 2940 iustificari
1705 2874 1826 2938 nisi
1883 2893 2014 2952 θος,
2065 2875 2172 2956 qui
2223 2893 2260 2937 a
2305 2874 2490 2938 uobis
2539 2873 2858 2957 potuerint

559 2982 905 3065 baptizari?
972 2981 1035 3046 in
1093 2981 1209 3046 hac
1259 2999 1410 3066 ergo
1459 2981 1814 3063 apostolica
1861 2981 2192 3058 sententia,
2243 2999 2432 3063 quam
2481 2979 2557 3044 de
2603 2979 2857 3044 Iudaeis

558 3089 847 3170 protulit,
896 3088 1016 3153 hoc
1072 3087 1328 3153 distatis
1378 3107 1412 3152 a
1457 3087 1734 3165 Iudaei8‚
1785 3088 1952 3171 quod
2008 3107 2124 3152 uos
2172 3087 2420 3152 habetis
2468 3089 2861 3151 sacramenta

564 3195 941 3271 Christiana,
998 3195 1233 3278 quibus
1287 3194 1383 3259 illi
1442 3195 1649 3260 adhuc
1709 3198 1939 3261 carent.
2017 3197 2298 3258 ceterum
2353 3193 2432 3257 ad
2487 3194 2630 3271 hoc,
2689 3192 2859 3276 quod
2897 3223 2959 3260 κε.

562 3303 685 3366 ait:
768 3303 1261 3386 Ignorantes
1337 3302 1463 3366 dei
1537 3301 1958 3366 iustitiam
2035 3305 2114 3365 et
2187 3319 2407 3366 suam
2478 3302 2856 3368 nolentes

744 3493 808 3546 17
846 3493 1001 3546 Rom.
1044 3494 1124 3553 lo.
1164 3494 1305 3546 2-3

638 3635 662 3688 1
706 3637 823 3704 pro]
864 3635 931 3688 ab
970 3635 1023 3688 L
1168 3635 1311 3704 regis
1348 3635 1497 3689 illius
1534 3635 1591 3688 R
1723 3635 1758 3688 3
1797 3635 1916 3702 prol
1957 3651 1990 3686 a
2027 3633 2079 3685 L
2204 3635 2238 3686 4
2279 3637 2434 3686 erant
2477 3633 2572 3684 (¹1,
2698 3635 2731 3686 5
2769 3635 2860 3700 ne}

564 3727 621 3775 et
656 3741 723 3777 ne
760 3725 815 3777 P
972 3725 1086 3778 sint
1122 3741 1252 3778 oues
1292 3723 1481 3777 christi
1508 3756 1513 3793 =
1540 3723 1654 3776 sint
1691 3728 1860 3791 (post.
1900 3723 2013 3776 sint
2048 3727 2194 3790 exp.)
2233 3721 2308 3774 M
2467 3721 2534 3774 ad
2573 3737 2756 3792 regem
2793 3719 2868 3774 M

564 3817 596 3868 6
632 3813 819 3868 taliter
834 3831 889 3866 ni
1032 3816 1160 3866 sunt
1193 3811 1248 3864 L
1356 3814 1385 3865 7
1426 3811 1685 3867 coherciti
1721 3811 1774 3864 L
1920 3809 2256 3879 dauniorum]
2298 3810 2648 3880 dampnorum
2685 3809 2862 3864 tribu-

562 3902 767 3956 latione
800 3901 847 3956 L
884 3901 1004 3955 edd.
1034 3905 1332 3970 praeterm
1478 3905 1848 3966 amoueantnr,
1885 3917 1953 3952 m..
1977 3903 2017 3952 2
2054 3899 2448 3953 admoneantur
2483 3897 2556 3952 M
2659 3899 2693 3952 8
2732 3896 2862 3967 quid

566 3995 621 4044 et
659 4007 823 4060 quare
862 3989 967 4044 PL
1002 3991 1124 4044 edd.
1270 4005 1567 4060 proponere
1597 3989 1672 4042 Μ
1675 3989 1722 4043 0
1829 3991 1894 4041 12
1933 3987 2009 4042 ibi
2037 4003 2148 4042 ras.
2181 4005 2246 4040 ex
2275 3986 2368 4040 ubi
2395 3989 2450 4041 P
2593 3987 2862 4056 impieta-e,

564 4097 631 4132 m.
655 4083 694 4133 2
729 4080 1027 4149 impietatis
1056 4079 1129 4133 Μ
1226 4079 1291 4132 13
1332 4083 1512 4133 autem
1550 4080 1614 4132 in
1639 4079 1760 4148 fine
1795 4095 1848 4131 u.
1889 4095 1992 4132 om.
2023 4078 2074 4130 A
2181 4079 2244 4132 14
2287 4093 2390 4145 quo
2421 4075 2540 4130 edd.
2573 4081 2796 4146 praeter
2827 4093 2864 4130 a

638 4169 1055 4223 admoneremini
1098 4171 1279 4239 potius
1317 4167 1369 4221 L
1446 4169 1511 4222 19
1548 4183 1702 4221 snam
1739 4167 2030 4235 iustitiam]
2071 4183 2217 4219 suam
2257 4165 2369 4218 RL
2405 4165 2524 4218 edd.
2563 4180 2662 4218 sec.
2703 4163 2862 4234 Vuly.

462 4291 469 4298 ·
568 4261 635 4311 22
664 4261 958 4329 potuerunt
984 4258 1056 4311 M
1092 4259 1337 4326 (puncti-3
1372 4273 1511 4311 corr.
1550 4257 1851 4326 potuerint)
1883 4256 1990 4308 AL
2027 4255 2144 4308 edd.
2175 4261 2402 4324 praeter
2423 4271 2469 4306 m
2586 4255 2654 4306 25
2685 4251 2863 4306 adhuc

568 4349 651 4402 illi
678 4347 732 4401 L
840 4350 911 4402 ⁶26
950 4347 1029 4400 ait
1068 4353 1119 4400 (a
1160 4365 1226 4400 ea:
1264 4363 1372 4400 ras,
1412 4353 1461 4400 et
1499 4346 1662 4414 corr.)
1700 4345 1768 4397 M
