3184 4959
1212 339 1249 375 s

474 443 603 507 556
1174 436 1228 493 S.
1286 435 1561 490 Aureli
1618 432 2060 504 Augustini

470 635 585 700 1116
636 632 1045 716 philosophia
1115 631 1348 717 uiguit,
1426 649 1666 710 omnes,
1731 629 1839 712 qui
1906 647 2053 694 eum
2115 628 2464 710 potuerunt
2525 624 2764 702 audire,

472 741 667 807 etiam
704 739 957 805 credere
1002 739 1359 822 sectarique
1394 737 1722 802 uoluisse?
1769 755 1844 800 ac
1881 755 1992 819 per
2027 734 2148 799 hoc
2185 733 2412 817 magis,
2459 733 2519 798 si
2551 735 2766 798 tantae

472 847 811 932 potestatis
858 846 1090 912 fuisset
1134 847 1553 930 PythagoraS,
1601 848 1696 923 ut,
1743 844 1856 910 ubi
1901 843 2102 908 uellet
2137 844 2204 907 et
2247 841 2498 925 quando
2545 842 2766 918 uellet,

472 974 609 1020 sua.
638 954 936 1039 dogmata
991 953 1401 1036 praedicaret,
1460 955 1525 1017 et
1578 953 1636 1016 si
1690 950 1954 1016 haberet
2007 950 2200 1015 etiam
2255 969 2402 1015 cum
2459 968 2535 1014 66
2593 951 2768 1032 pote·

472 1063 639 1126 state
704 1079 1019 1126 summam
1082 1078 1291 1124 rerum
1354 1058 1863 1142 praescientiam,
1918 1075 2234 1141 nusquam
2298 1059 2362 1119 et
2423 1071 2770 1136 numquam
2835 1074 2864 1114 6

472 1170 822 1253 appareret,
888 1166 1013 1232 nisi
1074 1166 1186 1231 ubi
1252 1168 1318 1230 61
1370 1165 1618 1248 quando
1685 1165 1812 1231 sibi
1873 1165 2164 1229 homines
2219 1163 2570 1228 credituros
2627 1179 2770 1226 esse

450 1277 935 1358 praenosceret.
998 1272 1281 1357 proinde,
1348 1291 1493 1337 cum
1552 1271 1806 1337 Christo
1861 1291 1984 1337 non
2041 1271 2337 1344 obiciant,
2402 1269 2573 1352 quod
2631 1268 2769 1333 eius

475 1381 825 1448 doctrinam
872 1399 993 1446 non
1034 1398 1249 1445 omnes
1298 1382 1671 1462 sequuntur,
1721 1379 2006 1443 sentiunt
2043 1378 2212 1442 enim
2259 1381 2324 1442 et
2365 1376 2490 1460 ipsi
2537 1394 2772 1458 nequa-

474 1507 665 1573 quam
711 1488 834 1553 hoc
878 1491 1050 1552 recte
1099 1485 1267 1551 obici
1311 1505 1502 1569 posse
1548 1487 1660 1550 1161
1703 1485 2050 1569 sapientiae
2095 1483 2618 1569 philosophorum
2663 1481 2776 1546 uel

474 1595 666 1660 etiam
720 1593 963 1658 numini
1008 1593 1271 1658 deorum
1317 1612 1602 1672 suorum,
1659 1592 1814 1676 quid
1857 1591 2350 1676 respondebunt,
2407 1589 2466 1656 si
2511 1593 2772 1672 excepta
2809 1607 2865 1648 ιο

472 1702 589 1767 1116
643 1700 979 1766 altitudine
1036 1699 1384 1782 sapientiae
1430 1703 1493 1765 et
1550 1699 1852 1764 scientiae
1901 1698 2024 1776 dei,
2079 1698 2194 1764 ubi
2246 1697 2538 1763 fortassis
2595 1694 2770 1761 aliud

477 1808 767 1874 diuinum
844 1807 1184 1873 consilium
1255 1807 1445 1890 longe
1520 1806 1829 1871 secretius
1907 1806 2084 1880 latet,
2169 1805 2306 1870 sine
2378 1802 2768 1888 praeiudicio

477 1913 669 1980 etiam
716 1914 982 1980 aliarum
1028 1915 1191 1980 forte
1240 1931 1596 1993 causarum,
1645 1932 1806 1996 quae
1853 1933 1890 1976 a
1935 1912 2351 1996 prudentibus
2395 1909 2772 1994 inuestigari

478 2023 738 2103 queunt,
797 2020 915 2084 hoc
962 2020 1173 2084 solum
1220 2019 1311 2084 616
1368 2019 1703 2084 breuitatis
1761 2019 1964 2104 gratia
2006 2019 2071 2083 in
2129 2017 2320 2083 huius
2377 2016 2770 2101 quaestionis

478 2127 909 2210 disputatione
958 2126 1245 2191 dicamus
1291 2129 1441 2192 tunc
1494 2126 1784 2192 uoluisse
1841 2125 2205 2192 hominibus
2253 2144 2552 2210 apparere
2598 2123 2776 2189 Chri-·
2812 2141 2868 2182 1⁵

476 2236 649 2300 stum
698 2237 763 2298 et
808 2231 978 2316 apud
1024 2251 1133 2297 eos
1179 2231 1526 2315 praedicari
1573 2233 1922 2297 doctrinam
1972 2251 2176 2312 suam,
2233 2231 2481 2314 quando
2529 2231 2774 2296 66161161

476 2343 543 2405 61
587 2339 701 2405 11111
748 2340 991 2406 sciebat
1046 2359 1206 2418 esse,
1264 2340 1377 2423 qui
1428 2340 1492 2405 in
1542 2359 1688 2404 eum
1743 2340 1993 2404 fuerant
2047 2339 2390 2405 credituri?
2445 2339 2545 2404 his
2603 2338 2770 2403 enim

477 2447 871 2530 temporibus
912 2449 978 2512 et
1022 2447 1120 2511 his
1166 2446 1347 2525 locis,
1387 2447 1622 2529 quibus
1661 2446 2064 2531 euangelium
2102 2447 2238 2511 eius
2283 2465 2406 2510 non
2453 2447 2552 2510 est
2597 2461 2773 2527 prae·

478 2553 781 2630 dicatum,
829 2553 990 2618 tales
1040 2573 1256 2618 ornnes
1303 2554 1366 2616 in
1416 2554 1553 2618 eius
1599 2552 2066 2634 praedicatione
2111 2551 2361 2617 futuros
2411 2570 2550 2616 esse
2597 2569 2770 2635 prae·

480 2660 743 2739 sciebat,
774 2660 993 2742 quales
1032 2677 1151 2725 11011
1193 2659 1449 2741 quidem
1487 2678 1704 2723 omnes
1746 2658 1858 2724 sed
1895 2661 2104 2722 tamen
2144 2657 2334 2723 multi
2368 2657 2432 2721 in
2471 2657 2607 2724 eius
2638 2673 2770 2720 cor·
2809 2675 2868 2718 20

478 2765 678 2852 porali
740 2767 1095 2850 praesentia
1154 2767 1431 2842 fuerunt,
1500 2765 1612 2849 qui
1674 2766 1739 2830 in
1795 2785 1942 2830 eum
1997 2785 2110 2830 nec
2169 2763 2498 2829 suscitatis
2553 2762 2630 2828 ab
2697 2779 2770 2826 eo

479 2872 748 2940 mortuis
788 2872 1039 2938 credere
1075 2874 1437 2951 uoluerunt,
1480 2875 1700 2954 quales
1739 2873 1930 2937 etiam
1976 2891 2142 2936 nunc
2177 2872 2415 2936 multos
2453 2869 2768 2946 uidemus,

660 3153 889 3216 7—558,
928 3153 960 3208 8
1000 3178 1067 3198 =
1104 3151 1243 3221 Aug.
1285 3152 1351 3205 de
1390 3150 1660 3222 praedest.
1700 3154 1870 3206 sanct.
1911 3167 1952 3208 c.
1995 3151 2045 3216 9,
2087 3149 2313 3213 17—10,
2357 3150 2421 3204 19
2562 3150 2770 3203 15—1‘1·

481 3267 548 3288 =
587 3259 670 3312 ep.
712 3241 977 3297 CCXXVI
1012 3243 1045 3295 3
1084 3259 1135 3312 p.
1174 3241 1247 3295 in.

557 3465 582 3518 1
622 3429 1017 3533 phylasophya·
1056 3463 1119 3517 Η
1270 3462 1458 3517 audire
1495 3465 1792 3533 potuerunt
1827 3461 1948 3516 edd.
2094 3463 2127 3514 2
2165 3462 2470 3530 sectarique
2509 3477 2630 3514 eum
2653 3463 2772 3512 Iuo-

476 3553 645 3606 luisse
680 3553 735 3606 P
860 3555 892 3608 3
931 3555 1016 3622 ut]
1058 3557 1113 3606 et
1156 3551 1255 3606 GP
1374 3555 1411 3606 4
1449 3556 1505 3606 et
1540 3567 1644 3608 om.
1684 3552 1744 3605 E
1883 3568 1958 3614 66,
1995 3554 2121 3604 m.2
2157 3552 2201 3602 si
2238 3550 2313 3603 M
2425 3553 2457 3604 5
2496 3549 2774 3618 praecien-

478 3639 613 3692 tiam
642 3641 699 3694 A
770 3641 805 3694 6
835 3643 1133 3710 appeteret,
1162 3657 1231 3696 m.
1260 3643 1300 3694 2
1327 3643 1614 3709 appareret
1641 3639 1696 3692 A
1723 3641 1966 3708 apparet,
1995 3653 2133 3694 corr.
2163 3641 2251 3708 (m.
2271 3641 2302 3691 1
2323 3635 2375 3708 3²)
2413 3639 2698 3706 appareret
2731 3635 2780 3690 G

482 3728 511 3779 7
563 3732 827 3790 nosceret.
880 3745 1018 3782 corr.
1070 3745 1137 3782 m.
1172 3733 1203 3781 1
1252 3730 1632 3798 praenosceret
1683 3727 1754 3780 M
1977 3725 2198 3792 obiciat,
2247 3741 2385 3780 corr.
2437 3723 2679 3779 obiciant
2731 3722 2780 3776 0

481 3819 513 3872 9
552 3817 993 3887 philosophorum
1033 3817 1337 3885 sapientiae
1376 3804 1497 3870 edd.
1612 3817 1678 3870 10
1715 3815 1922 3869 nomini
1957 3814 2146 3868 HMA
2288 3812 2688 3883 responderunt
2719 3811 2782 3866 E

552 3906 615 3970 si,
654 3924 722 3963 m.
745 3911 783 3960 2
820 3905 916 3960 sed
952 3906 1008 3960 P
1042 3907 1117 3960 616
1154 3907 1214 3960 Ε
1392 3906 1454 3958 11
1494 3905 1596 3958 illa
1630 3921 1731 3959 om.
1769 3906 1826 3958 A
1993 3904 2090 3958 illa
2127 3903 2438 3972 altitudine]
2481 3900 2776 3956 altitudine

478 3995 630 4049 1111116
666 3997 727 4050 Ε
875 3999 933 4050 61
968 3995 1229 4050 scientiae
1266 4011 1370 4049 om.
1408 3995 1465 4048 A
1619 3994 1730 4061 ubi,
1769 4011 1837 4047 m.
1861 3996 1900 4047 2
1933 3993 2108 4046 ibi'G
2261 3991 2426 4057 aliud,
2462 4008 2530 4048 m.
2551 3994 2594 4044 2
2630 3989 2778 4060 quod

472 4101 582 4154 pro
620 4083 695 4138 ud
733 4085 888 4154 siquo
930 4085 1301 4153 corruptionis
1340 4083 1405 4136 in
1444 4083 1692 4152 maryine
1739 4083 1995 4152 adposito
2035 4081 2087 4136 G
2252 4081 2316 4134 12
2363 4081 2502 4149 sine]
2541 4080 2690 4133 sinet
2731 4078 2779 4132 C

484 4174 550 4227 13
581 4173 807 4228 aliarum
835 4191 937 4227 om.
976 4173 1031 4226 A
1156 4173 1421 4242 uestigari
1458 4171 1637 4226 HAG
1715 4173 1780 4226 14
1818 4172 1895 4224 eis
1933 4187 2036 4226 om.
2079 4169 2127 4224 0
2250 4171 2452 4239 gratia·
2493 4173 2568 4235 (m
2609 4171 2772 4234 ema.)

479 4262 640 4317 huius
678 4263 733 4316 P
840 4265 905 4317 17
944 4265 1101 4317 erant
1136 4262 1197 4316 E
1335 4267 1517 4316 tamen
1554 4262 1615 4315 E
1747 4261 1814 4315 18
1854 4262 1968 4314 eius
2005 4277 2108 4316 mn.
2146 4261 2206 4314 E
2329 4261 2397 4314 20
2434 4275 2540 4313 11011
2579 4275 2682 4313 om.
2717 4257 2782 4312 E

480 4353 547 4406 21
590 4352 947 4420 praescientia
984 4350 1109 4404 MG
1217 4353 1287 4406 22
1326 4351 1599 4405 noluerint
1647 4348 1696 4402 G
1841 4349 2154 4412 uiderimus,
2191 4365 2259 4401 m.
2281 4352 2322 4402 2
2357 4347 2462 4402 del.
2499 4347 2546 4401 ri
2589 4347 2640 4401 G
