3184 4959
507 388 656 452 600.
1225 386 1277 440 S.
1335 384 1613 438 Aureli
1670 385 2105 454 Augustini

509 599 622 663 pro
677 581 820 664 ipsa
873 580 1145 644 ueritate
1203 583 1420 645 contra
1475 599 1745 645 errorem
1804 581 2044 658 iubent,
2104 581 2273 662 quod
2330 579 2621 663 quisquis
2670 597 2787 644 con

511 687 866 770 tempserit,
925 686 1064 769 ipse
1123 686 1246 751 sibi
1291 687 1603 752 iudicium
1651 685 1953 770 adquirit3
2010 707 2159 752 nam
2206 691 2271 750 et
2314 687 2479 751 inter
2522 685 2813 751 homines

511 811 748 874 poenas
812 793 937 856 luit
993 796 1055 857 et
1121 793 1289 876 apud
1345 793 1536 857 deum
1600 794 1871 858 frontem
1936 813 2059 858 non
2128 793 2406 868 habebit,
2476 792 2625 876 quia
2689 791 2814 856 hoc

513 900 716 963 facere
781 899 1006 975 noluit,
1074 900 1244 981 quod
1311 899 1367 962 ei
1433 919 1546 982 per
1611 919 1745 964 cor
1808 900 2027 984 regis
2092 901 2234 982 ipsa
2298 900 2535 964 ueritas
2599 899 2812 974 iussit,

517 1005 688 1070 sicut
759 1005 897 1087 ipse
971 1003 1561 1069 Nabuchodonosor
1643 1007 1868 1087 postea
1940 1005 2245 1071 miraculo
2322 1005 2548 1070 salutis
2622 1005 2814 1069 trium

515 1129 851 1194 puerorum
883 1114 1243 1175 commotus
1283 1114 1474 1193 atque
1511 1114 1799 1176 mutatus
1838 1131 1950 1194 pro
1989 1112 2261 1177 ueritate
2290 1116 2508 1177 contra
2544 1131 2816 1177 errorem

517 1217 798 1282 edictum
826 1219 1180 1300 proposuit,
1212 1220 1318 1296 ut,
1353 1218 1840 1300 quicumque
1879 1218 2553 1302 blasphemarent
2588 1217 2813 1282 deum

519 1323 824 1401 Sidmc,
881 1325 1138 1389 Misac
1196 1328 1274 1388 et
1319 1325 1779 1408 Abdenago‚
1839 1325 1917 1389 in
1975 1325 2407 1390 interitum
2466 1325 2682 1389 irent
2738 1327 2817 1387 et

518 1431 796 1495 domus
855 1450 1126 1496 eorum
1182 1432 1260 1495 in
1319 1431 1937 1514 dispersionem.
1997 1436 2061 1496 et
2116 1453 2239 1498 non
2294 1432 2521 1509 uultis,
2577 1435 2651 1495 ut
2706 1429 2817 1494 ali·

519 1537 672 1620 quid
709 1539 837 1602 tale
877 1542 1096 1604 contra
1130 1557 1248 1603 uos
1277 1539 1540 1603 iubeant
1575 1538 1991 1622 imperatores
2032 1539 2392 1616 Christiani,
2434 1558 2577 1604 cum
2616 1537 2816 1601 sciant

523 1665 559 1709 a
605 1645 792 1710 uobis
841 1645 903 1709 in
952 1646 1065 1722 eiS‚
1125 1663 1285 1727 quos
1331 1645 1765 1727 rebaptizatis,
1815 1645 2141 1712 Christum
2180 1643 2537 1710 exsufflari?
2588 1644 2641 1709 si
2686 1643 2815 1706 ius-

521 1751 730 1816 siones
785 1771 1010 1836 regum
1067 1771 1189 1816 non
1257 1753 1572 1834 pertinent
1638 1751 1717 1817 ad
1780 1753 2262 1837 praedicandam
2326 1751 2697 1835 religionem
2754 1753 2817 1812 et

523 1857 858 1942 sacrilegia
919 1858 1333 1940 prohibenda,
1393 1877 1583 1940 quare
1641 1859 1719 1924 ad
1768 1860 2049 1924 edictum
2104 1859 2276 1942 regis
2330 1858 2488 1923 talia
2540 1856 2817 1921 iubentis

522 1964 716 2028 etiam
761 1965 887 2048 ipsi
922 1982 1042 2029 uos
1091 1965 1404 2048 signatis?
1451 1985 1526 2029 an
1575 1966 1884 2049 ignoratis
1924 1966 2117 2030 uerba
2154 1966 2323 2049 regis
2362 1983 2531 2029 esse:
2573 1963 2819 2046 Signa

524 2073 604 2134 et
660 2073 1006 2148 ostenta,
1075 2089 1274 2153 quae
1338 2071 1548 2136 fecit
1612 2072 1809 2136 mihi
1876 2072 2249 2136 dominus
2308 2070 2505 2136 deus
2572 2069 2816 2134 excel-

526 2196 683 2254 sus,
759 2177 1084 2260 placuit
1145 2177 1344 2242 mihi
1408 2178 1484 2242 in
1552 2182 2003 2261 conspectu
2070 2197 2240 2242 meo
2309 2177 2816 2252 adnuntiare,

530 2303 758 2364 quam
805 2303 1174 2368 magnum
1223 2288 1300 2348 et
1355 2289 1646 2367 potens
1696 2285 1808 2349 sit
1853 2303 2183 2369 regnum
2246 2285 2443 2360 eiust,
2492 2301 2818 2366 regnum

531 2392 1118 2474 sempiternum
1187 2395 1265 2455 et
1329 2394 1703 2475 potestas
1762 2392 1936 2456 eius
2001 2392 2077 2455 in
2146 2391 2487 2456 saecula
2554 2407 2821 2454 saecu-

528 2493 829 2563 lorum?
889 2518 986 2574 an,
1046 2516 1193 2562 cum
1249 2498 1370 2563 hoc
1419 2498 1771 2577 audieritis,
1828 2517 1953 2562 non
1998 2498 2423 2581 respondetis:
2474 2497 2715 2561 ‘Amen’
2761 2499 2825 2558 et

532 2603 652 2668 hoc
699 2603 868 2668 dicto
919 2603 1087 2667 clara
1142 2621 1299 2668 uoce
1347 2603 1426 2667 ad
1473 2603 1755 2668 edictum
1800 2602 1967 2687 regis
2024 2623 2142 2668 uos
2188 2603 2253 2667 in
2310 2607 2529 2668 sancta
2575 2602 2824 2668 sollem-

533 2711 729 2775 nitate
769 2711 1079 2794 signatis?
1119 2711 1232 2775 sed
1269 2711 1456 2776 modo
1497 2712 1647 2792 quia
1684 2711 1843 2775 nihil
1880 2711 2048 2794 apud
2084 2711 2497 2794 imperatores
2536 2709 2825 2793 potestiS‚

533 2817 716 2881 nobis
770 2817 916 2881 inde
971 2817 1176 2881 uultis
1222 2817 1427 2882 facere
1474 2816 1814 2892 inuidiam;
1874 2817 1931 2882 si
1978 2821 2193 2881 autem
2244 2816 2483 2898 aliquid
2532 2817 2825 2900 possetiS‚

535 2926 771 3004 quanta
815 2922 1130 2999 facerem,
1179 2923 1427 3005 quando
1477 2923 1637 2987 nihil
1682 2923 1955 3006 potestis
2004 2925 2068 2987 et
2112 2941 2234 2986 non
2286 2922 2579 2987 cessatis!

628 3029 897 3095 Scitote:
956 3028 1142 3111 primi
1200 3030 1470 3094 maiores
1527 3030 1729 3094 uestri
1786 3049 2043 3094 causam
2102 3028 2441 3095 Caeciliani
2506 3026 2585 3092 ad
2638 3029 2829 3110 irnpe-

535 3138 808 3200 ratorem
867 3135 1352 3200 Constantinum
1409 3136 1794 3201 detulerunt.
1863 3135 2093 3220 exigite
2148 3136 2269 3200 hoc
2326 3154 2363 3199 a
2426 3135 2631 3211 nobiS‚
2692 3152 2830 3217 pro-

718 3312 752 3363 4
791 3309 949 3363 Prou.
989 3310 1076 3372 21,
1117 3309 1144 3363 1
1259 3313 1291 3364 5
1331 3309 1470 3365 Dan.
1509 3311 1559 3372 3,
1600 3310 1812 3364 95-96
1928 3311 1992 3364 14
2028 3310 2169 3364 Dan.
2210 3309 2259 3374 3,
2299 3308 2550 3364 99-100

613 3426 646 3478 2
685 3427 762 3494 et]
799 3427 861 3477 ut
896 3424 952 3479 R
1059 3425 1091 3478 3
1131 3441 1332 3494 poenes
1357 3424 1417 3478 F
1557 3425 1815 3493 frontem]
1858 3427 2059 3479 sortem
2100 3426 2167 3479 lr
2304 3426 2454 3494 quia]
2494 3425 2587 3494 qui
2617 3425 2688 3479 M
2710 3421 2829 3477 edd.

541 3516 576 3567 4
611 3513 932 3582 pei-corrigis
971 3513 1024 3565 A
1169 3514 1200 3566 5
1238 3512 1495 3566 miracula
1533 3514 1687 3567 codd.
1834 3513 1867 3566 6
1907 3530 2024 3567 cum
2063 3513 2281 3568 innotus
2318 3514 2375 3568 Δ
2513 3515 2543 3568 7
2582 3511 2829 3582 blasphe-

543 3602 893 3672 mam-{rent
927 3601 988 3655 F
1126 3602 1159 3654 8
1199 3604 1256 3654 et
1293 3607 1425 3655 ante
1460 3601 1763 3672 Abdenago
1802 3619 1905 3656 om.
1943 3603 2068 3656 MA
2213 3603 2246 3656 9
2285 3607 2349 3657 ut
2386 3619 2488 3656 om.
2527 3603 2583 3658 R
2724 3601 2832 3655 tale

546 3691 752 3761 aliquid
790 3691 910 3745 edd.
1096 3690 1158 3744 11
1198 3691 1355 3744 nobis
1393 3691 1505 3746 AR
1688 3693 1754 3744 14
1801 3692 1944 3760 regis
1992 3709 2126 3756 esse,
2163 3692 2227 3745 in
2261 3707 2435 3762 marq.
2472 3697 2592 3746 m.1
2628 3689 2799 3744 REGI

545 3778 1785 3852 NABvchO‘DONO,SORloSTENJDIT
1814 3780 1869 3832 P
1894 3781 2039 3849 regis
2078 3779 2561 3835 nabuchodonosor
2598 3777 2837 3833 ostendit

548 3871 691 3940 regis
749 3887 864 3925 esse
909 3871 980 3924 M
1043 3874 1154 3938 (pr.
1202 3869 1348 3938 regis
1391 3887 1461 3924 m.
1491 3873 1531 3922 2
1577 3887 1643 3922 ex
1688 3869 1896 3938 regem)
1952 3868 2061 3922 ΓΑ
2114 3870 2261 3938 regis
2315 3865 2834 3922 nabuchodonosor?

547 3959 788 4014 ostendit
825 3976 941 4014 esse
968 3959 1024 4014 R
1062 3959 1206 4029 regis
1246 3975 1388 4012 esse:
1428 3959 1546 4027 regi
1583 3957 2086 4012 Nabuchodonosor
2124 3957 2338 4012 ostendi
2377 3957 2515 4025 aes
2540 3957 2683 4025 regis
2721 3971 2837 4010 esse

549 4049 1053 4106 Nabuchodonosor
1093 4048 1159 4102 lr
1291 4048 1354 4101 16
1393 4048 1621 4116 plucuit,
1661 4063 1797 4101 corr.
1840 4052 1959 4101 m.1
1994 4047 2200 4118 placuit
2234 4047 2291 4100 P
2426 4047 2489 4100 17
2531 4061 2691 4114 quam
2725 4061 2837 4098 ma·

549 4141 740 4209 gnum]
783 4147 872 4208 qm
908 4154 1136 4208 magnus
1173 4135 1250 4190 M
1407 4137 1476 4190 22
1514 4135 1641 4189 inde
1678 4137 1857 4190 facere
1895 4137 2085 4200 uultiS,
2123 4137 2295 4207 siquis
2332 4152 2470 4190 corr.
2510 4134 2679 4188 uultis
2714 4131 2838 4186 inde

549 4228 727 4280 facere
763 4227 838 4280 M
958 4227 1028 4280 24
1065 4226 1262 4279 scitote
1302 4223 1448 4296 quod
1485 4224 1647 4294 primi
1682 4224 1738 4278 P
1770 4223 1891 4278 edd.
2038 4225 2210 4295 primo
2248 4225 2324 4278 M
2431 4225 2499 4278 25
2540 4222 2839 4293 probemus,

551 4331 619 4368 m.
643 4318 682 4367 2
720 4314 1008 4383 probamus
1045 4313 1116 4366 M

2854 1558 2915 1597 10

2858 2093 2915 2132 15

2864 2627 2923 2666 2⁰

2868 3159 2923 3196 25
