3184 4959
446 316 575 380 376
1159 313 1211 366 S.
1268 313 1541 366 Aureli
1600 313 2032 382 Augustini

446 513 519 572 tu
586 526 837 590 quoque
900 506 1216 591 infringis.
1280 527 1427 572 nam
1490 505 1939 586 Laodicenum,
2003 508 2186 572 cuius
2251 527 2478 572 nomen
2541 511 2738 586 taces,

448 615 525 678 de
574 613 843 679 ecclesia
888 612 1047 678 dicis
1096 631 1296 696 nuper
1340 632 1692 696 egressum,
1729 613 2150 678 Alexandrum
2199 618 2412 679 autem
2457 619 2740 681 ueterem

447 721 859 799 haereticum,
919 720 1255 804 Origenem
1310 739 1461 784 uero
1520 739 1591 784 ac
1648 720 1994 804 Didymum
2049 723 2461 804 reprehensos
2517 723 2630 788 abs
2677 727 2740 788 te

447 827 592 912 lego
656 827 722 891 in
786 827 1240 892 recentioribus
1306 827 1634 910 opusculis
1689 827 1820 892 tuis
1877 830 1942 892 et
1995 847 2114 892 non
2171 828 2574 895 mediocriter
2625 849 2738 894 nec

450 934 525 999 de
580 934 1009 999 mediocribus
1067 934 1566 1016 quaestionibus,
1627 935 1920 1016 quamuis
1979 933 2312 1020 Origenem
2367 937 2744 1001 mirabiliter
2802 962 2828 998 a

450 1046 595 1108 ante
656 1041 1035 1106 laudaueriS.
1104 1060 1249 1105 cum
1306 1041 1405 1104 his
1463 1059 1611 1124 ergo
1671 1061 1870 1106 errare
1925 1045 2081 1124 puto
2140 1043 2290 1124 quia
2333 1062 2448 1107 nec
2495 1047 2558 1108 te
2603 1044 2740 1126 ipse

449 1148 730 1232 patieriS,
778 1148 1071 1230 quamuis
1118 1147 1237 1211 hoc
1280 1146 1538 1231 perinde
1586 1148 1852 1224 dicatur,
1903 1168 1974 1213 ac
2023 1149 2078 1212 si
2133 1149 2196 1213 in
2253 1149 2372 1214 hac
2431 1151 2740 1216 sententia

450 1274 572 1320 non
646 1255 1013 1320 errauerint.
1088 1273 1231 1318 nam
1306 1254 1449 1336 quis
1526 1257 1642 1332 est,
1719 1255 1824 1337 qui
1891 1275 1958 1320 se
2025 1256 2187 1321 uelit
2249 1275 2394 1322 cum
2459 1258 2744 1340 quolibet

452 1366 695 1426 errare?
772 1364 900 1428 tres
973 1361 1173 1446 igitur
1243 1363 1506 1439 restant,
1570 1363 1888 1427 Eusebius
1953 1363 2311 1440 Emisenus,
2377 1363 2740 1430 Theodorus

452 1469 861 1534 Heracleotes
911 1471 995 1546 et,
1047 1487 1231 1551 quem
1276 1469 1465 1552 paulo
1514 1471 1660 1551 post
1717 1449 2214 1548 commemoras,⁸
2242 1471 2573 1550 Iohannes,
2631 1470 2742 1552 qui
2783 1495 2834 1532 ιο

453 1576 692 1641 dudum
748 1577 810 1639 in
866 1575 1213 1659 pontificali
1268 1575 1467 1659 gradu
1514 1574 2276 1660 Constantinopolitanam
2330 1577 2488 1642 rexit
2547 1578 2743 1642 eccle-

454 1682 631 1748 siam.

349 1785 433 1848 24
542 1789 733 1854 Porro
810 1789 865 1854 si
940 1807 1203 1871 quaeras
1278 1789 1381 1852 uel
1447 1790 1708 1862 recolas,
1775 1789 1929 1871 quid
1994 1789 2140 1854 hinc
2203 1789 2470 1854 senserit
2531 1793 2746 1854 noster

452 1895 851 1974 Ambrosius,
919 1896 1070 1979 quid
1134 1898 1347 1961 noster
1408 1895 1630 1959 itidem
1699 1895 2070 1978 Cyprianu8‚
2133 1896 2422 1960 inuenies
2475 1895 2744 1960 fortasse

455 2021 569 2067 nec
615 2003 797 2067 nobis
845 2001 1147 2079 defuisse,
1198 2021 1355 2084 quos
1404 2003 1464 2065 in
1516 2022 1608 2078 eo,
1662 2003 1829 2085 quod
1885 2003 2260 2080 adserimu8,
2317 2021 2742 2085 sequeremur.
2785 2029 2832 2064 ιε.

456 2129 859 2192 quamquam,
928 2110 1098 2174 sicut
1158 2109 1346 2192 paulo
1415 2114 1558 2173 ante
1624 2109 1772 2188 dixi,
1839 2112 2088 2174 tantum
2151 2110 2338 2175 modo
2413 2111 2745 2192 scripturis

456 2217 775 2282 canonicis
840 2215 1000 2281 hanc
1061 2216 1403 2300 ingenuam
1457 2215 1719 2280 debeam
1777 2217 2173 2296 seruitutem,
2233 2235 2356 2299 qua
2412 2235 2516 2281 eas
2573 2218 2742 2282 solas

454 2324 545 2388 ita
592 2341 838 2404 sequar,
886 2325 962 2386 ut
1007 2323 1465 2404 conscriptores
1505 2341 1718 2387 earum
1759 2322 1918 2386 nihil
1956 2323 2018 2388 in
2058 2323 2148 2387 eis
2189 2323 2440 2386 omnino
2481 2343 2742 2400 errasse,

456 2429 615 2494 nihil
678 2429 987 2494 fallaciter
1052 2429 1346 2511 posuisse
1411 2448 1531 2493 non
1602 2428 1906 2496 dubitem.
1979 2430 2238 2513 proinde
2305 2448 2450 2493 cum
2515 2449 2744 2511 quaero

456 2537 738 2616 tertium,
784 2541 859 2600 ut
902 2539 1033 2601 tres
1082 2537 1273 2600 etiam
1331 2555 1447 2620 ego
1505 2536 1708 2600 tribus
1768 2554 2100 2618 opponam,
2155 2554 2410 2616 possem
2468 2535 2744 2618 quidem,
2783 2562 2838 2602 20

458 2647 532 2708 ut
578 2644 863 2720 arbitror,
912 2643 1097 2708 facile
1144 2643 1436 2726 reperire,
1497 2643 1551 2706 si
1608 2644 1812 2707 multa
1865 2642 2188 2726 legissem.
2256 2661 2480 2707 uerum
2535 2644 2747 2706 tamen

458 2753 594 2834 ipse
644 2752 799 2816 mihi
844 2771 955 2834 pro
1003 2752 1101 2816 his
1151 2749 1464 2832 omnibuS‚
1512 2749 1706 2814 immo
1757 2769 1948 2830 supra
1992 2751 2108 2813 hos
2157 2769 2371 2814 omnes
2419 2749 2747 2831 apostolus

636 2941 811 2996 9—12
853 2942 918 2996 cf.
958 2959 1009 3010 p.
1051 2942 1171 3004 286,
1212 2941 1414 3004 9—10;
1454 2942 1577 3001 289,
1623 2942 1830 2996 15-16
1999 2941 2064 2995 13
2104 2939 2170 2993 cf.
2209 2939 2456 2994 AmbroS.
2495 2939 2552 2993 in
2589 2940 2746 2993 Pauli

464 3049 545 3100 ep.
584 3031 655 3084 ad
702 3030 821 3085 Gal.
868 3029 924 3084 11
976 3031 1184 3084 11—14
1235 3030 1442 3099 (Migne
1488 3031 1684 3100 patrol.
1734 3031 1829 3084 lat.
1877 3028 2032 3083 XVII
2070 3047 2123 3100 p.
2161 3030 2284 3094 349,
2323 3029 2589 3090 50—350.
2629 3032 2743 3091 59);

462 3121 711 3190 Cyprian.
754 3120 912 3188 epist.
950 3119 1138 3179 LXXI,
1176 3120 1209 3174 3
1250 3119 1358 3186 (ed.
1394 3120 1602 3174 Hartel.
1643 3137 1693 3190 p.
1735 3119 1857 3178 773,
1899 3119 2130 3189 10-22)

539 3245 563 3298 1
608 3247 668 3297 tu
707 3261 811 3298 om.
848 3245 903 3295 A
1076 3244 1221 3312 nam]
1262 3261 1369 3298 non
1408 3245 1461 3296 A
1643 3245 1676 3296 2
1716 3243 1851 3297 dicis
1889 3260 1990 3299 om.
2029 3243 2130 3296 HI
2297 3246 2478 3296 autem
2515 3259 2616 3297 om.
2654 3241 2759 3294 HI

533 3337 717 3386 uetere
760 3337 956 3400 (postr.
998 3348 1025 3386 e
1064 3349 1129 3385 ex
1164 3348 1279 3388 ras.
1320 3337 1371 3386 et
1408 3349 1545 3386 corr.
1584 3337 1734 3400 onst)
1774 3332 1848 3385 Μ
1952 3333 1984 3386 3
2023 3333 2126 3386 hac
2163 3331 2229 3386 H
2333 3349 2388 3384 re
2427 3335 2561 3396 (ras.
2590 3347 2752 3398 super

464 3427 515 3486 e)
556 3422 848 3492 prehensos
887 3421 960 3474 M
1100 3421 1166 3475 ab
1206 3423 1245 3474 Ι
1368 3424 1400 3474 5
1440 3421 1704 3490 originem
1741 3422 1797 3474 A
1905 3423 1938 3476 6
1973 3420 2282 3474 laudaberis
2319 3419 2383 3474 H
2525 3420 2750 3473 iislrm

536 3511 687 3580 ergo]
732 3525 851 3563 eum
890 3526 989 3578 ego
1032 3513 1083 3562 A
1226 3514 1384 3580 putes
1422 3511 1487 3563 H
1629 3514 1686 3563 te
1723 3527 1826 3564 om.
1865 3511 1904 3562 Ι
2025 3513 2056 3564 7
2096 3511 2179 3579 ac]
2219 3509 2318 3564 hac
2355 3509 2422 3562 H
2536 3509 2570 3561 8
2609 3525 2749 3562 erra-

462 3600 644 3654 berint
679 3599 745 3652 H
886 3600 1029 3669 quis]
1074 3600 1165 3667 qui
1204 3602 1243 3653 Ι
1382 3599 1629 3668 qualibet
1664 3600 1700 3652 1
1859 3599 1892 3651 9
1931 3600 2095 3653 errari
2132 3599 2198 3653 H
2277 3619 2283 3624 ·
2339 3614 2620 3652 emesenus
2658 3597 2758 3651 HI

468 3690 535 3744 10
572 3705 731 3757 quam
772 3691 811 3742 Ι
912 3691 1033 3758 post
1070 3687 1401 3758 paulo'1post
1427 3687 1493 3740 H
1602 3687 1667 3741 13
1708 3687 1920 3757 quaeris
1957 3687 2047 3741 uel
2084 3687 2275 3742 recolis
2305 3687 2378 3738 P¹
2485 3686 2576 3740 hic
2605 3685 2761 3738 HPI

469 3779 535 3833 14
571 3779 887 3832 Ambrosius
927 3777 1057 3847 quid
1095 3781 1281 3830 noster
1318 3793 1421 3829 om.
1460 3775 1772 3831 PMAP¹R
1933 3774 2146 3844 itidem]
2186 3774 2328 3830 idem
2365 3775 2434 3829 H
2597 3775 2751 3828 iuue—

464 3866 600 3930 nias,
648 3881 787 3922 corr.
824 3865 955 3918 'm.1
1000 3865 1243 3918 inuenies
1282 3863 1355 3917 Μ
1396 3864 1679 3917 inueniens
1719 3865 1785 3917 H
1964 3867 2028 3918 15
2079 3863 2245 3934 quod]
2297 3880 2430 3933 quos
2467 3863 2534 3917 H
2577 3879 2683 3931 quo
2723 3861 2762 3913 Ι

470 3955 535 4008 16
574 3969 913 4024 quamquam,
951 3955 1015 4007 in
1050 3970 1219 4023 mar-9.
1261 3956 1519 4022 quantum
1562 3953 1602 4006 I
1775 3952 1956 4006 dixisti
1997 3954 2038 4006 I
2193 3953 2260 4006 17
2299 3959 2429 4020 post
2476 3969 2580 4021 qua
2616 3968 2660 4006 8.
2696 3968 2750 4006 u.

466 4060 577 4098 ras.
615 4043 693 4097 M
724 4059 829 4113 que
867 4045 932 4097 H
1076 4044 1188 4112 eas]
1224 4043 1322 4095 hes
1363 4042 1424 4094 H
1550 4041 1614 4094 19
1653 4031 1810 4110 porro
1851 4041 1976 4095 inde
2013 4041 2068 4092 A
2195 4041 2263 4095 20
2301 4039 2375 4094 ud
2412 4041 2452 4092 I
2589 4041 2752 4094 etiam

468 4149 568 4186 om.
607 4132 676 4185 Η
851 4133 974 4201 ego]
1016 4149 1143 4201 ergo
1188 4131 1250 4184 H
1424 4131 1624 4200 possim
1663 4131 1717 4184 A
1861 4131 1926 4184 21
1975 4130 2176 4184 mul-ta
2212 4129 2294 4182 ΡΙ·
2467 4129 2667 4200 legisse
2703 4128 2757 4181 P

468 4222 536 4275 22
578 4239 673 4275 uos
711 4221 777 4275 H
