3184 4959
474 421 601 486 388
1181 421 1233 474 S.
1289 419 1566 474 Aureli
1623 422 2064 491 Augustini

1452 615 1802 682 LXXXIII.

580 753 871 810 DOMINO
912 753 1349 810 BEATISSIMO
1389 755 1481 810 ΕΤ
1517 755 2105 810 VENERABILITER
2141 754 2529 812 CARISSIMO
2571 757 2664 813 Ac

472 843 1182 899 DESIDERANTISSIMO
1236 844 1503 899 FRATRI
1558 845 1650 898 ΕΤ
1699 843 2146 901 COEPISCOPO
2193 844 2462 900 ALYPIO
2511 846 2602 902 ΕΤ
2649 847 2780 912 QUI

472 931 719 988 TECUM
764 931 954 988 SUNT
1000 932 1403 989 FRATRIBUS
1450 932 1917 989 AUGUSTINUS
1967 933 2057 988 ET
2107 933 2233 999 QUI
2277 933 2538 990 MECUM
2591 935 2777 992 SUNT

1042 1021 1364 1076 FRATRES
1404 1021 1486 1076 IN
1522 1022 1816 1078 DOMINO
1859 1023 2210 1078 SALUTEM.
2839 1073 2868 1111 5

389 1152 419 1212 1
560 1149 848 1215 Tristitia
902 1149 1281 1214 Thiauensis
1348 1149 1656 1215 ecclesiae
1715 1169 1820 1215 cor
1874 1170 2088 1216 meum
2145 1151 2596 1233 conquiescere
2652 1171 2774 1217 non

472 1256 806 1340 permittit,
884 1256 1081 1321 donec
1156 1275 1263 1320 eos
1338 1259 1552 1321 tecum
1627 1257 1878 1322 audiam
1953 1258 2015 1322 in
2087 1257 2427 1338 pristinum
2493 1259 2773 1324 animum

472 1363 827 1444 restitutOS,
878 1363 1046 1446 quod
1094 1364 1220 1428 cito
1266 1363 1632 1428 faciendum
1678 1367 1795 1429 est.
1864 1364 1918 1428 si
1977 1363 2144 1428 enim
2201 1364 2280 1428 de
2336 1365 2588 1429 homine
2645 1383 2774 1430 uno

474 1472 724 1535 tantum
798 1471 1035 1554 sategit
1106 1471 1435 1553 apostolus
1511 1471 1758 1535 dicens:
1833 1470 1944 1535 Ne
2020 1471 2321 1537 maiore
2405 1471 2776 1537 tristitia

476 1577 1039 1652 absorbeatur,
1117 1577 1251 1660 qui
1328 1577 1503 1642 eius
1571 1577 1783 1643 modi
1849 1583 1992 1656 est,
2061 1579 2167 1643 ubi
2235 1578 2426 1642 etiam
2489 1577 2607 1642 ait:
2672 1577 2872 1648 Utm

476 1703 626 1748 non
706 1682 1280 1768 possideamur
1344 1704 1380 1746 a
1446 1687 1749 1761 satana,
1819 1703 1963 1750 non
2031 1685 2233 1749 enim
2299 1685 2774 1770 ignoramus

474 1793 783 1855 mentes
832 1789 1025 1868 eius,
1077 1795 1309 1872 quanto
1358 1791 1563 1874 magis
1611 1810 1727 1855 nos
1775 1794 2026 1873 oportet
2070 1791 2414 1876 uigilanter
2451 1811 2655 1876 agere,
2697 1813 2774 1856 ne

476 1899 595 1962 hoc
659 1897 724 1961 in
788 1899 923 1962 toto
989 1917 1180 1981 grege
1244 1897 1619 1981 plangamus
1687 1901 1750 1962 et
1813 1898 2082 1963 maxime
2147 1899 2210 1962 in
2269 1898 2381 1979 eis,
2440 1899 2551 1982 qui
2606 1919 2772 1964 nunc

480 2001 829 2068 catholicae
891 2003 1034 2086 paci
1100 2007 1505 2069 accesserunt
1568 2008 1633 2069 et
1696 2024 1856 2087 quos
1920 2005 2095 2070 nullo
2159 2006 2347 2072 modo
2422 2005 2774 2090 relinquere

476 2129 763 2194 possum.
813 2111 925 2175 sed
971 2111 1119 2194 quia
1163 2111 1469 2193 temporis
1518 2130 1641 2176 non
1690 2113 1846 2176 siuit
1891 2113 2207 2196 angustia,
2257 2115 2332 2178 ut
2378 2113 2571 2177 simul
2625 2111 2770 2176 inde
2812 2141 2868 2180 ιδ

476 2216 659 2282 nobis
724 2216 1060 2302 diligenter
1112 2217 1524 2283 deliberatam
1577 2219 1799 2284 liceret
1845 2218 2125 2303 eliquare
2171 2219 2570 2294 sententiam,
2619 2219 2772 2301 quid

476 2322 636 2388 mihi
680 2328 828 2407 post-
873 2324 1229 2410 digressum
1278 2327 1565 2391 nostrum
1615 2325 1724 2390 diu
1771 2325 2078 2411 cogitanti
2122 2326 2450 2408 placuerit,
2501 2324 2774 2410 accipiat

480 2432 785 2501 sanctitas
840 2435 951 2497 tua
1007 2435 1089 2512 et,
1146 2433 1203 2497 si
1258 2430 1379 2497 tibi
1425 2451 1674 2516 quoque
1719 2433 1949 2515 placet,
1993 2433 2124 2497 iam
2169 2433 2438 2511 litterae,
2488 2452 2644 2516 quas
2693 2431 2772 2496 ad

481 2556 589 2603 eos
640 2539 959 2604 communi
1003 2539 1257 2604 nomine
1304 2539 1553 2622 scripsi,
1603 2538 1738 2604 sine
1787 2539 2087 2605 dilatione
2133 2539 2487 2605 mittantur.

394 2643 432 2703 2
571 2645 823 2722 Dixisti,
888 2649 961 2712 ut
1026 2646 1358 2711 dimidium
1425 2646 1698 2712 habeant
1755 2649 1819 2710 et
1873 2647 2141 2711 alterum
2198 2645 2530 2711 dimidium
2591 2644 2682 2710 eis
2739 2664 2776 2707 a
2811 2677 2872 2717 20

482 2772 583 2817 me
630 2753 1070 2836 undecumque
1115 2752 1571 2837 prouideretur.
1621 2771 1738 2837 ego
1787 2757 1998 2819 autem
2045 2756 2224 2836 puto,
2264 2753 2432 2834 quia,
2473 2753 2526 2816 si
2564 2756 2776 2817 totum

483 2858 575 2922 eis
623 2860 993 2937 auferretur,
1043 2863 1233 2936 esset,
1282 2860 1450 2942 quod
1498 2860 1850 2925 diceremur
1893 2879 2015 2925 non
2066 2860 2142 2924 de
2187 2861 2456 2944 pecunia
2501 2879 2614 2925 nos
2663 2859 2775 2924 sed

484 2965 561 3028 de
616 2967 867 3030 iustitia
920 2969 1249 3049 tantopere
1303 2967 1646 3032 laborasse.
1715 2986 1858 3032 cum
1912 2987 2058 3032 uero
2110 2966 2443 3032 dimidium
2493 2965 2585 3031 eis
2632 2985 2776 3031 con·

484 3072 772 3137 cedimus
821 3076 885 3137 et
930 3093 1003 3138 eo
1050 3073 1239 3138 modo
1288 3093 1434 3138 cum
1482 3074 1573 3138 eis
1621 3093 1845 3156 pacem
1892 3073 2268 3157 quandoque
2315 3073 2776 3156 componimu8‚

486 3177 644 3242 satis
699 3179 1027 3263 apparebit
1082 3184 1358 3245 nostram
1416 3200 1633 3245 curam
1682 3180 1843 3244 nihil
1889 3180 2063 3245 aliud
2111 3199 2301 3263 quam
2347 3179 2772 3264 pecuniariam
2813 3207 2875 3250 2⁵

606 3433 613 3438 q
665 3369 699 3422 9
734 3367 793 3422 11
829 3367 951 3424 Cor.
990 3371 1040 3433 2,
1080 3370 1112 3422 7
1225 3371 1293 3425 10
1330 3371 1383 3424 ΙΙ
1422 3370 1541 3426 Cor.
1585 3373 1634 3435 2,
1677 3372 1739 3425 11

922 3492 973 3546 Τ
1022 3519 1089 3540 =
1128 3493 1247 3548 cod.
1294 3493 1578 3548 Trecensis
1622 3499 1700 3548 40
1733 3511 1777 3548 s.
1817 3495 2001 3549 XIII.

913 3583 981 3638 Η
1024 3609 1089 3628 =
1129 3582 1245 3639 cod.
1284 3583 1436 3638 Mus.
1476 3585 1623 3640 Brit.
1661 3583 1835 3640 Harl.
1877 3587 2030 3638 3107
2064 3599 2110 3640 ε.
2149 3583 2334 3637 XIII.

912 3673 967 3728 R
1016 3697 1082 3718 =
1121 3673 1239 3728 cod.
1286 3673 1598 3726 Vaticanus
1639 3675 1758 3726 494
1795 3689 1838 3726 a.
1879 3672 2054 3726 XIII
2085 3689 2165 3726 ex.

924 3761 971 3814 V
1022 3787 1087 3807 =
1125 3761 1243 3817 cod.
1292 3761 1604 3816 Vaticanus
1645 3763 1764 3815 495
1799 3778 1841 3815 s.
1882 3761 2012 3816 XV.

924 3850 979 3905 U
1018 3875 1085 3896 =
1123 3850 1239 3905 cod.
1290 3849 1600 3904 Vaticanus
1642 3853 1762 3904 499
1795 3868 1838 3904 s.
1877 3850 2012 3905 XV.

560 3976 593 4027 5
628 3973 821 4028 fratres
859 3991 963 4028 om.
999 3973 1055 4029 R
1164 3976 1195 4028 6
1232 3973 1535 4027 thianensis
1582 3973 1690 4028 VU
1723 3973 1844 4029 cdd.
1874 3979 2172 4043 practerm
2298 3974 2364 4028 11
2401 3971 2786 4044 possideantur

490 4063 607 4117 HR
647 4067 808 4130 (co-rr.
845 4081 914 4118 m.
936 4068 966 4116 1
1001 4061 1393 4134 possideamur)
1535 4063 1602 4116 12
1636 4080 1736 4116 nos
1775 4080 1841 4118 ex
1878 4080 1975 4118 uos
2023 4061 2076 4117 V
2206 4062 2272 4118 13
2309 4063 2475 4133 nunc]
2513 4062 2623 4116 iam
2660 4061 2780 4116 edd.

480 4159 777 4222 praeterm
862 4155 927 4207 15
966 4153 1099 4206 sinit
1146 4151 1254 4205 VU
1356 4151 1512 4205 nobis
1550 4152 1678 4206 inde
1716 4152 1836 4207 edd.
1921 4152 1990 4207 20
2027 4169 2060 4206 a
2095 4153 2203 4221 me]
2243 4156 2372 4206 ante
2416 4150 2467 4205 T
2542 4150 2607 4204 21
2647 4154 2787 4220 puto

492 4261 546 4300 tu
582 4244 646 4298 in
678 4259 792 4298 ras,
834 4260 898 4297 m.
920 4247 970 4310 1)
1015 4242 1066 4296 T
1178 4243 1246 4295 22
1285 4242 1561 4296 auferetur
1599 4244 1700 4310 (sic
1717 4246 1760 4310 Ι)
1799 4260 1867 4298 cx
1901 4241 2280 4312 prouideretur
2323 4240 2377 4295 U
2487 4243 2558 4296 24
2591 4257 2786 4312 pacem

490 4349 668 4386 om.m
