3184 4959
549 407 676 471 740
1252 405 1305 457 S.
1362 402 1640 459 Aureli
1696 402 2134 474 Augustini

548 599 614 660 et
675 595 818 659 uice
880 612 996 660 sua
1051 594 1504 661 consolandam
1569 596 1761 676 atque
1825 593 1923 659 illi
1984 594 2278 659 uicissim
2342 615 2581 661 nouum
2648 596 2875 661 filium

547 702 690 767 uice
747 702 1025 785 corporis
1095 700 1196 766 sui
1260 701 1556 777 traderet,
1622 701 1841 781 immo,
1906 704 1981 767 ut
2040 700 2135 767 ita
2189 700 2471 784 dixerim,
2538 703 2869 789 gigneret,

549 826 674 893 quo
749 809 1108 873 ostenderet
1173 826 1310 873 eam
1383 811 1635 890 praeter
1713 826 1802 887 se,
1880 809 1992 891 qui
2056 828 2128 874 ex
2194 827 2269 873 ea
2340 810 2586 895 uirgine
2662 814 2867 877 natus

550 919 749 995 esset,
827 933 940 981 nec
1013 915 1313 980 habuisse
1387 915 1588 981 filium
1668 934 1784 981 nec
1856 916 2111 995 habere,
2180 918 2331 1000 quia
2392 936 2507 983 nec
2572 917 2873 984 saluator

550 1026 878 1105 tantopere
927 1040 1140 1088 curam
1189 1022 1268 1088 de
1325 1023 1554 1090 solatio
1604 1024 1743 1089 eius
1798 1023 2148 1103 habuisset,
2206 1024 2263 1089 si
2308 1024 2404 1089 illi
2451 1024 2679 1091 unicus
2727 1044 2867 1091 non
2934 1048 2963 1087 s

551 1130 802 1195 fuisset.

449 1236 531 1299 18
645 1236 773 1303 Sed
842 1236 1174 1301 redeamus
1248 1235 1328 1300 ad
1399 1236 1596 1301 uerba
1660 1236 2013 1320 SymeoniS,
2088 1237 2153 1301 in
2218 1256 2487 1321 quorum
2564 1238 2869 1303 clausula

553 1343 948 1409 intellectum
986 1361 1202 1407 meum
1241 1341 1514 1427 caligare
1551 1343 1785 1409 fateor:
1824 1343 1921 1408 Et
1956 1346 2196 1423 tuam,
2242 1344 2472 1427 inquit,
2514 1344 2865 1411 animam

548 1449 1111 1533 pertransibit
1191 1448 1495 1513 framea
1575 1448 1684 1513 uel
1764 1448 2117 1533 gladius,
2200 1456 2293 1514 ut
2373 1451 2869 1515 reuelentur

555 1558 998 1622 multorum
1065 1554 1428 1621 cordium
1495 1556 2085 1640 cogitationes.
2160 1556 2511 1622 secundum
2574 1558 2867 1622 litteram
2908 1582 2957 1618 m

557 1664 676 1727 hoc
714 1661 873 1727 mihi
917 1661 1176 1744 penitus
1215 1662 1558 1727 obscurum
1602 1665 1719 1741 est,
1768 1662 1919 1745 quia
1954 1680 2068 1729 nec
2104 1661 2374 1729 Mariam
2420 1662 2867 1729 beatissimam

559 1788 830 1851 usquam
877 1768 1154 1854 legimus
1202 1770 1498 1846 occisam,
1555 1772 1632 1834 ut
1680 1768 1756 1835 de
1804 1770 2114 1853 corporali
2172 1769 2383 1854 gladio
2434 1774 2692 1835 sanctus
2748 1770 2869 1835 ille

559 1876 618 1939 ei
673 1876 955 1940 futuram
1019 1874 1380 1958 passionem
1445 1876 1860 1959 prophetasse
1916 1876 2229 1941 uideatur.
2316 1876 2431 1943 sed
2484 1876 2657 1958 quod
2712 1877 2871 1942 sub-

559 1982 740 2047 iecit:
797 1986 884 2046 ut
945 1982 1426 2047 reuelentur
1497 1982 1936 2049 multorum
2004 1984 2369 2049 cordium
2418 1984 2869 2068 cogitatio-

562 2106 697 2155 nes
728 2124 815 2135 ——
845 2092 1248 2165 scrutans,
1279 2089 1445 2154 enim
1475 2090 1704 2173 inquit,
1746 2090 1988 2155 corda
2034 2093 2108 2155 et
2152 2108 2383 2156 renes
2432 2090 2628 2157 deus
2656 2126 2768 2169 -,
2799 2094 2869 2155 et
2907 2112 2955 2152 u

564 2194 640 2259 de
705 2196 920 2261 futuro
984 2196 1220 2262 iudicio
1280 2196 1611 2279 apostolus
1670 2196 1780 2275 ait,
1836 2196 1986 2279 quia
2041 2200 2230 2262 tunc
2285 2196 2869 2263 manifestabit

566 2302 762 2369 deus
811 2305 1097 2385 operta
1143 2302 1504 2368 cordium
1545 2306 1625 2367 et
1664 2302 1995 2369 occulta
2031 2303 2570 2369 tenebrarum.
2612 2302 2867 2368 itidem-

564 2427 686 2491 que
751 2406 1080 2489 apostolus
1157 2407 1526 2491 spiritaliter
1591 2408 1944 2492 exprimens
2010 2426 2181 2473 arma
2246 2407 2562 2487 caelestia,
2630 2408 2869 2491 quibus

563 2515 628 2579 in
691 2514 976 2580 interiori
1038 2516 1254 2579 nostro
1322 2514 1666 2580 debeamus
1742 2515 1989 2593 armari,
2066 2514 2425 2599 gladium
2504 2515 2867 2599 spiritus

568 2621 723 2687 dicit
785 2621 1119 2687 uerbum
1179 2620 1328 2699 dei,
1397 2620 1474 2686 de
1531 2640 1657 2704 quo
1724 2621 1801 2686 ad
1854 2620 2181 2687 Hebraeos
2248 2622 2365 2686 ait:
2422 2620 2681 2687 Viuus
2741 2626 2871 2687 est
2908 2646 2958 2684 ιο

568 2748 821 2795 sermo
882 2727 1006 2792 dei
1051 2731 1129 2794 et
1176 2728 1479 2793 efficax
1536 2729 1614 2793 et
1666 2727 2273 2810 penetrabilior
2318 2728 2529 2792 omni
2583 2728 2867 2811 gladio

569 2835 942 2919 ancipiti,
1015 2835 1516 2919 pertingens,
1589 2833 1820 2917 inquit,
1887 2853 2143 2917 usque
2210 2834 2302 2899 ad
2369 2834 2868 2901 diuisionem

569 2942 880 3007 animae
946 2960 1031 3007 ac
1105 2940 1460 3026 spiritus
1528 2944 1592 3007 et
1663 2941 1927 3024 reliqua,
2005 2960 2164 3025 quae
2228 2942 2419 3007 nosti.
2496 2942 2648 3024 quid
2712 2960 2868 3025 ergo

569 3047 823 3127 mirum,
889 3048 945 3113 si
1007 3048 1197 3113 istius
1261 3048 1442 3114 uerbi
1502 3046 1705 3133 ignita
1767 3048 1869 3114 uis
1936 3051 2000 3113 et
2063 3048 2357 3132 ancipitis
2420 3048 2619 3133 gladii
2682 3068 2869 3133 pene-

572 3153 857 3219 trabilior
903 3153 1070 3219 acies
1119 3158 1184 3219 et
1239 3154 1444 3219 sancti
1489 3154 1723 3237 Ioseph
1770 3153 1923 3219 olim
1971 3158 2035 3219 et
2079 3157 2305 3237 postea
2356 3154 2579 3219 beatae
2624 3154 2865 3220 Mariae
2906 3176 2957 3217 ετ»

751 3380 786 3435 8
823 3380 950 3435 Luc.
989 3380 1042 3449 2,
1077 3380 1146 3435 35
1297 3381 1362 3436 15
1398 3381 1486 3438 Ps.
1528 3381 1578 3445 7,
1618 3380 1685 3435 10
1836 3381 1901 3435 16
1940 3379 1966 3433 Ι
2006 3379 2125 3435 Cor.
2162 3380 2215 3446 4,
2252 3382 2285 3435 5
2427 3382 2493 3435 19
2530 3381 2666 3452 Eph.
2704 3382 2759 3448 6,
2801 3382 2865 3435 1‘1'

573 3469 644 3525 20
680 3469 846 3525 Hebr.
884 3472 935 3533 4,
975 3472 1043 3525 12

650 3594 674 3647 1
719 3592 1107 3648 consolandam
1142 3594 1198 3648 A
1235 3593 1564 3649 consolanda
1602 3593 1667 3648 K
1772 3596 1806 3649 2
1846 3592 2043 3649 dixeri·
2074 3597 2242 3665 (post.
2274 3594 2385 3649 iin
2419 3600 2557 3662 ras.)
2596 3594 2651 3649 V
2742 3596 2778 3650 3
2808 3612 2869 3650 ex

575 3700 677 3737 om.
715 3682 771 3736 A
949 3682 985 3736 4
1019 3681 1304 3737 habuisset
1345 3682 1393 3737 G
1533 3682 1679 3753 quod
1722 3682 1770 3736 C
1944 3685 1977 3739 5
2017 3698 2213 3745 coram,
2252 3696 2390 3739 corr.
2428 3687 2553 3739 m.1
2594 3699 2775 3738 curam
2818 3682 2871 3739 G

577 3788 706 3826 cura
745 3770 793 3825 G
933 3770 998 3825 de
1038 3770 1258 3841 solatio]
1300 3769 1652 3825 desolationis
1688 3770 1850 3825 APG
1887 3788 1924 3825 a
1946 3770 2026 3839 ef
2050 3770 2276 3826 Hartel.
2430 3771 2717 3827 habuisset
2752 3772 2867 3825 eius

577 3859 699 3915 edd.
834 3860 868 3913 8
905 3861 1078 3930 tuam]
1119 3862 1270 3913 tuam
1307 3860 1480 3931 ipsius
1527 3860 1631 3915 VR
1665 3876 1765 3915 sec.
1802 3876 1944 3916 sacr.
1986 3861 2089 3918 litt.
2232 3862 2297 3916 13
2337 3860 2433 3915 sed
2472 3863 2531 3915 et
2564 3860 2710 3931 quod
2745 3860 2869 3915 edd.

582 3949 646 4004 15
684 3964 840 4003 renes
877 3947 1010 4003 deus
1049 3950 1104 4003 et
1131 3964 1233 4003 om.
1262 3948 1314 4003 A
1394 3948 1460 4003 16
1487 3950 1619 4003 tunc
1646 3965 1747 4004 om.
1778 3950 1832 4001 A
1940 3948 2317 4003 manifestauit
2341 3950 2397 4003 A
2473 3950 2537 4003 17
2568 3966 2731 4019 opera
2763 3948 2872 4005 GR

583 4037 648 4093 18
687 4054 791 4108 que
829 4052 930 4091 om.
972 4037 1091 4092 edd.
1313 4038 1378 4093 19
1411 4038 1472 4091 in
1509 4052 1612 4093 om.
1650 4037 1777 4093 MR
1815 4038 1970 4105 (add.
2008 4054 2061 4092 m
2099 4042 2159 4103 2)
2196 4039 2259 4093 K
2466 4038 2725 4093 interiore
2770 4037 2873 4091 VR

579 4126 649 4181 20
685 4126 868 4195 uiuus]
905 4126 1065 4181 nnius
1101 4123 1165 4180 K
1310 4130 1395 4181 est
1431 4126 1575 4181 enim
1613 4144 1788 4181 sermo
1827 4128 1881 4181 A
1915 4142 2017 4181 sec.
2064 4126 2237 4197 Vala-
2372 4128 2444 4182 23
2482 4142 2545 4181 ac
2582 4142 2685 4183 om.
2724 4126 2779 4180 A
2816 4136 2869 4180 et

581 4214 701 4270 edd.
731 4220 960 4285 praeter
995 4232 1032 4269 a
1177 4218 1234 4270 et
1269 4216 1544 4287 reliquaq3
1581 4215 1731 4270 nosti
1773 4214 1821 4269 Ο
1996 4216 2067 4271 24
2103 4216 2245 4280 istis,
2282 4230 2420 4271 corr.
2459 4232 2530 4271 m.
2550 4219 2581 4269 1
2616 4215 2777 4270 istius
2822 4214 2877 4269 1⁷

653 4304 737 4357 uis
775 4304 832 4375 (u
870 4319 1006 4359 corr.
1044 4322 1113 4359 m.
1137 4308 1207 4372 23
1229 4305 1424 4374 fuitne
1457 4304 1491 4359 b
1515 4302 1566 4374 Ρ)
1604 4305 1677 4359 Μ
1817 4305 2042 4376 ancipiti
2079 4304 2263 4375 gladio
2310 4302 2415 4359 VR
