3184 4959
1194 467 1724 535 epistularum
1781 465 1919 521 XCI.
2585 472 2714 536 435

404 681 568 738 mim,
616 662 691 725 ut
734 661 854 724 hac
895 659 1223 726 occasione
1263 659 1746 724 admoneremus
1786 680 1916 736 eoS‚
1955 661 2110 744 quid
2147 661 2348 726 facere
2389 662 2710 746 deberent·

402 769 457 833 si
507 771 821 850 saperent,
869 787 988 832 non
1038 769 1289 831 tantum
1336 785 1450 849 pro
1498 768 1883 832 remouenda
1920 768 2238 852 praesenti
2277 769 2708 834 sollicitudine

401 895 624 939 uerum
691 873 883 939 etiam
948 893 1059 956 pro
1116 873 1489 956 inquirenda
1547 873 1759 938 salute
1815 878 2144 958 perpetua.
2193 875 2398 939 multa
2445 895 2482 940 a
2528 877 2711 942 nobis

402 983 759 1057 audierunt,
808 981 1087 1044 multum
1136 981 1330 1045 etiam
1377 981 1505 1063 ipsi
1551 983 1968 1064 rogauerunt3
2021 981 2130 1044 sed
2177 981 2366 1056 absit,
2415 985 2492 1045 ut
2545 983 2708 1046 tales

346 1089 575 1162 bserui
650 1089 873 1157 simus.
943 1107 1101 1169 quos
1170 1088 1247 1150 ab
1316 1088 1407 1152 eis
1472 1087 1684 1171 rogari
1751 1087 2046 1164 delectet,
2105 1105 2142 1150 a
2199 1088 2431 1169 quibus
2495 1091 2712 1152 noster

404 1195 695 1259 dominus
762 1213 883 1257 non
950 1195 1232 1277 rogatur.
1298 1194 1465 1258 unde
1528 1193 1827 1276 peruides
1891 1213 2004 1275 pro
2070 1193 2418 1258 uiuacitate
2475 1195 2708 1259 mentis

400 1304 549 1365 tuae
616 1301 693 1364 ad
757 1301 877 1365 hoc
944 1319 1085 1364 esse
1151 1299 1481 1364 nitendum
1538 1303 1791 1364 seruata
1847 1299 2338 1363 mansuetudine
2384 1301 2450 1364 et
2496 1299 2706 1364 mode·

399 1408 641 1472 ratione
700 1406 1076 1484 Christiana,
1136 1411 1211 1472 ut
1266 1411 1381 1472 aut
1434 1410 1680 1472 ceteros
1729 1408 2158 1472 deterreamus
2206 1425 2421 1472 eorum
2467 1406 2706 1472 imit-ari

398 1514 881 1596 peruersitatem
932 1517 1043 1580 aut
1082 1519 1325 1579 ceteros
1366 1521 1664 1596 optemus
1703 1533 1922 1578 eorum
1958 1513 2194 1578 imitari
2233 1513 2704 1578 correctionem.

316 1649 363 1688 ιο
402 1621 649 1696 damna,
718 1633 877 1704 quae
942 1621 1141 1686 inlata
1206 1625 1374 1698 sunt,
1450 1623 1557 1686 uel
1629 1621 1980 1686 tolerantur
2043 1641 2080 1684 a
2145 1619 2523 1685 Christianis
2597 1621 2708 1685 uel

398 1728 829 1792 resarciuntur
900 1747 1013 1809 per
1088 1728 1507 1793 Christianos.
1581 1727 1932 1792 animarum
2005 1747 2122 1792 nos
2196 1729 2392 1805 lucra,
2471 1727 2704 1808 quibus

400 1833 807 1916 adquirendis
883 1857 1025 1900 cum
1092 1835 1374 1920 periculo
1440 1836 1634 1899 etiam
1703 1835 2032 1919 sanguinis
2099 1834 2441 1911 inhiamuS‚
2514 1841 2578 1898 et
2639 1834 2702 1898 in

398 1940 537 2006 loco
602 1941 715 2005 illo
781 1943 1231 2023 quaestuosius
1295 1941 1630 2024 prouenire
1697 1943 1762 2004 et
1824 1941 1966 2005 aliis
2023 1941 2184 2005 locis
2239 1939 2350 2004 illo
2418 1938 2701 2022 exemplo

398 2068 520 2112 non
568 2049 861 2132 impediri
908 2048 1361 2114 desideramus,
1428 2048 1531 2112 dei
1586 2047 2020 2112 misericordia
2069 2047 2250 2112 nobis
2295 2049 2576 2128 praestet
2623 2045 2700 2110 de

311 2187 360 2226 15
399 2159 510 2218 tua
559 2155 764 2219 salute
813 2155 1106 2239 gaudere.

468 2346 500 2398 2
540 2346 905 2400 sollicitudine
944 2348 995 2400 A
1118 2349 1149 2400 3
1189 2348 1360 2400 multa
1409 2347 1549 2399 enim
1590 2345 1881 2398 audierunt
1918 2361 1949 2398 a
1985 2344 2142 2398 nobis
2181 2344 2252 2396 M
2373 2346 2404 2394 Γ»
2446 2343 2695 2396 (lominus

397 2441 585 2489 noster
622 2435 678 2490 R
786 2439 819 2491 6
857 2436 1000 2490 unde
1040 2453 1169 2489 uero
1208 2435 1459 2506 peruides
1497 2435 1553 2490 R
1699 2435 1828 2488 uiua.
1866 2434 2090 2488 ciuitate
2128 2433 2182 2486 A
2294 2433 2324 2484 7
2362 2433 2467 2485 hoc
2503 2447 2605 2485 om.
2647 2431 2706 2484 Γ

469 2531 686 2580 seruata
722 2526 775 2578 A
867 2526 899 2579 8
939 2528 1001 2578 ut
1038 2525 1156 2594 aut]
1198 2529 1293 2578 aut
1328 2529 1391 2576 ut
1420 2524 1473 2578 R
1509 2527 1571 2576 ut
1609 2525 1732 2590 (om.
1773 2527 1886 2590 aut)
1918 2522 1982 2576 K
2072 2525 2102 2576 9
2144 2537 2326 2576 eorum
2367 2524 2615 2590 optemus
2643 2519 2698 2574 R

400 2615 465 2672 10
504 2631 537 2666 a
571 2630 693 2676 om„
732 2631 797 2670 m.
822 2619 852 2666 1
895 2614 1023 2670 add.
1064 2613 1125 2666 F
1267 2615 1327 2666 11
1372 2613 1668 2666 animarum
1711 2627 1839 2679 ergo
1879 2627 1977 2663 nos
2016 2609 2071 2664 R
2229 2609 2294 2662 13
2334 2609 2695 2679 questuosiaS.

394 2719 533 2758 corr.
572 2708 693 2756 m.1
744 2704 1089 2771 questuosius
1137 2703 1191 2755 A
1240 2717 1377 2770 quae
1426 2701 1722 2754 studiosius
1769 2699 1842 2751 M
2021 2700 2088 2753 14
2136 2701 2380 2768 praestet
2426 2701 2482 2750 et
2531 2697 2594 2748 de
2635 2695 2700 2748 K

400 2793 463 2846 15
502 2792 760 2862 gaudere]
802 2791 1039 2861 gaudere
1078 2809 1174 2862 per
1212 2790 1373 2844 deum
1410 2789 1465 2844 R

2509 4465 2610 4521 ⁴28*
