3184 4959
629 452 759 516 582
1344 447 1396 503 S.
1453 447 1729 502 Aureli
1785 448 2223 519 Augustini

1702 642 1863 710 CIV.

633 783 927 840 DOMINO
979 781 1240 838 Exnsso
1293 781 1723 846 MERITOQUE
1780 781 2240 837 HONORABILI
2290 782 2383 838 Ac
2442 783 2928 841 SUSCIPIENDO

773 871 1042 928 FRATRI
1080 870 1449 927 NECTARIO
1487 871 1953 927 AUGUSTINUS
1991 871 2073 924 IN
2110 871 2404 927 DOMINO
2444 871 2798 927 SALUTEM.

521 985 608 1048 Il
721 999 876 1083 Legi
939 999 1186 1063 litteras
1249 997 1663 1082 benignitatis
1718 1002 1889 1075 tuae,
1956 997 2188 1080 quibus
2245 998 2403 1063 mihi
2466 998 2657 1082 longe
2710 1001 2934 1082 postea

631 1105 1041 1189 respondisti,
1114 1124 1302 1188 quam
1377 1124 1552 1169 meas
1630 1104 1708 1169 ad
1780 1107 1845 1168 te
1910 1104 2307 1187 perferendas
2374 1104 2539 1169 dedi.
2606 1124 2749 1168 nam
2816 1123 2932 1189 ego
2991 1129 3014 1167 s

633 1211 1098 1296 rescripseram,
1177 1229 1320 1276 cum
1389 1211 1596 1277 adhuc
1660 1211 1993 1277 nobiscum
2060 1213 2234 1277 esset
2297 1231 2499 1294 neque
2564 1211 2935 1296 nauigasset

635 1323 893 1384 sanctus
957 1319 1151 1383 frater
1213 1322 1278 1383 et
1342 1319 1762 1401 coepiscopus
1829 1337 2009 1384 meus
2074 1318 2439 1394 Possidius;
2516 1319 2632 1388 has
2700 1323 2933 1394 autem,

636 1445 794 1508 quas
869 1425 994 1490 mei
1060 1444 1252 1490 causa
1322 1425 1417 1491 illi
1495 1425 1793 1510 dignatus
1870 1443 1936 1488 es
2012 1425 2292 1500 reddere,
2360 1425 2575 1508 accepi
2640 1425 2731 1490 VI
2790 1425 2933 1490 Kal.

634 1533 871 1614 Aprilis
927 1535 1078 1614 post
1131 1551 1384 1596 menses
1441 1532 1637 1597 ferme
1696 1534 1860 1610 octo,
1919 1551 2111 1614 quam
2166 1531 2565 1615 scripseram.
2623 1550 2735 1596 cur
2788 1551 2935 1615 ergo

637 1639 714 1703 ad
761 1642 826 1704 te
873 1641 1006 1704 tam
1053 1657 1191 1704 sero
1239 1657 1380 1703 mea
1427 1639 1665 1721 scripta
1708 1639 2114 1722 peruenerint
2161 1642 2271 1702 aut
2315 1638 2398 1703 ad
2441 1658 2544 1703 me
2590 1644 2722 1718 tua,
2768 1659 2935 1722 pror·
2972 1662 3019 1702 ιο

639 1764 748 1810 sus
786 1745 1030 1828 ignom,
1059 1745 1183 1810 nisi
1222 1746 1383 1810 forte
1421 1745 1610 1810 modo
1650 1745 1992 1810 rescribere
2021 1745 2391 1828 prudentiae
2420 1749 2570 1810 tuae
2605 1747 2937 1829 placuerit,

639 1851 808 1934 quod
863 1852 1068 1916 facere
1125 1854 1268 1916 ante
1325 1855 1815 1935 contempseras.
1880 1850 2002 1916 hoc
2062 1851 2116 1917 si
2172 1853 2265 1916 ita
2321 1854 2438 1930 est,
2504 1852 2717 1930 miror,
2770 1853 2938 1916 unde

641 1958 743 2022 sit.
803 1977 878 2021 an
927 1957 1166 2040 aliquid
1222 1958 1478 2035 audisti,
1539 1959 1707 2040 quod
1755 1977 1871 2024 nos
1922 1959 2129 2024 adhuc
2184 1959 2363 2036 latet,
2419 1958 2677 2024 fratrem
2722 1977 2938 2024 meum

639 2065 1006 2130 Possidium
1055 2064 1362 2130 aduersus
1411 2065 1586 2129 ciues
1636 2068 1806 2144 tu08,
1856 2083 2014 2148 quos
2062 2103 2147 2112 —-
2195 2084 2350 2147 pace
2395 2068 2507 2130 tua
2545 2065 2804 2130 dixerim
2856 2103 2935 2113 --

639 2173 847 2237 multo
887 2171 1205 2236 salubrius
1244 2171 1458 2256 diligit
1492 2171 1633 2254 ipse
1681 2191 1873 2255 quam
1920 2175 2011 2250 tu,
2062 2191 2185 2254 quo
2222 2173 2583 2254 plectantur
2630 2171 2937 2250 seuerius,
2974 2195 3019 2234 15

642 2281 1058 2363 impetrasse?
1106 2297 1248 2342 nam
1296 2279 1414 2344 hoc
1465 2283 1528 2342 et
1575 2278 1854 2362 epistula
1898 2283 2011 2344 tua
2056 2282 2121 2344 te
2168 2282 2449 2343 metuere
2496 2277 2751 2356 indicat,
2790 2297 2938 2344 cum

645 2387 966 2468 admones,
1022 2389 1096 2450 ut
1157 2386 1316 2450 mihi
1391 2389 1534 2449 ante
1610 2385 1829 2451 oculos
1906 2387 2315 2464 constituam,
2382 2386 2587 2468 qualis
2659 2385 2771 2449 illa
2834 2385 2941 2450 ‘sit

643 2494 888 2576 species
943 2491 1249 2572 ciuitatis,
1309 2512 1380 2556 ex
1439 2511 1563 2576 qua
1631 2490 1712 2556 ad
1756 2493 2143 2576 supplicium
2194 2491 2466 2557 ducendi
2511 2493 2939 2570 extrahuntur,

645 2619 802 2684 quae
841 2601 929 2664 sit
961 2603 1259 2677 matrum,
1301 2618 1459 2681 quae
1507 2599 1873 2683 coniugum,
1916 2619 2077 2682 quae
2122 2599 2487 2678 liberorum,
2528 2618 2685 2682 quae
2723 2619 2939 2683 paren-

641 2711 783 2771 tum
826 2707 1220 2785 lamentatio,
1271 2725 1393 2788 quo
1442 2705 1682 2788 pudore
1732 2706 1810 2770 ad
1846 2707 2113 2790 patriam
2154 2706 2367 2770 uenire
2404 2705 2658 2788 possint
2692 2707 2941 2770 liberati
2974 2729 3020 2767 ευ

645 2814 758 2879 sed
827 2813 1000 2891 torti,
1087 2831 1246 2896 quos
1319 2797 1585 2877 renouet
1660 2813 1907 2878 dolores
1983 2817 2093 2878 aut
2177 2813 2455 2898 gemitus
2522 2813 2940 2878 consideratio

643 2921 983 2985 uulnerum
1048 2924 1112 2984 et
1175 2918 1590 2984 cicatricum.'
1642 2918 1830 2998 absit,
1877 2921 1971 2996 ut,
2016 2919 2143 2984 ista
2190 2920 2487 3002 cuiquam
2541 2919 2943 2984 inimicorum

646 3029 1005 3091 nostrorum
1090 3026 1197 3090 uel
1277 3045 1389 3107 per
1470 3045 1586 3089 nos
1671 3028 1776 3090 uel
1857 3046 1971 3109 per
2062 3045 2441 3108 quemquam
2530 3025 2701 3108 quod
2769 3025 2942 3109 inge-

645 3137 884 3209 rantur,
949 3131 1294 3207 instemus3
1361 3131 1494 3208 sed,
1561 3134 1639 3195 ut
1694 3131 1838 3210 dixi,
1906 3131 1961 3195 si
2026 3130 2268 3214 aliquid
2322 3132 2451 3196 tale
2516 3131 2595 3195 ad
2648 3134 2713 3196 te
2776 3131 2943 3196 fama

647 3239 932 3322 pertulit,
1011 3237 1292 3320 apertius
1359 3237 1656 3318 edissere,
1733 3241 1807 3301 ut
1878 3237 2265 3316 nouerimuS,
2340 3238 2445 3304 uel
2508 3239 2662 3322 quid
2736 3257 2941 3322 agere,
2975 3261 3022 3299 κε»

648 3365 725 3410 ne
808 3346 936 3409 ista
1016 3345 1187 3422 fiant,
1273 3344 1380 3408 uel
1454 3345 1609 3426 quid
1683 3344 1840 3409 haec
1914 3344 2318 3410 credentibus
2390 3345 2769 3428 respondere
2842 3343 2942 3407 de·

649 3453 937 3516 beamus,

593 3565 632 3626 2
739 3559 1010 3623 Litteras
1069 3577 1240 3622 meas
1295 3559 1511 3640 potius
1567 3558 1834 3635 intuere,
1896 3557 2129 3641 quibus
2184 3564 2248 3622 te
2304 3558 2649 3623 rescribere
2703 3557 2939 3642 piguitz

651 3665 786 3729 illic
852 3665 1016 3729 enim
1085 3664 1242 3730 satis
1309 3665 1588 3746 expressi
1656 3665 1935 3729 animum
2002 3667 2310 3730 nostrum.
2379 3665 2511 3747 sed,
2576 3668 2651 3730 ut
2704 3665 2939 3748 opinor,

833 3893 1043 3947 17—22
1081 3917 1148 3938 =
1186 3910 1240 3962 p.
1279 3892 1401 3956 581,
1440 3893 1618 3947 9—13

831 4017 986 4070 Idem
1023 4017 1246 4083 codices,
1285 4017 1382 4084 qui
1417 4017 1480 4070 in
1517 4033 1597 4086 ep.
1647 4017 1814 4073 CIII.

831 4141 1216 4194 Laurinienses
1251 4139 1398 4194 hanc
1447 4141 1743 4210 epistulam
1780 4142 1843 4195 in
1886 4141 2183 4196 Vaticanis
2228 4140 2634 4211 exemplaribus
2678 4145 2940 4210 repertam

648 4229 824 4300 primi
861 4230 1163 4283 ediderunt.

729 4355 761 4406 2
799 4353 1141 4422 suspiciendo
1189 4353 1238 4408 V
1349 4354 1415 4407 10
1453 4353 1560 4407 iam
1608 4353 1661 4407 U
1768 4357 1833 4409 16
1874 4371 1995 4408 nam
2038 4358 2093 4409 et
2130 4355 2232 4410 hoc
2270 4353 2505 4425 epistola
2537 4356 2639 4408 tua
2670 4353 2773 4408 hoc
2808 4359 2863 4407 te
2898 4349 2943 4404 U
