3184 4959
499 356 629 422 568
1199 355 1253 409 S.
1309 355 1584 410 Aureli
1640 355 2079 426 Augustini

497 547 720 628 fuerat,
762 549 1092 628 diceretur,
1133 549 1428 632 quamuis
1465 550 1530 614 in
1569 551 1776 634 spatio
1814 551 2149 634 temporali
2183 553 2517 639 longitudo
2556 575 2793 639 poenae

501 675 644 719 cum
717 656 1028 721 breuitate
1102 656 1398 722 facinoris
1471 657 1649 723 nullo
1722 658 1911 724 modo
1978 659 2066 724 sit
2128 660 2564 743 comparanda.
2640 663 2795 745 quid

501 781 648 845 ergo
695 764 1078 828 contrarium
1126 765 1244 842 est,
1303 764 1358 829 si
1405 767 1592 828 erunt
1645 765 1881 847 pariter
1929 764 2125 850 longa
2169 769 2277 832 uel
2322 767 2515 832 etiam
2560 767 2797 850 pariter

499 871 753 935 aeterna
797 869 1115 954 supplicia
1159 870 1272 936 sed
1317 871 1460 937 aliis
1509 871 1636 936 alia
1678 871 1933 937 mitiora
1968 875 2077 937 uel
2114 874 2371 952 acriora,
2418 877 2512 952 ut,
2561 874 2793 957 quibus

499 979 756 1059 tempus
812 977 1075 1058 aequale
1123 980 1244 1056 est,
1301 996 1422 1042 non
1481 979 1568 1042 sit
1612 979 1897 1061 aequalis
1953 980 2261 1061 asperitas
2316 986 2573 1065 propter
2626 1000 2794 1047 men·
2856 1002 2885 1042 s

501 1101 714 1147 suram
770 1083 960 1148 etiam
1024 1087 1430 1167 peccatorum
1493 1103 1616 1150 non
1680 1085 1747 1149 in
1801 1085 2215 1168 productione
2269 1091 2629 1172 temporum
2684 1088 2797 1154 sed

503 1190 564 1254 in
610 1190 944 1255 uoluntate
988 1191 1432 1273 peccantium?

395 1301 478 1364 27
589 1295 903 1362 Voluntas
969 1297 1201 1382 quippe
1273 1297 1414 1381 ipsa
1487 1299 1753 1380 punitur
1814 1298 1954 1364 siue
2020 1301 2213 1365 animi
2277 1301 2593 1385 supplicio
2658 1301 2794 1367 siue

502 1404 804 1486 corporiS,
869 1407 962 1483 ut,
1032 1423 1190 1487 quae
1249 1404 1603 1470 delectatur
1664 1405 1728 1470 in
1792 1407 2093 1489 peccatis,
2157 1406 2300 1491 ipsa
2360 1408 2679 1491 plectatur
2730 1409 2794 1472 in

501 1511 720 1595 poenis
769 1515 835 1576 et
887 1515 979 1591 ut,
1037 1511 1146 1594 qui
1199 1511 1443 1577 iudicat
1496 1512 1633 1576 sine
1678 1512 2129 1594 misericordia,
2187 1515 2322 1580 sine
2367 1516 2797 1581 misericordia
2832 1534 2887 1574 ιο

501 1617 838 1683 iudicetur.
905 1620 970 1683 et
1031 1617 1096 1683 in
1160 1618 1279 1684 hac
1335 1617 1568 1702 quippe
1626 1621 1943 1684 sententia
1998 1621 2077 1686 ad
2133 1620 2253 1686 hoc
2308 1622 2519 1687 solum
2575 1622 2797 1688 eadem

501 1743 800 1789 mensura
846 1728 962 1802 est,
1020 1729 1112 1802 ut,
1163 1725 1331 1807 quod
1373 1745 1498 1790 non
1543 1726 1885 1808 praestitit,
1931 1746 2053 1792 non
2104 1727 2163 1792 ei
2207 1731 2565 1812 praestetur
2610 1733 2797 1811 atque

504 1831 613 1910 ita,
672 1830 841 1913 quod
893 1830 1033 1912 ipse
1077 1830 1414 1910 iudicatur,
1475 1835 1801 1897 aeternum
1849 1832 1988 1912 erit,
2048 1835 2363 1916 quamuis,
2424 1834 2593 1918 quod
2635 1834 2797 1899 iudi-

505 1937 698 2017 cauit,
773 1941 1096 2002 aeternum
1167 1956 1304 2002 esse
1367 1939 1747 2021 nequiuerit.
1824 1939 1888 2003 in
1956 1939 2180 2005 eadem
2241 1941 2443 2026 igitur
2500 1960 2798 2006 mensura

505 2043 796 2126 quamuis
833 2062 954 2108 non
993 2048 1386 2110 aeternorum
1433 2047 1915 2112 malefactorum
1954 2049 2207 2114 aeterna
2252 2049 2571 2133 supplicia
2604 2067 2797 2113 reme-
2836 2068 2889 2108 ιε

503 2149 770 2230 tiuntur,
816 2155 910 2230 ut,
961 2151 1110 2234 quia
1147 2155 1460 2218 aeternam
1497 2154 1713 2219 uoluit
1747 2153 1977 2219 habere
2012 2155 2259 2237 peccati
2296 2156 2799 2239 perfruitionem,

505 2260 820 2323 aeternam
891 2259 1176 2324 inueniat
1247 2258 1568 2324 uindictae
1656 2261 2084 2327 seueritatem.
2160 2281 2283 2328 non
2360 2266 2575 2328 autem
2650 2263 2799 2328 sinit

504 2365 830 2447 proposita
881 2367 1163 2430 breuitas
1221 2366 1652 2449 responsionis
1698 2386 1899 2446 meae,
1954 2371 2031 2433 ut
2085 2368 2381 2454 colligam
2430 2369 2640 2434 omnia
2692 2369 2801 2432 uel

506 2478 673 2542 certe
713 2490 902 2554 quam
944 2472 1239 2557 plurima,
1288 2493 1448 2558 quae
1487 2473 1563 2538 de
1600 2475 1879 2557 peccatis
1918 2478 1984 2540 et
2020 2475 2095 2540 de
2147 2479 2545 2558 peccatorum
2581 2477 2799 2560 poenis

507 2583 708 2649 sancti
779 2581 927 2646 libri
999 2581 1254 2658 habent,
1329 2584 1519 2665 atque
1596 2600 1668 2646 ex
1737 2581 1839 2646 his
1912 2599 2104 2646 unam
2171 2602 2387 2648 eruam
2460 2584 2595 2648 sine
2668 2585 2800 2650 ulla
2834 2601 2891 2642 2⁰

507 2688 922 2774 ambiguitate
977 2687 1375 2766 sententiam,
1443 2687 1500 2752 si
1553 2691 1765 2752 tamen
1821 2687 1886 2752 id
1924 2673 2190 2754 ¹ualeam
2244 2689 2491 2754 uiribus
2548 2691 2797 2767 mentia,

508 2795 697 2862 etiam
774 2796 830 2860 si
897 2814 1246 2879 congruum
1319 2793 1645 2860 nanciscar
1712 2795 1935 2860 otium.
2013 2814 2178 2860 nunc
2250 2799 2462 2861 tamen
2536 2796 2803 2862 arbitror

509 2903 665 2967 satis
716 2921 854 2967 esse
900 2903 1326 2966 monstratum
1373 2919 1496 2966 non
1544 2920 1687 2966 esse
1737 2901 2119 2968 contrarium
2167 2903 2525 2968 aeternitati
2564 2903 2803 2986 suppli—

509 3010 768 3086 ciorum,
834 3009 1004 3092 quod
1066 3009 1134 3073 in
1189 3008 1408 3074 eadem
1461 3027 1761 3074 mensura
1813 3009 2181 3090 redduntur,
2245 3010 2310 3074 in
2368 3030 2492 3093 qua
2544 3014 2804 3095 peccata

509 3117 854 3183 commissa
898 3120 1068 3183 sunt.
2836 3134 2891 3176 2⁵

689 3377 756 3432 10
793 3377 900 3433 Iac.
940 3377 990 3442 2,
1035 3378 1099 3432 13

583 3555 608 3607 1
651 3569 806 3622 pena,
846 3569 985 3606 corr.
1025 3569 1195 3622 penae
1243 3553 1286 3605 Ο
1437 3553 1470 3606 2
1510 3551 1584 3605 sit
1620 3568 1721 3607 om.
1761 3551 1948 3606 HMA
2104 3555 2137 3608 3
2176 3554 2335 3618 erint,
2373 3557 2505 3608 m.2
2543 3557 2702 3608 erunt
2736 3553 2809 3606 M

507 3644 543 3696 4
579 3640 675 3695 sed
711 3642 768 3694 in
807 3641 932 3695 aliis
969 3641 1030 3694 E
1177 3641 1211 3695 8
1251 3641 1577 3710 supplicatio
1620 3646 1706 3711 (oa
1742 3647 1907 3708 erae.)
1951 3640 1999 3695 G
2155 3643 2188 3696 9
2224 3645 2289 3696 ut
2326 3643 2488 3714 quae]
2529 3645 2713 3712 utraq3
2750 3643 2805 3696 A

581 3731 634 3785 in
674 3731 931 3802 peccatis]
969 3731 1025 3784 in
1065 3731 1324 3800 temporis
1362 3731 1424 3784 E
1544 3731 1610 3784 10
1648 3734 1807 3784 ut·et
1844 3730 1889 3784 C
1924 3735 1980 3784 et
2018 3737 2143 3798 (om.
2182 3734 2267 3800 ut)
2304 3734 2361 3786 A
2502 3731 2710 3787 iudicet
2744 3732 2805 3785 H

513 3819 578 3874 13
615 3820 735 3890 ipsa
759 3820 817 3872 P
890 3821 953 3874 15
991 3819 1352 3873 remetiuntur
1389 3835 1455 3872 ex
1490 3819 1841 3873 remitiuntur
1866 3819 1941 3873 M
1974 3819 2327 3874 remetientur
2350 3819 2411 3873 Ε
2482 3822 2547 3875 16
2588 3819 2731 3890 quod
2764 3820 2811 3873 G

579 3907 1004 3977 perfructionem
1041 3907 1179 3962 HM
1193 3925 1246 3960 m
1283 3907 1717 3976 perfunctionem
1756 3910 1807 3960 A
1982 3909 2046 3962 17
2086 3907 2363 3962 uindictae
2400 3908 2649 3962 inueniat
2684 3908 2805 3962 edd.

513 3997 578 4050 18
615 3997 920 4066 propositas
957 3997 1012 4049 A
1229 3996 1431 4050 ueritas
1475 3995 1524 4050 0
1700 3997 1768 4051 19
1804 3999 2074 4066 peecatas,
2111 4013 2179 4050 m.
2218 4002 2251 4049 1
2286 4013 2423 4051 corr.
2470 3997 2709 4067 peccatis
2746 3995 2812 4049 H

580 4085 788 4155 poenis]
828 4085 984 4140 libris
1025 4085 1150 4151 (dez.
1187 4103 1256 4140 m.
1279 4089 1336 4152 2)
1379 4086 1565 4156 poenis
1604 4085 1679 4139 M
1799 4086 1869 4140 20
1906 4085 2045 4140 ulla*
2074 4087 2147 4154 (m
2186 4092 2349 4152 erae.)
2387 4084 2444 4139 P
2578 4086 2642 4139 21
2684 4101 2805 4139 sen-

509 4175 701 4240 tentia,
743 4192 808 4228 m.
832 4179 872 4228 2
909 4175 1186 4230 sententia
1229 4174 1280 4228 G
1423 4175 1631 4230 uiribus
1670 4177 1889 4245 mentis]
1930 4176 2066 4229 totis
2104 4175 2313 4229 uiribus
2349 4174 2411 4228 Ε
2514 4176 2584 4228 22
2622 4174 2809 4228 nanci-

513 4281 632 4318 scor
671 4266 842 4318 otium
880 4265 953 4318 M
985 4281 1110 4318 nam
1149 4265 1258 4318 tisa
1295 4265 1522 4318 orotium
1562 4265 1631 4318 H
1734 4266 1803 4320 23
1842 4265 2182 4319 aeternitatis
2220 4265 2273 4317 A
2383 4265 2451 4318 25
2490 4263 2603 4317 sint
2638 4265 2693 4316 A
