3184 4959
261 1586 310 1625 10

171 1782 253 1841 15

255 2118 307 2159 15

1087 402 1618 473 epistularum
1676 401 1919 457 CXVIII.
2525 408 2655 472 679

352 601 634 685 perfecta
681 598 960 682 corporis
1007 598 1118 662 illa
1155 600 1432 661 extrema
1467 596 1673 662 totius
1720 597 1996 663 hominis
2043 599 2467 666 inmortalitas
2506 600 2657 677 erit:

354 712 486 773 tam
531 706 776 790 potenti
815 705 980 771 enim
1020 708 1245 769 natura
1283 704 1438 768 deus
1487 704 1642 769 fecit
1680 704 1975 782 animam,
2021 708 2097 770 ut
2134 726 2206 770 ex
2245 707 2383 771 31113
2418 708 2655 790 plenis-

357 814 520 880 sima-
565 812 977 889 beatitudine,
1031 830 1190 893 quae
1236 810 1300 873 in
1355 810 1478 873 fine
1526 814 1885 892 temporum
1946 812 2183 876 sanctis
2240 815 2655 895 promittitur,

351 920 662 985 redundet
707 919 898 983 etiam
954 916 1018 981 in
1075 916 1434 980 inferiorem
1489 920 1801 995 naturam,
1851 917 2020 1000 quod
2077 921 2177 983 est
2224 938 2473 1003 corpus,
2530 940 2650 986 non

350 1027 700 1105 beatitudo,
749 1044 910 1107 quae
948 1023 1218 1087 fruentis
1259 1024 1324 1086 et
1356 1022 1789 1107 intellegentis
1830 1028 1928 1089 est
1974 1025 2244 1107 propria,
2294 1026 2407 1090 sed
2454 1026 2651 1109 pleni-

348 1134 504 1200 tudo
561 1132 874 1205 sanitatis,
931 1131 995 1195 id
1053 1134 1152 1195 est
1206 1130 1695 1212 incorruptionis
1752 1131 1941 1215 uigor
1992 1168 2093 1209 ——‚
2145 1132 2313 1214 quod
2373 1134 2480 1217 qui
2526 1152 2647 1197 non

349 1240 588 1319 uident,
637 1242 712 1303 ut
757 1238 902 1313 dixi,
950 1237 1191 1302 bellant
1233 1236 1536 1318 inquietis
1585 1238 2104 1303 altercationibus
2154 1240 2324 1303 uarie
2370 1260 2482 1322 pro
2532 1259 2647 1305 suo

349 1347 619 1431 quisque
694 1350 882 1427 captu
957 1345 1022 1408 in
1101 1364 1358 1427 corpore
1433 1345 1895 1408 constituentes
1971 1364 2291 1410 summum
2374 1347 2647 1412 hominis

346 1454 583 1519 bonum
658 1456 724 1517 et
795 1452 1139 1517 carnalium
1223 1450 1673 1517 seditiosorum
1756 1452 1977 1516 turbas
2052 1454 2398 1529 concitant;
2483 1454 2651 1519 inter

349 1581 508 1644 quos
535 1560 834 1643 Epicurei
873 1558 1039 1641 apud
1077 1558 1399 1623 indoctam
1435 1558 1918 1624 multitudinem
1959 1559 2395 1625 excellentiore
2434 1565 2647 1626 aucto-

345 1669 534 1733 ritate
581 1668 946 1749 uiguerunt.

437 1774 532 1837 Da
587 1774 764 1847 item,
825 1772 932 1854 qui
981 1771 1106 1836 cito
1163 1770 1384 1836 uideat
1437 1770 1719 1836 animum
1768 1789 2021 1855 quoque
2076 1772 2291 1856 ipsum
2346 1793 2470 1839 non
2526 1793 2643 1840 suo

346 1881 508 1945 bono
563 1879 822 1943 beatum
879 1898 1038 1955 esse,
1089 1896 1232 1943 cum
1287 1877 1514 1942 beatus
1563 1881 1683 1955 est,
1743 1878 2023 1961 alioquin
2079 1899 2425 1962 numquam
2472 1884 2645 1945 esset

346 1988 556 2063 miser,
609 1990 674 2049 et-
708 1986 1040 2050 recedetur
1077 2004 1112 2049 a
1149 1984 1524 2068 quaerendo,
1570 1989 1787 2050 utrum
1836 1986 1899 2049 in
1938 1985 2145 2051 animo
2188 1988 2273 2051 sit
2318 2006 2639 2052 summum

343 2093 505 2158 illud
569 2096 779 2175 atque,
853 2096 930 2157 ut
995 2093 1090 2157 ita
1152 2092 1434 2168 dixerim,
1509 2092 1873 2156 beatificum
1939 2092 2176 2158 bonum
2249 2093 2355 2158 1131
2431 2094 2642 2177 aliqua

341 2220 488 2286 pars
553 2201 712 2265 eius.
777 2218 921 2264 nam
987 2218 1134 2265 cum
1201 2218 1270 2263 se
1333 2199 1472 2281 ipso
1539 2198 1665 2263 sibi
1730 2199 1913 2281 quasi
1978 2217 2095 2263 suo
2160 2200 2324 2265 bono
2391 2201 2639 2265 animus

342 2307 596 2392 gaudet,
645 2305 960 2390 superbus
1009 2308 1127 2371 est.
1185 2324 1332 2369 oum
1379 2324 1528 2370 uero
1585 2304 1893 2388 perspicit
1948 2324 2017 2370 se
2066 2326 2206 2371 esse
2262 2308 2636 2372 mutabilem

339 2415 444 2480 uel
499 2415 620 2479 hoc
675 2431 802 2477 uno
858 2414 1106 2489 saltem,
1157 2411 1325 2494 quod
1374 2410 1449 2475 de
1497 2412 1697 2477 stulto
1747 2412 1997 2495 sapiens
2046 2413 2339 2491 efficitur,
2398 2414 2639 2497 sapien-

337 2522 618 2605 tiamque
659 2540 800 2585 esse
835 2518 1421 2583 incommutabilem
1461 2520 1678 2598 cernit,
1728 2520 1922 2584 simul
1960 2524 2208 2603 oportet
2246 2524 2459 2585 cernat
2496 2540 2636 2586 3333

334 2628 512 2693 illam
566 2644 760 2708 supra
814 2644 996 2690 suam
1051 2629 1339 2689 naturam
1389 2626 1657 2709 eiusque
1711 2626 2193 2709 participatione
2241 2632 2429 2710 atque
2475 2627 2639 2693 inlu-

335 2734 636 2799 stratione
703 2750 772 2796 33
835 2730 1093 2795 uberius
1159 2735 1225 2795 et
1288 2732 1522 2796 certius
1590 2733 1866 2815 gaudere
1931 2752 2121 2818 quam
2188 2753 2256 2798 33
2320 2736 2479 2816 ipso,
2546 2736 2637 2799 ita

335 2858 590 2904 cessans
629 2842 818 2921 atque
859 2838 1301 2903 detumescens
1341 2856 1379 2902 a
1415 2839 1757 2905 iactatione
1796 2844 1987 2923 atque
2022 2839 2347 2906 inflatione
2384 2842 2635 2924 propria

331 2947 654 3011 inhaerere
702 2945 816 3009 deo
867 2948 1057 3027 atque
1105 2944 1182 3009 ab
1239 2945 1351 3011 illo
1409 2944 1918 3012 incommutabili
1972 2946 2143 3011 refici
2192 2950 2257 3012 et
2310 2947 2631 3013 reformari

332 3052 574 3129 nititur,
642 3070 678 3115 a
743 3069 868 3134 (1110
936 3069 1076 3115 3333
1140 3050 1269 3115 iam
1337 3053 1508 3135 capit
1569 3072 1693 3119 non
1764 3054 1970 3118 solum
2037 3073 2283 3119 omnem
2352 3054 2625 3137 speciem

269 3187 292 3225 5
331 3177 538 3221 rerum
573 3157 874 3236 omnium,
915 3156 1054 3222 siue
1086 3178 1245 3240 quae
1285 3177 1474 3223 sensu
1517 3160 1795 3244 corporis
1836 3160 1973 3225 siue
2003 3179 2165 3243 quae
2201 3160 2633 3244 intellegentia

330 3266 563 3329 mentis
611 3265 1046 3349 adtinguntur,
1107 3267 1220 3331 sed
1268 3267 1458 3332 etiam
1509 3268 1712 3349 ipsam
1763 3269 2178 3350 capacitatem
2234 3268 2631 3333 formationis

329 3376 474 3437 ante
530 3372 990 3447 formationem,
1041 3392 1188 3438 cum
1236 3374 1342 3438 uel
1388 3374 1656 3439 informe
1704 3374 1946 3457 aliquid
1994 3375 2244 3454 dicitur,
2293 3374 2460 3458 quod
2506 3374 2626 3438 for-

327 3478 486 3543 mari
521 3480 757 3563 potest.
794 3480 1010 3561 itaque
1048 3483 1226 3546 tanto
1265 3480 1476 3545 minus
1516 3500 1584 3547 se
1624 3500 1763 3547 3333
1803 3480 2099 3547 stabilem
2137 3481 2353 3559 sentit,
2393 3485 2625 3564 quanto

399 3688 425 3741 1
468 3688 703 3758 corporis
741 3688 985 3757 perfecta
1017 3686 1075 3742 R
1209 3689 1245 3741 4
1280 3688 1336 3741 in
1375 3704 1496 3751 om„
1537 3706 1603 3741 m.
1626 3691 1667 3742 2
1704 3688 1835 3741 add.
1876 3690 1925 3742 A
2064 3689 2133 3743 10
2168 3687 2535 3742 excellentiori
2570 3687 2625 3743 R

326 3776 610 3830 excellenti
651 3780 696 3829 A
775 3777 841 3830 12
879 3777 994 3847 (1111]
1037 3792 1174 3846 quae
1212 3776 1287 3830 M
1319 3792 1439 3847 que,
1481 3793 1589 3830 rae.
1628 3783 1691 3829 ut
1726 3777 1844 3831 uid.
1886 3778 1977 3846 qui
2002 3777 2057 3831 A
2170 3778 2281 3831 3130
2312 3778 2384 3831 Μ
2489 3778 2620 3845 11011]

323 3866 378 3919 111
429 3866 480 3917 V
611 3866 677 3920 13
718 3864 922 3935 alioqui
951 3866 1003 3919 A
1144 3866 1210 3919 14
1246 3865 1589 3919 recederetur
1625 3866 1679 3919 A
1718 3865 1987 3920 receditur
2021 3865 2096 3919 M
2232 3866 2297 3919 15
2336 3864 2516 3935 aliquo
2555 3864 2629 3919 M

326 3954 392 4007 16
431 3954 531 4007 sibi
559 3954 622 4007 in
649 3954 760 4019 fine
779 3970 835 4007 u.
862 3969 965 4008 om.
995 3952 1052 4007 R
1154 3953 1220 4007 18
1251 3954 1340 4023 de]
1373 3970 1402 4007 3
1429 3952 1570 4008 P¹V
1672 3954 2067 4024 sapientiam*:1¹=··1
2096 3970 2213 4007 esse
2244 3954 2315 4007 M
2408 3954 2478 4007 20
2508 3952 2623 4007 eius

323 4042 447 4107 (oni.
477 4046 604 4112 que)
642 4041 768 4095 MA
877 4044 946 4097 23
985 4044 1150 4111 atque
1189 4058 1308 4105 om,
1334 4058 1404 4095 m.
1426 4045 1466 4097 2
1499 4043 1564 4096 in
1596 4058 1769 4112 mary.
1803 4042 1933 4099 add.
1963 4042 2035 4096 Ρ1
2146 4040 2456 4109 reformare,
2484 4058 2622 4095 corr.

319 4136 440 4186 m.1
475 4132 754 4185 reformari
792 4132 860 4184 M
929 4132 999 4186 24
1027 4132 1284 4195 nitititur‚
1325 4147 1462 4186 corr.
1502 4132 1713 4199 (m.1?)
1752 4132 1951 4185 nititur
1984 4131 2041 4185 P
2182 4132 2329 4202 cepit
2354 4130 2429 4184 M
2461 4130 2621 4201 cepit.

319 4237 386 4273 m.
411 4224 442 4273 1
473 4236 650 4288 supra
684 4220 712 4273 1
748 4221 896 4290 capit
930 4220 987 4275 R
1137 4236 1348 4275 omnem
1387 4222 1640 4291 speciem,
1676 4238 1746 4277 m.
1768 4226 1798 4273 1
1832 4238 2009 4289 supra
2044 4222 2071 4275 l·
2110 4220 2285 4274 omnis
2322 4220 2530 4290 species
2564 4218 2623 4275 R

319 4310 386 4363 25
427 4309 837 4379 intellegentia»
875 4312 948 4377 (m
987 4314 1148 4376 erae.)
1188 4311 1243 4363 P
1348 4311 1416 4365 27
1457 4310 1646 4380 aliqui,
1684 4327 1752 4364 m.
1775 4314 1815 4363 2
1852 4308 2059 4379 aliquid
2096 4309 2171 4363 M
