3184 4959
552 417 683 482 506
1284 413 1672 506 S.·Aureli
1720 413 2153 484 Augustini

1605 607 1798 676 XCV.

554 749 864 806 DOMINIS
912 748 1320 807 cAmssnns
1365 749 1458 804 ΕΤ
1496 747 2042 814 smonmssmls,
2081 747 2386 806 SANCTIS
2423 748 2516 806 ΕΤ
2552 749 2858 807 ΒΕΒῙΒΕ-

554 839 943 896 RABILIBUS
1004 839 1097 894 ΕΤ
1156 837 1742 895 VENERABILIBUS
1805 837 2212 894 FRATRIBUS
2277 839 2416 896 SUB
2477 838 2856 896 MAGISTRO

554 926 851 986 DOMINO
887 926 1057 984 IESU
1094 924 1654 982 CONDISCIPULIS
1688 924 2012 982 PAULINO
2051 927 2144 982 ΕΤ
2179 926 2590 984 THERASIAE
2625 925 2858 984 AUGU-

1156 1014 1415 1072 STINUS
1451 1013 1535 1069 IN
1568 1014 1866 1072 DOMINO
1907 1015 2261 1072 SALUTEM.
2923 1061 2952 1104 ὅ

649 1143 811 1212 Cum
846 1161 967 1210 uos
1012 1143 1239 1210 fratres
1277 1140 1481 1208 nostri
1518 1141 2029 1209 coniunctissimi
2073 1141 2280 1224 nobis,
2326 1162 2488 1226 quos
2524 1143 2864 1211 nobiscum

559 1249 903 1316 desiderati
950 1249 1303 1316 desiderare
1352 1252 1419 1316 et
1456 1248 1726 1314 salutati
1768 1247 2118 1316 resalutare
2165 1250 2544 1329 consuestis,
2601 1250 2862 1318 assidue

556 1358 799 1440 uident,
873 1377 997 1423 non
1070 1360 1200 1422 tam
1273 1358 1590 1440 augentur
1661 1355 1826 1421 bona
1899 1359 2114 1422 nostra
2199 1375 2389 1439 quarn
2453 1360 2865 1424 consolantur

558 1467 743 1534 mala.
798 1485 943 1532 nam
997 1464 1173 1550 ipsas
1220 1480 1448 1530 causas
1494 1465 1563 1530 et
1605 1461 2046 1543 necessitates,
2099 1463 2338 1547 quibus
2389 1468 2608 1550 petere
2658 1468 2864 1532 trans-

560 1573 801 1640 marina
872 1573 1205 1656 coguntur,
1288 1589 1413 1636 non
1496 1588 1808 1649 amamuS,
1888 1567 2087 1637 immo
2169 1571 2364 1636 etiam
2435 1570 2690 1638 odimus
2773 1576 2862 1653 et,
2901 1595 2956 1636 ιο

560 1683 869 1764 quantum
918 1677 1253 1757 ualemus,
1320 1675 1606 1742 deuitare
1668 1694 1972 1742 conamur
2033 1679 2100 1742 et
2169 1679 2382 1744 tamen
2454 1678 2667 1746 nescio
2731 1697 2862 1762 quo

559 1785 772 1865 modo,
819 1785 1004 1851 credo
1042 1803 1154 1868 pro
1192 1783 1439 1850 meritis
1476 1782 1740 1862 nostrie,
1787 1781 2008 1848 deesse
2045 1801 2169 1850 non
2215 1787 2516 1866 possunt;
2565 1785 2679 1851 sed
2713 1803 2864 1852 cum

564 1891 643 1956 ad
680 1911 799 1958 uos
835 1890 1105 1957 ueniunt
1140 1893 1205 1956 et
1240 1889 1465 1956 uident
1498 1908 1642 1970 uos,
1687 1888 1782 1968 fit,
1831 1887 2002 1971 quod
2038 1889 2352 1974 scriptum
2399 1893 2526 1958 est:
2575 1891 2864 1958 Secun-

564 1999 743 2065 dum
801 1996 1423 2064 multitudinem
1472 1995 1840 2062 dolorum
1885 2015 2236 2062 meorum
2280 1997 2358 2062 in
2408 1997 2647 2066 eorde
2689 2017 2862 2064 meo

566 2103 1185 2170 exhortationes
1240 2107 1428 2170 tuae
1482 2103 2151 2170 iucundauerunt
2205 2104 2544 2171 animam
2593 2123 2860 2170 meam.
2903 2127 2958 2170 ιι

563 2210 825 2295 proinde
860 2210 941 2275 ad
975 2210 1169 2276 istam
1212 2208 1546 2288 laetitiam,
1594 2228 1721 2292 qua
1755 2209 2094 2276 uobiscum
2134 2213 2234 2277 est
2277 2211 2472 2276 frater
2503 2210 2866 2290 Possidius‚

566 2337 713 2384 cum
770 2337 842 2382 ex
893 2317 1036 2400 ipso
1092 2315 1445 2394 audieritis,
1503 2335 1695 2400 quam
1747 2317 1956 2384 tristis
2011 2337 2160 2383 eum
2215 2335 2409 2384 causa
2463 2318 2866 2403 compulerit,

566 2426 688 2491 hoc
742 2443 845 2490 me
898 2423 1235 2490 uerissime
1290 2423 1498 2490 dicere
1556 2424 1978 2509 cognoscetis,
2037 2427 2104 2490 et
2152 2429 2365 2490 tamen
2425 2425 2480 2492 si
2527 2425 2868 2509 quisquam

566 2535 855 2598 nostrum
911 2534 1167 2617 propter
1218 2531 1345 2596 hoo
1398 2531 1610 2596 solum
1661 2532 1786 2598 iret
1835 2533 2010 2598 trans
2057 2550 2248 2608 mare,
2305 2537 2381 2598 ut
2423 2536 2642 2599 uestra
2693 2551 2870 2615 prae·

570 2639 777 2707 sentia
830 2640 1165 2716 frueretur,
1221 2638 1375 2720 quid
1418 2639 1539 2704 hac
1584 2656 1780 2704 causa
1821 2639 2082 2718 iustius,
2139 2638 2294 2720 quid
2347 2643 2568 2724 posset
2614 2639 2868 2724 dignius
2903 2661 2964 2701 ao

566 2747 883 2812 inueniri?
946 2746 1061 2810 sed
1122 2745 1191 2811 id
1244 2744 1503 2811 uincula
1556 2749 1774 2811 nostra
1827 2764 1950 2811 non
2005 2745 2258 2823 ferrent,
2327 2746 2560 2830 quibus
2615 2745 2870 2831 religati

572 2873 795 2920 sumus
868 2853 1257 2918 infirmorum
1334 2853 1571 2918 seruire
1653 2852 2066 2936 languoribus
2139 2871 2256 2918 nec
2333 2871 2442 2920 eos
2513 2851 2872 2936 praesentia

574 2959 882 3042 corporali
934 2958 1310 3043 relinquere,
1374 2959 1497 3026 nisi
1552 2979 1701 3025 cum
1763 2958 1883 3026 hoc
1940 2961 2180 3044 cogunt
2231 2963 2408 3024 tanto
2463 2958 2870 3044 imperiosius

573 3071 807 3148 quanto
880 3065 1301 3147 periculosius
1365 3066 1772 3150 aegrotando,
1843 3069 2058 3132 utrum
2125 3083 2525 3132 exerceamur
2595 3065 2717 3146 his,
2789 3083 2868 3130 an

572 3173 789 3258 potius
818 3173 1193 3255 plectamur,
1230 3171 1466 3252 nescio,
1496 3173 1622 3238 nisi
1659 3173 1827 3256 quod
1865 3191 2014 3238 non
2054 3172 2496 3240 secundum
2531 3175 2872 3256 peecata
2905 3195 2964 3233 ιε

756 3418 821 3473 13
858 3417 948 3472 Ps.
988 3417 1076 3484 93,
1116 3417 1184 3472 19
1293 3418 1363 3474 25
1398 3417 1487 3472 Pa.
1530 3417 1650 3482 102,
1693 3417 1759 3471 10

1002 3559 1061 3612 Ρ
1108 3583 1177 3605 =
1215 3557 1332 3614 cod.
1370 3559 1674 3612 Par-asinus
1707 3575 1838 3612 nou.
1880 3573 1995 3626 aeq.
2035 3561 2190 3612 1672
2223 3573 2267 3613 s.
2306 3558 2416 3612 IX.

1022 3647 1069 3700 V
1114 3673 1182 3695 =
1220 3647 1335 3703 cod.
1385 3647 1696 3702 Vaticanus
1737 3647 1856 3700 495
1889 3663 1932 3702 s.
1973 3645 2103 3700 XV.

1012 3737 1068 3792 U
1112 3763 1180 3783 =
1219 3737 1337 3793 cod.
1386 3736 1698 3790 Vaticanus
1739 3737 1858 3789 499
1892 3750 1935 3790 s.
1975 3737 2038 3790 X
2049 3735 2108 3790 V.

756 3826 1140 3881 Louanienses
1188 3827 1337 3880 hanc
1387 3826 1682 3894 epistulam
1730 3826 1794 3879 in
1841 3841 1958 3880 uno
2019 3825 2296 3880 Vaticano
2349 3823 2655 3896 exemplari
2702 3825 2872 3892 (495)

578 3920 849 3985 repertam
873 3916 1049 3985 primi
1084 3915 1389 3970 ediderunt.

656 4059 688 4111 2
728 4057 1154 4124 desiderabibus,
1193 4072 1331 4111 corr.
1368 4060 1490 4110 m.1
1526 4055 1979 4110 desiderabilibus
2015 4056 2073 4110 P
2229 4056 2267 4110 4
2303 4055 2504 4125 tyrasie
2541 4055 2598 4109 P
2717 4055 2750 4109 7
2787 4071 2874 4108 as·

582 4147 737 4217 sidue
766 4145 821 4200 P
916 4147 950 4200 9
980 4144 1461 4216 quibus—odimus
1490 4161 1592 4199 om.
1633 4143 1743 4200 VU
1767 4145 1887 4200 edd.
1993 4145 2058 4199 12
2099 4143 2256 4199 eredo
2292 4161 2390 4214 pro
2427 4143 2638 4198 meritis
2673 4145 2876 4198 nostris

582 4251 682 4290 om.
732 4233 785 4288 U
898 4239 1153 4304 -possunt
1189 4237 1247 4300 (u
1284 4250 1352 4288 ex
1388 4249 1525 4288 corr.
1564 4249 1636 4289 m.
1671 4237 1736 4286 ut
1769 4233 1888 4288 uid.
1925 4231 1978 4302 1)
2015 4233 2071 4288 P
2205 4234 2270 4288 13
2311 4231 2379 4287 ad
2413 4249 2514 4286 nos
2549 4232 2784 4288 ueniunt
2821 4235 2880 4288 et

580 4324 773 4378 uident
808 4339 909 4378 nos
956 4322 1067 4377 VU
1099 4323 1217 4376 edd.
1328 4323 1399 4377 20
1435 4321 1557 4392 hac]
1600 4337 1661 4375 ac
1696 4322 1752 4376 P
1857 4322 1922 4376 21
1963 4321 2042 4392 id]
2081 4338 2143 4376 ea
2179 4321 2236 4375 P
