3184 4959
470 430 598 493 102
1166 429 1217 482 S.
1274 428 1547 481 Aureli
1600 427 2035 496 Augustini

466 621 706 687 tatibus
773 622 1000 688 cedens
1068 627 1132 687 et
1196 623 1366 687 omni
1427 622 1616 687 modo
1684 623 1945 705 cupiens
2009 625 2251 688 tantam
2324 621 2755 704 inpudentiam

469 729 783 795 cohibere.
851 749 1052 812 neque
1119 728 1283 793 enim
1351 749 1544 795 ausus
1620 731 1720 795 est
1793 729 2190 796 Christianus
2264 730 2603 810 imperator
2666 727 2757 791 sic

468 855 682 900 eorum
731 836 1165 901 tumultuosas
1213 839 1280 900 et·
1321 837 1584 901 fallaces
1634 837 1921 919 querelas
1970 837 2315 919 suscipere,
2363 839 2439 900 ut
2485 835 2559 898 de
2596 834 2754 898 iudi-

468 941 565 1007 cio
631 942 1094 1025 episcoporum,
1163 943 1269 1025 qui
1335 943 1574 1007 Romae
1643 941 1953 1020 sederant,
2028 942 2166 1025 ipse
2240 942 2569 1019 iudicaret,
2645 941 2755 1005 sed

467 1048 648 1124 alios,
695 1051 772 1113 ut
817 1049 962 1124 dixi,
1011 1048 1344 1130 episcopos
1401 1048 1594 1114 dedit.
1644 1067 1681 1112 a
1726 1048 1957 1131 quibus
2005 1053 2214 1114 tamen
2260 1049 2358 1115 illi
2404 1048 2482 1113 ad
2542 1048 2753 1130 ipsum
2816 1071 2843 1110 5

464 1173 717 1219 rursum
779 1155 1224 1237 imperatorem
1287 1173 1633 1237 prouocare
1698 1157 2079 1221 maluemnt.
2156 1175 2281 1238 qua
2340 1154 2405 1220 in
2469 1175 2536 1219 re
2607 1154 2755 1219 illos

466 1279 652 1342 quem
711 1261 790 1326 ad
845 1261 1106 1326 modum
1163 1261 1533 1339 detestetur,
1602 1261 1895 1328 audistis.
1966 1267 2156 1345 atque
2220 1262 2464 1328 utinam
2528 1262 2754 1325 saltem

462 1367 668 1449 ipsius
741 1367 976 1432 iudicio
1048 1367 1471 1432 insanissimis
1537 1369 2050 1434 animositatibus
2116 1369 2250 1433 suis
2312 1368 2501 1432 finem
2565 1387 2754 1450 posu-

462 1473 666 1538 issent
720 1476 931 1557 atque,
977 1477 1053 1538 ut
1099 1474 1190 1539 eis
1237 1475 1374 1557 ipse
1422 1475 1637 1550 cessit,
1685 1477 1761 1539 ut
1806 1474 1881 1539 de
1928 1475 2040 1538 illa
2086 1493 2278 1540 causa
2320 1477 2469 1558 post
2515 1475 2757 1558 episco-

464 1599 578 1663 pos
642 1580 954 1645 iudicaret
1017 1599 1053 1644 a
1117 1582 1354 1646 sanctis
1421 1582 1816 1646 antistitibus
1862 1584 2087 1664 postea
2124 1583 2375 1646 ueniam
2412 1581 2844 1665 petiturussm

465 1687 616 1752 dum
663 1689 872 1752 tamen
917 1687 1036 1762 illi,
1083 1688 1253 1770 quod
1297 1688 1568 1754 ulterius
1619 1688 1918 1765 dicerent,
1965 1707 2087 1753 non
2134 1689 2456 1765 haberent,
2506 1689 2560 1752 si
2616 1689 2752 1752 eius

465 1794 812 1861 sententiae
868 1813 990 1858 non
1047 1795 1572 1876 obtemperarent,
1639 1794 1718 1858 ad
1770 1805 1969 1877 'quem
2036 1795 2161 1878 ipsi
2223 1798 2751 1878 prouocauerunt,

463 1903 556 1967 sic
613 1904 678 1966 et
729 1901 830 1965 illi
884 1900 1218 1982 aliquando
1274 1900 1570 1966 cederent
1616 1902 1901 1967 ueritati!
1950 1902 2145 1967 iussit
2188 1903 2354 1967 enim
2399 1901 2529 1980 ille,
2576 1909 2652 1967 ut
2696 1903 2755 1966 ei

461 2010 672 2091 partes
748 2007 828 2072 ad
901 2006 1207 2092 agendam
1275 2025 1530 2074 causam
1594 2008 1864 2075 Romam
1930 2012 2348 2074 occurrerent.
2415 2028 2539 2092 quo
2606 2029 2749 2075 cum

463 2103 860 2180 Caecilianus
907 2113 1120 2178 nescio
1170 2133 1294 2194 qua
1340 2133 1532 2179 causa
1578 2135 1700 2180 non
1749 2115 2151 2194 occurrisset,
2198 2116 2637 2198 interpellatus
2676 2116 2750 2180 ab
2792 2141 2841 2179 15

462 2223 553 2286 eis
617 2221 958 2304 praecepit,
1025 2223 1097 2284 ut
1159 2219 1618 2286 Mediolanium
1683 2226 2114 2304 sequerentur.
2189 2228 2338 2287 tunc
2413 2241 2480 2287 se
2554 2224 2753 2306 aliqui

463 2347 680 2394 eorum
745 2327 1116 2393 subtrahere
1181 2331 1515 2412 coeperant
1578 2327 1847 2393 fortasse
1902 2327 2233 2413 indignati,
2282 2329 2432 2412 quia
2476 2348 2596 2393 non
2657 2334 2755 2393 est

464 2454 571 2500 eos
645 2434 934 2499 imitatus
1012 2434 1486 2512 Constantinus,
1560 2437 1637 2499 ut
1707 2434 1830 2499 iam
1908 2435 2127 2501 statim
2192 2439 2383 2517 atque
2446 2437 2754 2500 uelociter

465 2541 892 2607 Caecilianum
949 2541 1275 2606 damnaret
1320 2542 1667 2606 absentem.
1725 2541 1894 2624 quod
1941 2542 2051 2606 ubi
2100 2543 2404 2627 cognouit
2446 2542 2751 2625 prouidus

459 2648 820 2732 imperator,
888 2647 1166 2730 reliquos
1231 2647 1308 2711 ab
1376 2647 1756 2714 officialibus
1823 2648 2179 2712 custoditos
2243 2650 2398 2714 fecit
2450 2649 2753 2714 Mediola·
2790 2673 2843 2711 20

458 2754 635 2818 nium
689 2755 1037 2838 peruenire.
1097 2773 1221 2837 quo
1279 2773 1424 2818 cum
1484 2755 1675 2819 etiam
1734 2753 2131 2820 Caecilianus
2186 2753 2490 2832 uenisset,
2536 2755 2749 2837 ipsum

459 2879 730 2944 quoque,
788 2862 954 2926 sicut
999 2861 1274 2944 scripsit,
1323 2861 1611 2926 exhibuit
1656 2861 2035 2947 cognitaque
2082 2880 2275 2926 causa
2321 2880 2446 2943 qua
2492 2861 2751 2945 diligen-

459 2967 570 3041 tia,
628 2987 753 3050 qua
807 2967 1074 3045 cautela,
1131 2987 1256 3049 qua
1311 2969 1695 3051 prouisione,
1753 2969 1925 3033 sicut
1971 2969 2107 3033 eius
2154 2968 2437 3032 indicant
2478 2968 2748 3045 litterae,

463 3072 888 3138 Caecilianum
936 3073 1554 3150 innocentissimum,
1602 3073 1751 3138 illos
1797 3074 2281 3156 inprobissimos
2328 3073 2659 3139 iudicauit.

191 3179 345 3242 VIII
368 3180 448 3242 21
543 3179 627 3244 Et
681 3178 886 3243 adhuc
941 3179 1265 3262 baptizant
1321 3182 1492 3244 extra
1548 3180 1881 3245 ecclesiam
1939 3183 2021 3259 et,
2080 3181 2135 3246 si
2196 3181 2467 3263 possint,
2531 3181 2749 3263 rebap·
2786 3207 2841 3246 25

455 3285 656 3350 tizant
710 3285 1072 3360 ecclesiam3
1134 3285 1493 3350 sacrificant
1553 3285 1617 3351 in
1684 3286 2079 3352 dissensione
2146 3289 2211 3351 et
2275 3288 2621 3352 schismate
2687 3293 2751 3351 et

456 3393 631 3476 pacis
689 3392 940 3456 nomine
993 3393 1262 3475 populos
1319 3393 1621 3470 salutant,
1681 3413 1840 3474 quos
1888 3413 1925 3456 a
1969 3411 2122 3477 pace
2178 3394 2406 3458 salutis
2464 3393 2751 3459 extermi-

455 3502 625 3564 nant.
673 3499 1104 3564 conscinditur
1149 3498 1358 3564 unitas
1407 3499 1667 3575 Christi,
1705 3499 2184 3583 blasphematur
2218 3500 2537 3565 hereditas
2573 3499 2748 3565 Chri-

527 3707 558 3760 3
599 3711 660 3760 ut
698 3706 786 3776 de]
826 3707 968 3760 unde
1004 3707 1066 3762 F
1167 3711 1199 3762 5
1240 3707 1378 3760 alius
1416 3711 1478 3762 ut
1515 3706 1623 3760 dixi
1662 3696 1757 3778 eps
1794 3707 1856 3761 F
1968 3708 1999 3762 9
2038 3708 2155 3777 ipse
2195 3709 2270 3762 eis
2308 3709 2481 3777 siquis
2518 3707 2657 3762 σοὶ-ν.
2695 3708 2751 3762 Ρ

529 3784 623 3865 eps
659 3796 770 3850 ΕΔ
897 3798 961 3852 10
999 3797 1340 3851 antistitibus
1381 3797 1482 3862 (tib
1523 3797 1586 3850 in
1622 3814 1735 3851 raa
1774 3802 1915 3864 m.1)
1955 3797 2016 3851 F
2047 3797 2343 3852 antistibus
2379 3797 2559 3851 MAP
2597 3801 2685 3864 (m.
2708 3801 2749 3851 2

455 3885 822 3957 antistitibus)
968 3887 1153 3940 ueniat
1187 3887 1262 3939 M
1296 3887 1384 3954 (m.
1407 3889 1447 3938 2
1482 3886 1720 3956 ueniam)
1758 3885 1819 3939 F
1952 3887 2018 3940 12
2058 3885 2149 3956 ad]
2191 3890 2250 3940 at
2286 3885 2357 3938 M
2485 3885 2551 3939 13
2590 3885 2745 3939 cede-

453 3977 596 4038 runt,
635 3992 702 4029 m.
726 3979 766 4028 2
803 3974 1002 4029 cedant
1033 3974 1112 4028 M
1144 3973 1369 4028 cederen
1409 3975 1509 4038 (sic
1529 3977 1586 4041 Ι),
1626 3991 1695 4029 m.
1719 3978 1758 4028 2
1794 3974 2050 4029 cederent
2087 3976 2141 4029 P
2278 3976 2343 4028 14
2383 3991 2655 4028 romanam
2693 3974 2746 4027 A

457 4065 522 4116 15
563 4079 667 4130 que
709 4063 766 4114 F
953 4062 1246 4116 occurrisse
1285 4061 1344 4114 F
1521 4063 1584 4116 16
1622 4061 2017 4118 mediolaneum
2056 4064 2180 4118 MA
2218 4062 2397 4117 medio
2436 4063 2650 4116 laneum
2691 4061 2753 4116 F

455 4151 818 4205 mediolanum
854 4151 911 4206 R
948 4151 1068 4206 edd.
1213 4150 1409 4220 aliquis
1446 4150 1507 4204 F
1614 4153 1677 4207 17
1718 4157 2009 4221 coeperunt
2046 4153 2165 4206 edd.
2276 4153 2345 4206 20
2382 4151 2743 4206 mediolanum

453 4240 564 4294 AR
592 4241 711 4294 edd.
822 4240 890 4294 22
928 4240 1287 4309 cognitaquae
1316 4238 1375 4292 F
1405 4239 1779 4310 cognitalqua
1806 4241 1859 4293 A
1968 4242 2036 4295 23
2076 4242 2153 4295 eis
2192 4240 2265 4294 M
2367 4243 2438 4294 24
2472 4239 2745 4310 improba·

453 4328 666 4382 sisimos
702 4329 779 4382 M
881 4329 948 4382 27
987 4328 1204 4398 populo,
1241 4346 1309 4381 m.
1332 4331 1372 4381 2
1409 4328 1637 4398 populos
1675 4328 1731 4382 P
1872 4330 2116 4384 salutant
2153 4346 2254 4384 om.
2298 4331 2351 4384 A
