3184 4959
539 430 668 495 670
1240 429 1293 483 S.
1349 428 1629 483 Aureli
1682 429 2122 500 Augustini

537 623 703 689 enim
729 623 919 687 finem
951 626 1118 689 certe
1146 624 1272 688 iam
1303 624 1501 691 sentis
1533 644 1673 689 esse
1702 626 2125 711 nugatorium,
2166 626 2432 706 inanem,
2464 632 2840 705 uentosum;

535 730 728 795 habet
773 733 838 794 et
883 734 1214 809 tumorem,
1274 731 1391 797 sub
1441 750 1564 815 quo
1614 732 1805 797 etiam
1852 732 2033 797 tabes
2090 733 2392 818 gignitur,
2442 736 2507 799 et
2559 736 2843 819 pupulae

535 838 765 903 mentis
805 837 884 919 ad
920 858 1042 903 non
1079 837 1418 903 uidendam
1458 840 1849 923 opulentiam
1888 840 2177 905 ueritatis
2228 840 2593 908 offunditur.
2633 841 2841 919 crede,

535 945 628 1009 sic
666 948 784 1025 est,
833 944 922 1009 mi
959 942 1282 1024 Dioscore,
1328 944 1417 1010 ita
1463 948 1528 1010 te
1575 946 1746 1010 fruar
1788 946 1850 1010 in
1898 945 2040 1029 ipsa
2084 947 2418 1011 uoluntate
2459 952 2524 1013 et
2566 948 2631 1013 in
2676 948 2841 1030 ipsa.

536 1052 718 1116 cuius
768 1050 993 1115 umbra
1038 1051 1363 1129 auerteris,
1403 1052 1713 1137 dignitate
1758 1052 2069 1118 ueritatis.
2116 1052 2285 1117 unde
2332 1055 2500 1119 enim
2546 1053 2666 1119 tibi
2710 1057 2837 1120 nisi
2906 1080 2936 1121 ε

533 1159 641 1223 uel
687 1158 806 1223 hoc
851 1158 1040 1222 modo
1081 1157 1158 1222 de
1203 1158 1323 1223 hac
1368 1178 1434 1223 re
1479 1158 1672 1224 fidem
1718 1158 1966 1236 faciam,
2014 1177 2137 1224 non
2184 1158 2459 1225 inuenio.
2508 1179 2631 1225 non
2669 1162 2841 1225 enim

533 1263 716 1329 uides
774 1284 912 1329 eam
958 1267 1070 1329 aut
1115 1265 1247 1329 ullo
1294 1265 1506 1345 modo,
1555 1286 1747 1349 quam
1795 1264 1903 1330 diu
1952 1265 2190 1351 linguis
2239 1268 2534 1333 humanis
2580 1268 2843 1333 ruinosa

535 1370 769 1456 gaudia
831 1371 1168 1450 construis,
1215 1375 1399 1453 potes
1448 1391 1586 1437 eam
1634 1372 1871 1441 uidere.

451 1472 489 1538 6
629 1476 698 1543 Si
752 1480 963 1543 autem
1017 1496 1139 1543 non
1198 1477 1287 1542 ibi
1343 1477 1487 1545 finis
1547 1482 1648 1543 est
1712 1480 1934 1544 harum
1991 1480 2315 1545 actionum
2379 1484 2571 1563 atque
2634 1482 2843 1546 inten-

535 1584 730 1649 tionis
784 1587 954 1663 tuae,
1013 1584 1124 1650 sed
1177 1589 1436 1668 propter
1488 1584 1665 1650 aliud
1721 1586 1958 1669 aliquid
2008 1587 2303 1652 indoctus
2353 1591 2418 1653 et
2471 1588 2666 1653 hebes
2714 1607 2843 1653 non
2887 1615 2941 1654 10

536 1692 638 1758 uis
693 1691 924 1775 putari,
972 1709 1225 1774 quaero,
1274 1690 1428 1774 quid
1481 1690 1649 1755 illud
1704 1692 1809 1757 sit.
1868 1692 1923 1756 si
1978 1696 2329 1777 propterea,
2388 1713 2463 1759 ne
2510 1694 2846 1779 angustior

537 1798 656 1862 tibi
722 1798 932 1863 aditus
1000 1798 1078 1863 ad
1133 1797 1553 1881 adquirendas
1608 1800 1992 1880 temporales
2050 1800 2333 1881 diuitias,
2398 1820 2657 1866 uxorem
2720 1802 2845 1865 im-

535 1905 925 1988 petrandam,
964 1905 1232 1969 honores
1264 1905 1684 1987 capessendos
1715 1908 1780 1971 et
1816 1910 2025 1971 cetera
2062 1907 2255 1973 huius
2291 1907 2465 1972 modi
2504 1907 2845 1992 praecipiti

537 2012 708 2076 fluxu
760 2011 1252 2076 transcurrentia
1316 2015 1507 2093 atque
1568 2011 1634 2076 in
1702 2032 1772 2078 se
1835 2015 2051 2097 lapsos
2114 2014 2175 2078 in
2242 2015 2443 2079 imum
2506 2014 2842 2096 rapientia,

538 2138 740 2202 neque
777 2118 858 2183 ad
902 2119 1072 2183 hunc
1107 2118 1298 2182 finem
1335 2117 1457 2183 tibi
1506 2120 1745 2184 seruire
1783 2140 1899 2185 nos
1939 2120 2140 2199 decet,
2187 2120 2385 2185 immo
2425 2120 2610 2185 decet
2645 2120 2843 2185 etiam
2888 2150 2943 2188 ιε

537 2224 686 2290 hinc
721 2226 784 2289 te
823 2244 1137 2289 amouere.
1183 2244 1306 2290 non
1346 2225 1514 2289 enim
1562 2226 1657 2290 sic
1694 2228 1758 2291 te
1804 2226 2215 2310 prohibemus
2253 2227 2318 2292 in
2356 2227 2596 2292 incerto
2632 2228 2843 2291 famae

543 2332 735 2397 finem
787 2351 1038 2415 ponere,
1099 2336 1172 2398 ut
1223 2334 1552 2415 tamquam
1608 2333 1685 2398 de
1739 2333 1975 2399 Mincio
2031 2335 2093 2399 in
2139 2334 2487 2399 Eridanum
2543 2333 2843 2417 emigreS,

548 2459 671 2523 quo
707 2442 773 2505 te
811 2440 949 2522 ipse
986 2442 1256 2505 fortasse
1289 2440 1566 2505 Mincius
1600 2440 1791 2505 etiam
1829 2460 1953 2505 non
1992 2439 2401 2525 emigrantem
2440 2440 2844 2524 impingeret.

549 2566 696 2611 cum
765 2548 930 2611 enim
1005 2566 1127 2611 non
1203 2546 1535 2611 satiauerit
1610 2546 1868 2611 auidum
1946 2548 2241 2629 spiritum
2314 2547 2563 2611 uanitas
2636 2546 2849 2611 laudis

548 2654 882 2731 humanae,
924 2652 1073 2733 quia
1117 2652 1276 2716 nihil
1311 2651 1393 2716 ad
1430 2652 1771 2716 cibandum
1809 2652 2013 2717 adfert
2048 2652 2168 2716 nisi
2214 2653 2398 2717 inane
2436 2654 2501 2716 et
2534 2651 2849 2730 inflatum,
2888 2673 2953 2712 ιο

549 2760 800 2844 cogitur
837 2778 972 2823 eam
1020 2758 1162 2842 ipsa
1199 2758 1471 2824 auiditas
1519 2759 1749 2823 referre
1792 2758 1856 2822 in
1907 2758 2081 2823 aliud
2118 2758 2301 2840 quasi
2346 2758 2605 2823 uberius
2652 2761 2849 2839 atque

548 2866 971 2942 fructuosius;
1021 2863 1192 2949 quod
1227 2864 1424 2932 nihilo
1463 2865 1677 2930 minus
1728 2864 1782 2929 si
1818 2865 2153 2948 temporali
2197 2865 2384 2949 lapsu
2432 2864 2849 2947 praeterfluit,

547 2974 642 3038 ita
687 2976 804 3051 est,
855 2972 1039 3055 quasi
1093 2970 1332 3037 fluuius
1381 2971 1572 3037 ducat
1628 2971 1691 3035 in
1748 2971 2039 3048 fluuium,
2098 2976 2172 3036 ut
2226 2991 2348 3037 non
2408 2970 2495 3035 sit
2540 2970 2682 3035 finis
2730 2971 2851 3035 mi-

551 3080 768 3157 seriae,
835 3097 1025 3161 quam
1083 3077 1192 3141 diu
1255 3077 1398 3143 finis
1464 3078 1821 3144 officiorum
1885 3081 2245 3143 nostrorum
2310 3078 2373 3141 in
2428 3098 2497 3143 re
2560 3077 2850 3142 instabili

552 3188 937 3253 conlocatur.
993 3185 1058 3248 in
1116 3184 1328 3266 aliquo
1385 3184 1584 3269 igitur
1636 3184 1817 3249 firmo
1874 3187 2065 3269 atque
2119 3184 2629 3250 incommutabili
2681 3183 2851 3249 bono

625 3362 652 3415 1
697 3362 842 3414 certe
889 3358 1060 3412 sentis
1105 3358 1214 3411 iam
1249 3357 1306 3412 Β
1350 3358 1458 3411 iam
1504 3362 1649 3412 certe
1688 3358 1856 3412 sentis
1894 3358 2017 3413 edd.
2239 3358 2671 3430 ltmnnugatorium
2711 3360 2852 3421 (ras.

551 3452 704 3503 2—3
743 3448 800 3513 1.)
840 3446 896 3500 P
926 3447 1308 3517 naugatorium
1356 3446 1409 3500 V
1511 3448 1545 3501 2
1581 3448 1831 3501 timorem
1870 3448 1924 3500 A
2068 3448 2318 3518 populae,
2354 3450 2483 3500 m.2
2518 3446 2759 3516 pupillae
2796 3447 2857 3500 P

553 3536 792 3608 pupillae
829 3538 884 3591 A
921 3534 1123 3606 pupula
1159 3533 1422 3589 RP¹Vm
1457 3536 1667 3605 pupilla
1702 3542 1821 3591 cett.
1860 3538 1981 3592 edd.
2091 3537 2123 3590 3
2163 3534 2475 3599 offunditur,
2512 3538 2637 3588 ηιξ.)
2672 3534 2853 3588 offun-

554 3626 759 3680 duntur
784 3624 858 3678 M
965 3626 996 3677 5
1036 3624 1208 3692 cuius]
1250 3624 1415 3677 etiam
1455 3624 1606 3678 cuius
1634 3624 1691 3678 Β
1799 3626 1831 3680 6
1860 3626 1948 3679 uel
1976 3641 2078 3680 om.
2109 3623 2166 3678 Β
2275 3623 2340 3677 de
2367 3622 2472 3676 hac
2497 3638 2555 3676 re
2583 3638 2687 3676 om.
2716 3622 2861 3675 P1V

557 3716 586 3767 7
624 3714 899 3784 humanis]
938 3713 1214 3767 hominum
1253 3712 1307 3767 Β
1477 3712 1512 3767 8
1550 3714 1817 3767 construis
1855 3714 2057 3784 gaudia
2091 3712 2223 3767 P¹V
2395 3712 2429 3765 9
2464 3710 2546 3765 ibi
2581 3728 2689 3764 non
2726 3710 2852 3766 edd.

559 3805 622 3859 13
661 3803 820 3856 huius
859 3800 1024 3871 modi]
1061 3801 1196 3855 talia
1223 3800 1280 3854 Β
1365 3802 1430 3855 14
1465 3801 1651 3871 lapsus
1679 3801 1753 3855 M
1834 3804 1899 3858 15
1927 3802 2054 3872 tibi]
2094 3802 2172 3855 ibi
2200 3801 2325 3855 MA
2411 3801 2476 3855 16
2516 3814 2767 3853 amouere
2796 3800 2855 3855 Β

557 3908 860 3947 ammonere
897 3890 1080 3945 MAP
1114 3895 1203 3955 (m.
1225 3894 1264 3944 2
1299 3888 1609 3957 admonere)
1647 3890 1781 3943 P¹V
1999 3893 2064 3944 17
2102 3894 2381 3960 tamquam
2417 3904 2543 3953 om„
2576 3889 2641 3941 in
2673 3904 2853 3957 mai-9.

558 3988 648 4047 (m.
671 3980 784 4046 2?)
828 3980 960 4035 add.
997 3979 1073 4033 Ρι
1179 3980 1374 4033 mintio
1412 3977 1667 4034 ARP¹V
1697 3979 1889 4034 nuntio
1926 3979 2001 4034 M
2114 3979 2409 4033 eridianum
2449 3978 2521 4030 M
2631 3976 2697 4029 18
2731 3976 2857 4046 ipse

559 4075 610 4139 (e
647 4086 715 4124 m.
737 4072 804 4137 2,-
839 4070 1024 4138 fuitne
1060 4085 1089 4122 o
1130 4067 1182 4135 .9)
1212 4068 1268 4122 P
1407 4068 1539 4122 forsi
1563 4068 1741 4138 {tasse
1770 4067 1844 4121 M
1981 4068 2205 4121 mintius
2236 4064 2486 4122 ARP¹V
2516 4064 2755 4117 mentius
2786 4064 2865 4118 M

627 4159 916 4227 inpinguat
950 4156 1008 4212 Β
1139 4158 1204 4211 19
1241 4158 1371 4226 non]
1412 4173 1510 4210 nos
1547 4156 1623 4210 Ρ1
1662 4158 1823 4222 (corr.
1861 4160 1981 4211 m.1
2018 4162 2147 4224 non)
2196 4155 2249 4209 V
2387 4152 2606 4207 uanitas
2644 4154 2753 4218 (tas
2790 4152 2861 4207 in

553 4264 666 4301 ras.
704 4264 773 4301 m.
796 4252 853 4313 2)
890 4249 945 4302 A
1125 4248 1194 4300 20
1231 4247 1359 4316 nisi]
1401 4247 1507 4299 nisi
1543 4248 1601 4299 et
1636 4245 1776 4299 P¹V
1912 4246 2101 4300 flatum
2139 4246 2262 4299 MA
2432 4244 2498 4297 21
2540 4242 2693 4311 cogit
2724 4238 2863 4297 Rm

557 4334 626 4389 23
664 4335 860 4389 fluuius
897 4334 1081 4404 ducat]
1119 4334 1316 4389 fluuios
1355 4334 1555 4389 ducant
1588 4334 1644 4387 A
1788 4333 1863 4388 sit
1900 4334 2159 4389 detritum
2194 4335 2266 4388 M
