3184 4959
511 439 642 503 610
1277 439 1331 492 S.
1386 438 1659 494 Aureli
1715 439 2147 510 Augustini

412 628 487 692 17
601 631 742 697 Non
809 651 958 717 ergo
1032 637 1288 717 propter
1354 634 1558 700 malos
1626 635 1687 698 in
1756 634 1923 699 mala
1988 635 2379 700 dissensione
2452 655 2808 718 pereamus,

511 737 806 820 quamuis
862 743 1111 804 uestros
1167 739 1438 805 maiores
1493 760 1617 807 non
1666 745 2052 806 execratores
2100 742 2413 807 malorum
2470 744 2580 807 sed
2628 762 2811 808 accu-

512 850 756 911 satores
800 845 1234 911 innoeentium
1280 847 1505 926 fuisse,
1553 849 1610 914 si
1646 849 1887 927 uelitis,
1935 849 2259 932 possimus
2298 850 2649 915 ostendere.
2698 849 2811 914 sed

513 953 898 1036 quicumque
935 952 1033 1016 illi
1073 957 1138 1017 et
1174 954 1673 1038 qualescumque
1709 955 1968 1033 fuerint,
2015 959 2269 1040 portent
2314 955 2589 1021 sarcinas
2636 975 2804 1022 suas.

513 1075 659 1122 ecce
716 1059 1062 1141 scripturae
1111 1079 1499 1140 communes,
1558 1079 1704 1127 ecce
1752 1061 1864 1126 ubi
1908 1062 2208 1128 nouimus
2257 1062 2606 1139 Christum,
2662 1081 2809 1127 ecce
2874 1085 2901 1124 ⁶

511 1165 622 1229 ubi
688 1164 986 1229 nouimus
1053 1164 1406 1232 ecclesiam.
1479 1166 1531 1230 si
1601 1164 1927 1232 Christum
1995 1167 2209 1250 ipsum
2272 1166 2529 1243 tenetis,
2601 1167 2807 1250 ipsam

512 1270 848 1336 ecclesiam
905 1289 1096 1353 quare
1159 1291 1282 1338 non
1349 1274 1622 1339 tenetis?
1688 1273 1744 1340 si
1806 1273 1872 1338 in
1931 1274 2148 1358 ipsum
2206 1273 2553 1350 Christum,
2620 1293 2807 1356 quem

511 1375 730 1460 legitis
779 1379 844 1442 et
899 1396 1019 1442 non
1077 1378 1334 1456 uidetis,
1391 1384 1603 1443 tamen
1658 1382 1917 1462 propter
1961 1379 2295 1444 ueritatem
2354 1379 2807 1462 scripturarum

513 1482 790 1561 creditiS,
849 1503 1040 1567 quare
1087 1485 1421 1550 ecclesiam
1469 1486 1741 1570 negatis,
1798 1505 1989 1569 quam
2036 1488 2119 1562 et,
2151 1486 2369 1570 legitis
2418 1490 2485 1551 et
2528 1485 2807 1551 uidetis?

512 1589 669 1654 haec
733 1591 918 1656 uobis
978 1592 1242 1658 dicendo
1301 1594 1367 1658 et
1429 1592 1507 1656 ad
1571 1593 1695 1657 hoc
1758 1594 1999 1658 bonum
2062 1593 2237 1676 pacis
2294 1597 2359 1659 et
2420 1593 2687 1659 unitatis
2742 1595 2809 1656 et
2846 1617 2901 1656 ιο

515 1698 798 1763 caritatis
846 1717 964 1764 uos
1014 1700 1448 1783 compellendo
1503 1698 1747 1764 inimici
1800 1699 1986 1765 uobis
2040 1701 2194 1764 facti
2250 1719 2471 1764 sumus
2519 1703 2584 1764 et
2634 1717 2807 1764 man-

515 1803 702 1882 datis,
762 1806 910 1888 quia
955 1806 1259 1872 occidetis
1305 1825 1444 1886 nOS‚
1503 1807 1612 1889 qui
1666 1807 2005 1872 ueritatem
2062 1807 2250 1871 uobis
2298 1806 2573 1872 dicimus
2622 1810 2687 1871 et
2738 1807 2803 1870 in

517 1929 720 1976 errore
750 1931 866 1978 uos
896 1913 1118 1995 perire,
1147 1917 1456 1996 quantum
1481 1932 1850 1996 possumus,
1882 1931 2004 1978 non
2038 1913 2487 1995 permittimus.
2526 1912 2808 1977 uindicet

513 2039 626 2084 nos
665 2018 822 2084 deus
861 2019 936 2084 de
974 2019 1180 2098 uobis,
1227 2023 1300 2084 ut
1345 2021 1558 2103 ipsum
1598 2038 1865 2085 errorem
1904 2023 2191 2084 uestrum
2228 2020 2293 2084 in
2332 2019 2518 2084 uobis
2558 2019 2806 2084 occidat

516 2128 580 2190 et
625 2125 958 2191 nobiscum
1008 2126 1084 2190 de
1129 2127 1400 2192 ueritate
1447 2125 1797 2211 gaudeatis,
1842 2145 2047 2194 amen.
2844 2150 2899 2188 ιε

1582 2319 1745 2387 CVI.

717 2457 1009 2514 DOMINO
1048 2457 1314 2513 FRATRI
1349 2459 1661 2514 DILEC'I'O
1700 2458 2078 2514 MACROBIO
2116 2456 2597 2514 AUGUSTINUS.

601 2585 861 2664 Audiui,
927 2585 1097 2668 quod
1153 2584 1469 2667 quendam
1535 2585 1997 2650 subdiaconum
2060 2589 2353 2650 nostrum
2416 2585 2801 2667 rebaptizare

513 2693 819 2775 disponis.
895 2692 1052 2769 noli3
1130 2691 1224 2756 sic
1289 2691 1404 2756 deo
1469 2692 1680 2768 uiuaS,
1729 2690 1820 2756 sic
1886 2691 2003 2756 deo
2068 2693 2341 2774 placeaS,
2410 2691 2499 2757 sic
2567 2690 2802 2757 Christi

515 2803 908 2864 sacramenta
943 2819 1062 2864 non
1113 2797 1382 2862 inaniter
1425 2797 1687 2876 habeas,
1734 2797 1829 2863 sic
1866 2817 1989 2863 non
2025 2798 2089 2862 in
2130 2795 2453 2862 aeternum
2494 2818 2530 2861 a
2568 2797 2802 2864 Christi
2842 2827 2903 2867 20

515 2925 771 2990 corpore
819 2905 1142 2988 separeris.
1199 2903 1348 2980 noli,
1404 2921 1556 2986 rogo
1614 2906 1700 2981 te,
1755 2903 1967 2979 frater,
2025 2920 2135 2985 pro
2192 2905 2256 2967 te
2303 2902 2440 2985 ipso
2488 2905 2553 2968 te
2598 2904 2799 2988 magis

513 3032 686 3097 rogo.
727 3015 895 3078 certe
933 3011 1266 3096 paululum
1297 3008 1583 3088 adtende,
1626 3009 1792 3092 quod
1822 3009 1982 3075 dico.
2021 3009 2382 3074 Felicianus
2410 3009 2798 3076 Mustitauus

589 3259 614 3311 1
655 3258 712 3311 in
749 3272 852 3311 om.
889 3257 946 3312 R
1089 3258 1123 3310 2
1162 3255 1513 3326 quamuiseul
1555 3255 1612 3308 A
1754 3255 1788 3310 3
1825 3254 2191 3309 innocentiam
2229 3256 2282 3308 A
2451 3255 2656 3309 uellitis
2691 3255 2799 3308 FA

583 3355 706 3416 posss
731 3363 916 3400 sumus
953 3346 1025 3399 M
1148 3347 1179 3398 5
1218 3361 1525 3398 communes
1562 3343 1861 3413 scripturae
1898 3341 1956 3397 R
2082 3343 2114 3397 9
2156 3346 2212 3396 et
2238 3349 2372 3412 post
2410 3361 2569 3412 quam
2606 3361 2709 3400 om.
2743 3342 2799 3397 R

516 3438 576 3489 11
621 3452 720 3488 uos
758 3451 860 3488 om.
897 3432 1076 3487 MFA
1099 3450 1182 3486 ae
1362 3434 1428 3486 12
1466 3431 1716 3487 occiditis
1752 3447 1853 3484 nos
1892 3431 1945 3484 A
1984 3431 2276 3486 occidimus
2313 3447 2413 3485 uos
2450 3431 2507 3486 P
2680 3431 2795 3502 qui]

515 3525 644 3596 quia
678 3525 734 3578 A
846 3523 910 3577 13
950 3507 1258 3588 etruscern
1295 3539 1365 3576 m.
1388 3527 1419 3574 1
1459 3537 1639 3576 errore
1676 3519 1739 3574 F
1842 3521 1907 3574 15
1948 3536 2103 3573 amen
2142 3536 2243 3573 om.
2280 3519 2445 3574 Rae

725 3665 782 3718 P
831 3689 899 3710 =
939 3663 1054 3718 cod.
1093 3664 1396 3718 Parisinus
1430 3679 1563 3716 nou.
1604 3679 1720 3732 acq.
1759 3665 1919 3717 1672
1952 3679 1994 3716 s.
2032 3661 2144 3715 IX.

727 3753 780 3807 L
836 3779 902 3800 =
941 3753 1058 3808 cod.
1087 3751 1518 3806 Laurentianus
1543 3751 1625 3806 St.
1659 3751 1855 3806 Crucis
1881 3751 2027 3818 plut.
2056 3749 2254 3804 XVII
2277 3749 2449 3804 dextr.
2480 3753 2519 3802 2
2544 3765 2588 3804 s.
2618 3749 2726 3804 XI.

737 3841 790 3894 V
833 3867 902 3889 =
941 3841 1057 3899 cod.
1105 3841 1418 3896 Vaticanus
1458 3843 1576 3894 495
1612 3856 1653 3893 8.
1692 3838 1824 3894 XV.

735 3930 788 3986 U
835 3955 902 3976 =
941 3931 1056 3986 cod.
1104 3929 1418 3984 Vaticanus
1459 3931 1575 3982 499
1611 3945 1654 3982 s.
1693 3927 1825 3981 XV.

689 4038 1073 4092 Louanienses
1116 4037 1264 4092 hanc
1299 4036 1593 4105 epistulam
1637 4035 1701 4087 in
1747 4033 2039 4089 Vaticanis
2086 4033 2487 4102 exenzplaribus
2529 4037 2801 4102 repertam

505 4128 682 4198 primi
717 4127 1020 4182 ediderunt.

588 4271 653 4322 17
694 4267 892 4321 dilecto
931 4267 1086 4321 fratri
1125 4267 1176 4320 L
1287 4267 1352 4321 18
1391 4265 1775 4319 subdiaconem
1804 4263 1855 4317 L
1956 4265 2025 4319 20
2062 4281 2168 4318 non
2207 4251 2315 4317 n'os
2350 4250 2481 4335 (no-a
2516 4261 2619 4317 del.
2656 4267 2801 4330 πελ)

513 4357 568 4411 in
609 4360 885 4412 aeternum
922 4354 973 4408 L
