3184 4959
454 361 580 424 570
1203 358 1254 412 S.
1312 357 1586 412 Aureli
1642 359 2081 428 Augustini

455 559 532 621 et
603 557 782 622 uita
871 559 1150 620 uestra
1233 555 1725 622 abscondita
1807 559 1933 621 est
2014 575 2186 622 cum
2274 553 2601 620 Christo
2665 554 2745 618 in

456 663 626 739 de03
760 663 941 746 quis
991 663 1412 728 conuertit
1459 681 1736 746 aquam
1786 661 1862 728 in
1909 663 2455 728 uestimento?
2500 664 2577 726 ut
2622 661 2748 726 dici

455 773 705 852 posset:
755 768 1179 852 Quotquot
1237 769 1314 834 in
1377 769 1705 835 Christo
1770 769 2181 852 baptizati
2248 767 2477 846 estiS,
2536 767 2749 834 Chri-

461 879 672 940 stum
735 875 1172 952 induistis3
1349 875 1532 958 quis
1606 876 1879 940 tenuit
1957 876 2172 940 fines
2246 877 2557 940 terrae?
2641 875 2747 956 qui

461 982 620 1047 dixit
657 982 988 1066 discipulis
1039 983 1204 1048 suis:
1251 983 1508 1047 Eritis
1557 982 1756 1046 mihi
1802 985 2069 1048 testes
2118 982 2195 1046 in
2233 981 2749 1046 Hierusalem
2816 993 2841 1031 ⁵

464 1091 540 1152 et
611 1089 686 1152 in
762 1090 938 1154 tota
999 1088 1300 1152 Iudaea
1363 1092 1442 1154 et
1509 1088 1873 1155 Samaria
1936 1093 2015 1154 et
2078 1107 2333 1172 usque
2395 1089 2473 1152 in
2540 1088 2752 1153 fines

462 1196 748 1260 terrae.

1167 1367 1258 1420 VI.
1295 1366 1394 1422 DE
1430 1367 1615 1423 IONA
1652 1368 2057 1424 PROPHETA.

360 1493 444 1558 30
553 1495 883 1560 Postrema
939 1494 1227 1576 quaestio
1293 1495 1621 1578 proposita
1686 1499 1784 1562 est
1839 1495 1915 1560 de
1979 1496 2133 1560 Iona
2194 1515 2309 1560 nec
2370 1495 2515 1578 ipsa
2577 1495 2757 1578 quasi

469 1620 542 1666 ex
587 1599 932 1684 Porphyrio
983 1599 1094 1664 sed
1140 1605 1466 1683 tamquam
1515 1620 1584 1666 ex
1632 1601 1933 1667 inrisione
1986 1619 2403 1686 paganorum3
2453 1601 2547 1666 sic
2595 1602 2759 1666 enim
2798 1617 2849 1655 ιο

466 1709 681 1794 posita
736 1711 863 1772 est:
920 1706 1184 1771 ‘Deinde
1241 1707 1392 1790 quid
1449 1709 1724 1787 sentire’,
1789 1708 2016 1791 inquit,
2073 1707 2399 1773 ‘debemus
2456 1708 2532 1773 de
2588 1709 2759 1786 Iona,

471 1815 580 1899 qui
627 1815 860 1879 dicitur
912 1813 977 1878 in
1031 1815 1250 1878 uentre
1297 1815 1422 1878 ceti
1476 1815 1688 1880 triduo
1736 1816 1981 1880 fuisse?
2039 1813 2211 1898 quod
2256 1815 2413 1879 satis
2467 1811 2762 1877 ἀπίθανον

472 1925 572 1986 est
617 1923 683 1985 et
733 1919 1102 1984 incredibile
1150 1924 1623 1985 transuoratum
1672 1941 1816 1986 cum
1860 1923 2043 1986 ueste
2092 1921 2411 1986 hominem
2455 1921 2655 1986 fuisse
2699 1919 2763 1983 in

473 2028 659 2094 corde
696 2028 939 2110 piscis;0
970 2030 1084 2092 aut
1120 2027 1175 2092 si
1213 2026 1416 2112 figura
1451 2029 1570 2104 est,
1611 2026 1771 2091 hanc
1810 2025 2169 2110 dignaberis
2206 2025 2503 2110 pandere.
2542 2024 2764 2088 deinde

475 2134 624 2217 quid
673 2134 796 2198 sibi
834 2134 1026 2199 etiam
1071 2133 1234 2198 illud
1279 2134 1426 2198 uult
1471 2153 1663 2217 supra
1708 2133 2059 2200 euomitum
2104 2132 2325 2197 Ionam
2373 2131 2763 2196 cucurbitam
2804 2151 2856 2188 ιο

474 2245 729 2307 natam?
805 2241 957 2323 quid
1031 2259 1258 2305 causae
1330 2240 1474 2318 fuit,
1549 2243 1627 2332 ut
1696 2240 1853 2304 haec
1926 2241 2331 2304 nasceretur?
2404 2237 2527 2304 hoc
2602 2237 2765 2301 enim

479 2367 678 2433 genus
727 2349 1118 2431 quaestionis
1165 2349 1368 2412 multo
1417 2345 1721 2412 cachinno
1770 2364 1806 2410 a
1860 2345 2123 2430 paganis
2178 2345 2462 2428 grauiter
2505 2344 2767 2408 inrisum

477 2455 934 2521 animaduerti.'

373 2565 453 2627 31
565 2561 664 2626 Ad
721 2563 842 2628 hoc
897 2560 1330 2646 respondetur,
1387 2559 1554 2643 quod
1610 2563 1723 2624 aut
1770 2559 1979 2624 omnia
2024 2559 2242 2624 diuina
2294 2557 2601 2622 miracula
2645 2575 2770 2621 cre·

480 2668 681 2734 denda
735 2689 858 2734 non
923 2669 1054 2734 sint
1109 2673 1239 2746 aut,
1287 2669 1408 2733 hoc
1465 2685 1579 2732 cur
1632 2686 1753 2732 non
1812 2665 2123 2742 credatur,
2190 2683 2383 2730 causa
2437 2664 2613 2729 nulla
2668 2663 2771 2730 sit.
2810 2685 2865 2722 20

475 2777 540 2840 in
604 2777 816 2859 ipsum
885 2779 1100 2840 autem
1157 2773 1502 2852 Christum,
1551 2773 1723 2856 quod
1768 2773 1955 2837 tertio
2015 2771 2114 2836 die
2168 2771 2597 2848 resurrexerit,
2652 2787 2774 2834 non

479 2882 897 2960 crederemus,
947 2883 1005 2947 si
1049 2883 1204 2946 fides
1255 2881 1755 2946 Christianorum
1804 2876 2179 2944 cachinnum
2226 2881 2544 2943 metueret
2587 2893 2774 2960 paga-

657 3074 690 3128 3
729 3071 848 3127 Gal.
887 3075 936 3136 3,
975 3073 1044 3128 27
1155 3074 1188 3128 5
1225 3072 1344 3126 Act.
1389 3072 1436 3134 1,
1474 3071 1508 3126 8
1622 3072 1685 3126 11
1725 3071 1855 3125 Ion..
1880 3071 1932 3134 2,
1976 3073 2001 3124 1
2118 3071 2183 3124 15
2222 3069 2340 3125 Ion.
2378 3070 2431 3130 4,
2468 3069 2502 3122 6

553 3199 578 3252 1
619 3198 676 3252 in
717 3215 818 3262 om.
863 3196 911 3251 (J
1031 3198 1065 3250 2
1103 3196 1490 3249 uestimentum
1527 3193 1641 3248 PG
1755 3195 1788 3249 3
1829 3191 2140 3263 quodquod,
2179 3207 2318 3246 corr.
2361 3190 2573 3257 (m.1.9)
2615 3192 2770 3259 quot-

481 3290 617 3356 quot
649 3287 725 3342 M
871 3287 928 3340 in
967 3285 1244 3340 Christum
1281 3284 1402 3338 edd.
1434 3288 1661 3352 praeter
1698 3299 1735 3336 α
1776 3281 1897 3348 (Gr.
1938 3281 2011 3344 εὶς
2049 3279 2297 3350 Χριστόν)
2466 3280 2499 3332 6
2538 3279 2594 3332 in
2628 3279 2767 3346 tota]

479 3379 602 3430 tota
642 3375 693 3429 G-
729 3375 788 3428 in
825 3375 970 3428 omni
1009 3375 1068 3426 E
1099 3390 1202 3429 sec.
1249 3373 1408 3442 Vuly.
1519 3387 1691 3442 usque
1730 3371 1801 3424 ad
1838 3371 1974 3424 fines
2000 3369 2076 3424 M
2169 3369 2201 3422 8
2240 3367 2316 3421 VI
2354 3383 2456 3422 om.
2484 3366 2779 3421 MAGGE'

551 3467 684 3519 item
723 3464 788 3518 de
831 3463 878 3516 C
1019 3462 1086 3516 de
1125 3463 1258 3516 Iona
1295 3461 1562 3532 propheta
1598 3477 1700 3516 om.
1740 3460 1792 3513 G
1915 3460 1947 3512 9
1985 3461 2259 3526 postremo
2296 3456 2364 3509 H
2502 3455 2683 3526 posita
2722 3453 2775 3508 G·

551 3556 668 3624 ipse
705 3553 844 3608 HM
875 3558 966 3618 (m.
988 3556 1028 3607 2
1063 3553 1204 3622 ipsa)
1319 3553 1384 3605 12
1424 3551 1558 3604 satis
1596 3566 1699 3604 om.
1740 3548 1860 3602 edd.
1888 3552 2117 3616 praeter
2146 3563 2185 3598 a
2329 3545 2629 3614 apithanon
2656 3542 2774 3597 HA

481 3643 686 3712 aphyta
721 3659 829 3695 non
865 3641 939 3694 M
973 3643 1102 3710 apta
1139 3657 1248 3694 non
1290 3638 1389 3692 GP
1422 3642 1514 3704 (m.
1535 3641 1575 3692 2
1612 3641 1800 3706 aptum
1836 3636 1965 3694 non)
2002 3635 2063 3688 E
2096 3636 2225 3703 apta
2262 3637 2353 3699 (m.
2376 3635 2416 3686 2
2452 3635 2600 3701 apte)
2648 3637 2683 3685 ῑι
2724 3630 2775 3684 G

483 3734 551 3786 14
577 3748 684 3799 pro
722 3732 862 3786 hanc
899 3729 1206 3799 dignaberis
1241 3727 1480 3798 pandere
1507 3743 1621 3781 ras.
1650 3727 1711 3780 Ε
1815 3723 2125 3794 dignaueris
2154 3721 2377 3778 HAC'P
2404 3723 2494 3787 (m.
2514 3724 2557 3774 2
2586 3721 2774 3789 digna-

479 3821 648 3888 beris)
693 3820 746 3874 G·
857 3821 922 3874 15
960 3819 1082 3872 uult
1119 3819 1284 3872 etiam
1321 3817 1456 3870 illud
1493 3817 1554 3870 E
1695 3831 1859 3884 supra
1896 3811 2213 3879 euomitum]
2254 3809 2681 3864 subreuomitum
2716 3811 2773 3863 A

486 3910 551 3963 16
573 3925 710 3978 quae
732 3924 926 3962 causae
955 3908 1044 3979 (m.
1067 3910 1106 3960 2
1135 3905 1316 3972 causa)
1343 3905 1396 3960 G·
1501 3905 1629 3973 hoc]
1652 3903 1739 3956 hic
1757 3905 1813 3956 A
1888 3903 1953 3955 17
1985 3886 2274 3954 οαιέἱιίῃῐιο
2294 3899 2359 3952 Η
2432 3898 2499 3952 18
2528 3895 2773 3951 animad-

481 3998 652 4052 uerti*
698 3998 752 4050 P
795 3997 1180 4050 animaduertit
1224 3995 1284 4048 E
1463 3995 1528 4047 19
1581 3993 1729 4046 omni
1780 3991 2017 4052 adiuina,
2066 4005 2135 4044 m.
2170 3990 2209 4040 2
2261 3987 2443 4040 omnia
2495 3985 2681 4040 diuina
2722 3983 2775 4038 G-

484 4088 554 4142 20
592 4087 741 4150 sinit,
778 4101 918 4141 corr.
957 4085 1070 4137 sint
1111 4084 1158 4137 0
1307 4084 1403 4152 sit]
1444 4082 1550 4136 fuit
1588 4082 1642 4134 A
1786 4081 1851 4132 21
1892 4077 2181 4132 resurrexit
2219 4077 2333 4130 AG
2473 4076 2541 4129 22
2580 4073 2775 4128 fides„

483 4176 628 4245 (suit
663 4179 742 4241 es)
787 4173 834 4228 G
975 4173 1335 4236 canchinnom,
1373 4189 1442 4225 m.
1463 4175 1494 4224 1
1531 4185 1671 4227 corr.
1712 4168 2060 4223 canchinnum
2098 4165 2166 4220 H
2278 4166 2549 4218 metueret
2576 4165 2776 4231 (postr.

487 4264 522 4318 Ζ.
561 4280 628 4318 ex
664 4279 801 4317 corr.
839 4279 908 4318 m.
931 4265 990 4327 2)
1029 4261 1084 4314 P
