3184 4959
1242 451 1772 520 epistularum
1828 451 1966 506 XCI.
2625 455 2760 518 4:31

456 647 721 728 opulens
786 647 997 712 uirtus
1064 647 1174 711 sed
1239 647 1353 711 illa
1419 647 1534 711 dea
1590 649 1778 712 Flora
1835 648 2024 732 digna
2079 651 2281 713 mater
2333 649 2594 715 inuenta
2641 655 2762 726 est,

456 753 639 818 cuius
704 753 843 816 ludi
910 753 1144 818 scenici
1199 757 1330 818 tam
1388 753 1684 820 effusiore
1741 757 1805 818 et
1859 753 2186 820 licentiore
2233 755 2554 838 turpidine
2603 758 2763 822 cele-

454 859 734 938 brantur,
807 864 881 924 ut
956 861 1171 944 quiuis
1244 861 1598 944 intellegat,
1677 862 1863 943 quale
1941 861 2342 927 daemonium
2419 863 2522 942 sit,
2591 863 2764 946 quod

452 966 687 1048 placari
738 967 923 1031 aliter
968 987 1088 1030 non
1133 969 1367 1049 potest,
1408 969 1530 1032 nisi
1569 969 1709 1033 illic
1755 987 1876 1033 non
1917 987 2090 1046 aues,
2131 988 2253 1032 non
2295 969 2757 1052 quadrupedeS,

382 1095 407 1132 5
452 1091 577 1137 non
644 1072 911 1155 denique
980 1074 1239 1158 sanguis
1305 1073 1623 1138 humanus
1692 1073 1802 1138 sed
1869 1076 2073 1140 multo
2143 1075 2480 1140 scelestius
2556 1075 2766 1159 pudor

450 1179 770 1244 humanus
817 1184 1144 1261 tamqnam
1192 1181 1561 1244 immolatus
1611 1182 1898 1246 intereat.

276 1285 315 1341 6
541 1287 715 1350 Haec
774 1287 920 1362 dixi,
978 1291 1235 1370 propter
1291 1287 1463 1370 quod
1518 1287 1856 1371 scripsisti,
1907 1290 2214 1369 quantum
2261 1287 2380 1351 tibi
2429 1291 2602 1352 aetas
2649 1289 2760 1352 fini

448 1393 735 1474 proxima
780 1397 897 1470 est,
948 1412 1175 1476 cupere
1223 1397 1305 1470 te,
1346 1397 1421 1458 ut
1464 1393 1736 1474 patriam
1784 1397 1960 1458 tuam
1997 1394 2386 1458 incolumem
2427 1414 2498 1458 ac
2537 1395 2762 1459 floren-

450 1505 582 1564 tem
648 1500 990 1582 relinquas,
1058 1501 1365 1564 tollantur
1426 1500 1541 1564 illa
1607 1499 1818 1564 omnia
1874 1518 2040 1564 uana
2095 1504 2159 1565 et
2213 1499 2452 1575 insana,
2503 1519 2756 1566 conuer-

365 1629 413 1667 ιο
450 1609 667 1671 tantur
727 1607 1017 1671 homines
1082 1607 1162 1670 ad
1226 1625 1447 1670 uerum
1515 1606 1618 1670 dei
1683 1607 1929 1671 cultum
1996 1625 2330 1690 moresque
2409 1610 2618 1672 castos
2695 1611 2764 1672 et

450 1715 619 1796 pios;
698 1717 851 1777 tunc
924 1714 1193 1796 patriam
1265 1717 1445 1778 tuam
1522 1712 1848 1777 florentem
1921 1712 2173 1778 uidebis
2257 1733 2378 1777 non
2466 1713 2760 1796 opinione

450 1819 793 1884 stultorum
863 1819 975 1884 sed
1030 1819 1297 1884 ueritate
1356 1819 1762 1902 sapientium.
1821 1837 1968 1883 cnm
2025 1819 2179 1884 haec
2235 1820 2440 1902 patria
2485 1819 2758 1884 carnalis

450 1925 877 2009 generationis
934 1929 1081 1988 tuae
1136 1925 1343 2006 portio
1399 1925 1592 1988 fuerit
1646 1925 1824 1988 illius
1871 1925 2128 2006 patriae,
2178 1925 2282 1988 cui
2329 1944 2450 1989 non
2500 1943 2758 2007 corpore

452 2031 562 2096 sed
632 2032 757 2096 fide
834 2032 1176 2110 nascimur,
1254 2031 1367 2096 ubi
1442 2050 1660 2096 omnes
1741 2033 1944 2096 sancti
2023 2037 2086 2095 et
2159 2031 2376 2096 fideles
2445 2031 2548 2096 dei
2611 2037 2762 2116 post

365 2163 411 2201 ιε
450 2139 701 2203 labores
750 2139 934 2202 uelut
978 2138 1285 2202 hiemales
1334 2138 1507 2202 uitae
1553 2137 1748 2202 huius
1795 2138 2130 2203 intermina
2169 2138 2542 2203 aeternitate
2579 2139 2758 2202 flore-

448 2245 629 2312 bunt.
702 2245 887 2310 nobis
960 2245 1176 2327 itaque
1250 2244 1421 2310 cordi
1500 2249 1602 2309 est
1673 2263 1876 2328 neque
1954 2245 2378 2310 Christianam
2463 2245 2754 2308 amittere

446 2352 1006 2416 mansuetudinem
1072 2370 1275 2434 neque
1339 2351 1768 2434 perniciosum
1836 2352 2062 2415 ceteris
2118 2351 2496 2416 imitationis
2553 2370 2757 2414 exem-

448 2460 627 2540 plum
674 2459 739 2522 in
786 2459 897 2522 illa
944 2459 1205 2522 ciuitate
1251 2459 1628 2538 relinquere.
1697 2477 1822 2540 quo
1871 2458 2058 2523 modo
2106 2458 2171 2522 id
2219 2476 2504 2542 agamus,
2553 2456 2758 2521 aderit

451 2565 631 2642 deus,
680 2565 733 2629 si
782 2565 875 2628 eis
922 2584 1046 2630 non
1094 2565 1186 2629 ita
1230 2565 1509 2649 grauiter
1553 2564 1932 2648 indignetur.
1999 2563 2286 2647 alioquin
2345 2567 2409 2628 et
2464 2582 2754 2626 mansue·

360 2699 413 2737 20
449 2672 625 2749 tudo,
676 2691 865 2754 quam
912 2690 1165 2736 seruare
1214 2669 1527 2754 cupimuS‚
1579 2676 1644 2735 et
1691 2671 2050 2754 disciplina,
2099 2689 2224 2752 qua
2277 2670 2374 2734 uti
2430 2669 2754 2734 moderate

448 2779 732 2857 nitimur,
782 2779 1074 2861 impediri
1120 2781 1354 2861 potest,
1407 2778 1461 2842 si
1510 2776 1628 2842 deo
1687 2777 1860 2842 aliud
1917 2778 1978 2841 in
2040 2777 2289 2842 occulto
2346 2777 2558 2860 placet
2614 2775 2754 2839 siue

447 2885 754 2950 iudicanti
802 2887 921 2949 hoc
968 2887 1217 2949 tantum
1266 2885 1505 2948 malum
1554 2885 1806 2968 flagello
1857 2884 2092 2948 acriore
2149 2883 2556 2965 plectendum
2615 2881 2754 2946 siue

451 2993 643 3056 etiam
698 2991 1141 3056 uehementius
1198 2992 1515 3068 irascenti,
1574 2992 1630 3056 si
1687 3009 1806 3055 non
1859 2990 2156 3054 correctis
2205 3009 2318 3054 nec
2367 2989 2444 3053 ad
2491 3007 2560 3054 se
2609 3009 2752 3054 con-

448 3098 655 3162 uersis
702 3098 779 3162 ad
826 3101 1078 3180 tempus
1128 3117 1268 3162 esse
1314 3097 1591 3162 uoluerit
1637 3097 2020 3180 inpunitum.

276 3207 311 3267 7
361 3232 413 3272 25
540 3205 925 3270 Praescribit
988 3205 1168 3268 nobis
1238 3204 1507 3286 quodam
1566 3203 1753 3267 modo
1811 3204 2138 3286 prudentia
2194 3203 2438 3269 tua-de
2486 3221 2756 3286 persona

634 3469 771 3522 7-9
812 3493 877 3514 2—-
918 3485 970 3538 p.
1010 3469 1133 3531 426,
1174 3469 1349 3522 8—10

528 3644 553 3696 1
594 3643 743 3708 flore,
782 3659 917 3699 corr.
958 3643 1091 3696 flora
1118 3643 1183 3696 K
1291 3641 1457 3710 digna
1494 3643 1688 3710 materl
1731 3641 1998 3709 dignater,
2040 3656 2177 3694 corr.
2215 3657 2282 3692 m.
2312 3645 2337 3692 1
2378 3640 2668 3708 dignanter
2698 3639 2742 3691 1«

454 3734 486 3786 2
522 3732 665 3787 ludis
704 3733 909 3787 caenici
937 3735 1049 3784 tam
1072 3731 1149 3786 M
1182 3731 1441 3800 (uiryulie
1468 3736 1631 3797 corr.)
1661 3731 1716 3783 P
1752 3735 1841 3788 (m.
1865 3734 1905 3783 2
1941 3733 2101 3795 corr.)
2138 3727 2284 3782 ludis
2315 3729 2470 3782 caeni
2508 3729 2668 3781 citam
2695 3727 2757 3780 F

522 3823 803 3875 licentiore
840 3839 953 3874 ras.
994 3839 1061 3874 ea:
1094 3821 1394 3875 lucentiore
1433 3819 1494 3873 F
1631 3819 1972 3889 turpitudine
2009 3819 2066 3873 R
2103 3818 2222 3872 edd.
2345 3819 2376 3870 3
2417 3817 2492 3872 sit
2529 3816 2750 3870 daemo-

451 3911 597 3964 nium
634 3909 691 3964 R.
813 3913 845 3963 5
884 3910 1083 3964 multos
1124 3909 1410 3964 caelestius
1447 3909 1572 3962 MP
1611 3911 1700 3974 (m.
1724 3913 1763 3962 2
1799 3913 1960 3975 corr.)
2085 3909 2118 3962 6
2156 3908 2334 3960 inerat
2371 3907 2422 3957 A
2545 3907 2576 3958 7
2612 3904 2750 3957 haec

452 4017 578 4070 ergo
618 3999 727 4054 dixi
763 3999 819 4054 R
1003 4001 1070 4054 10
1110 4000 1196 4054 dni
1236 4017 1313 4052 an
1351 3999 1439 4052 dih
1477 4000 1746 4052 incertum
1783 3998 1856 4050 Μ
2019 3999 2082 4050 11
2123 3995 2338 4050 uidebis
2376 3995 2656 4048 florentem
2693 3993 2750 4048 R

454 4090 518 4144 13
556 4090 939 4159 generationes
976 4089 1042 4142 K
1176 4089 1241 4142 15
1280 4088 1636 4142 interminata
1671 4089 1716 4140 P
1757 4085 1878 4140 edd.
1909 4091 2208 4156 practerm
2347 4085 2414 4138 16
2453 4083 2751 4136 christiana

448 4179 646 4246 (postr.
689 4179 721 4234 l.
762 4195 830 4232 ex
865 4195 1001 4232 corr.
1040 4195 1109 4231 m.
1146 4183 1211 4230 ut
1246 4177 1365 4232 uid.
1407 4175 1459 4246 1)
1494 4176 1571 4229 M
1687 4177 1757 4230 20
1795 4193 1902 4246 qua
1937 4175 2292 4229 immoderate
2328 4173 2385 4227 R
2493 4173 2560 4226 21
2601 4170 2750 4224 aliud

451 4267 551 4321 deo
589 4267 645 4321 R
754 4269 822 4320 22
860 4267 965 4321 hoc
1002 4266 1271 4320 iudicanti
1308 4266 1365 4320 R
1488 4265 1682 4320 acriori
1719 4265 1788 4320 R·
1883 4266 1952 4318 ⁸23
1991 4264 2275 4318 irascentis
2312 4262 2426 4315 ΜΒ
2561 4261 2607 4313 si
2639 4276 2748 4312 non

450 4358 811 4412 concorrectis
849 4357 903 4409 A
1013 4357 1081 4410 25
1120 4355 1471 4426 praescripsit
1511 4355 1654 4408 enim
1691 4354 1848 4408 nobis
1889 4353 1944 4407 R

258 4661 449 4926 Fi
