3184 4959
1136 463 1662 533 epistularum
1719 463 2062 548 Qxxvm.
2616 468 2740 533 411

446 661 523 721 ut
582 657 734 736 illis,
802 658 910 741 qui
975 658 1039 721 in
1107 658 1606 741 praesentiarum
1672 617 1872 743 agunt
1943 661 2133 742 atque
2209 659 2450 724 diurnis
2525 661 2750 726 diebus

445 765 843 846 interpellare
908 783 1031 829 non
1088 764 1405 843 desinunt,
1462 765 1868 830 audientibus
1926 768 1992 830 et
2036 785 2246 831 coram
2295 767 2751 833 adsistentibus

448 891 745 955 apparere
813 874 878 935 et
938 871 1233 936 intimare
1296 871 1506 956 possit
1567 873 1805 938 frustra
1871 891 1978 937 eos
2038 872 2394 938 Caeciliano
2453 874 2750 958 episcopo

446 977 751 1042 inuidiam
818 995 1181 1060 comparare
1246 981 1437 1060 atque
1494 978 1801 1044 aduersus
1859 997 2006 1043 eum
2061 979 2374 1044 uiolenter
2427 981 2752 1064 insurgere

383 1109 409 1147 ο
447 1082 753 1150 uoluisse.
818 1083 911 1148 ita
966 1085 1132 1149 enim
1188 1084 1319 1161 fiet,
1378 1087 1451 1149 ut
1503 1084 1786 1162 omissis,
1835 1084 2030 1150 sicuti
2077 1089 2347 1168 oportet,
2397 1085 2534 1151 eius
2580 1085 2755 1151 modi

448 1191 959 1256 contentionibus
1024 1190 1299 1275 populus
1359 1191 1493 1256 sine
1552 1190 1948 1257 dissensione
2007 1191 2220 1274 aliqua
2273 1192 2568 1277 religioni
2613 1212 2752 1275 pro-

445 1296 617 1380 priae
665 1317 811 1362 curn
860 1298 1073 1363 debita
1118 1297 1524 1363 ueneratione
1573 1296 1911 1362 deseruiat.

316 1399 355 1462 5
535 1405 710 1469 Haec
777 1425 921 1470 cum
987 1405 1207 1470 uideas
1275 1404 1366 1469 ita
1422 1422 1490 1469 se
1546 1404 1798 1484 habere,
1857 1405 2006 1488 quid
2069 1409 2169 1470 est
2224 1405 2390 1486 quod
2449 1405 2630 1470 nobis
2680 1405 2755 1470 de

447 1511 898 1592 imperatorum
946 1511 1364 1590 iussionibus,
1413 1529 1573 1595 quae
1623 1517 1844 1577 contra
1889 1531 2006 1576 uos
2055 1511 2556 1588 constituuntur,
2595 1511 2756 1576 inui-

362 1643 413 1682 ιο
452 1615 618 1680 diam
668 1616 1023 1696 concitatis,
1074 1637 1217 1683 cum
1272 1619 1394 1683 hoc
1448 1621 1656 1683 totum
1721 1637 1840 1682 uos
1906 1617 2120 1701 potius
2187 1622 2374 1684 antea
2435 1619 2758 1684 feceritis?

454 1723 511 1787 si
554 1723 716 1788 nihil
762 1724 993 1789 debent
1038 1725 1101 1789 in
1150 1726 1247 1789 his
1297 1726 1505 1789 causis
1554 1725 1966 1806 imperatores
2021 1725 2258 1806 iubere,
2319 1725 2372 1789 si
2430 1724 2508 1789 ad
2561 1725 2758 1808 impe-

452 1832 691 1894 ratores
732 1829 1125 1897 Christianos
1172 1832 1329 1896 haec
1375 1851 1525 1897 eura
1569 1831 1883 1915 pertinere
1927 1851 2050 1896 non
2100 1831 2307 1907 debet,
2352 1831 2494 1915 quis
2533 1851 2756 1916 urgue-

454 1935 564 1999 bat
626 1937 898 2002 maiores
966 1941 1213 2003 uestros
1281 1957 1539 2002 causam
1597 1937 1938 2004 Caeciliani
2006 1937 2084 2002 ad
2147 1937 2594 2020 imperatorem
2653 1959 2762 2022 per

456 2044 897 2124 proconsulem
978 2045 1229 2109 mittere
1305 2048 1369 2109 et
1432 2045 1829 2127 episcopum,
1897 2048 2114 2109 contra
2177 2063 2364 2127 quem
2433 2045 2758 2110 absentem

372 2173 420 2214 ιτ»
455 2149 582 2214 iam
647 2151 990 2215 sententias
1060 2171 1313 2235 quoquo
1378 2152 1566 2216 modo
1627 2151 1943 2226 dixeratiS‚
1998 2153 2225 2216 iterum
2285 2151 2452 2233 apud
2496 2151 2762 2234 impera-

452 2259 653 2322 torem
734 2276 1051 2336 accusare,
1128 2277 1251 2341 quo
1326 2258 1659 2323 innocente
1733 2257 2138 2340 pronuntiato
2214 2255 2556 2322 ordinatori
2625 2257 2761 2322 eius

454 2363 653 2428 Felici
710 2363 869 2428 alias
928 2364 1094 2448 apud
1154 2364 1421 2431 eundem
1477 2366 1924 2450 imperatorem
1981 2363 2328 2428 calumnias
2377 2364 2762 2428 machinari?

458 2473 523 2533 et
566 2489 732 2535 nune
779 2469 933 2554 quid
979 2471 1153 2536 aliud
1201 2489 1389 2554 quam
1437 2470 1644 2555 ipsius
1691 2469 1949 2535 maioris
1999 2469 2397 2536 Constantini
2454 2469 2762 2536 iudicium

457 2579 675 2641 contra
738 2580 1018 2642 uestram
1073 2582 1314 2661 partem
1370 2578 1556 2654 uiuit,
1615 2577 1782 2661 quod
1839 2577 2108 2641 maiores
2165 2577 2365 2640 uestri
2415 2576 2762 2660 elegerunt,

369 2707 421 2746 20
458 2683 629 2765 quod
682 2683 957 2748 assiduis
1012 2684 1634 2768 interpellationibus
1693 2686 2111 2761 extorserunt,
2180 2683 2347 2765 quod
2417 2682 2762 2768 episcopali

458 2789 695 2855 iudicio
768 2792 1247 2874 praetulerunt?
1325 2792 1379 2856 si
1458 2790 1799 2873 displicent
1879 2790 2232 2872 imperialia
2313 2789 2570 2866 iudicia,
2655 2791 2764 2872 qui

456 2896 755 2978 primitus
818 2897 1230 2982 imperatores
1298 2899 1376 2963 ad
1443 2919 1515 2963 ea
1578 2897 1767 2964 uobis
1835 2895 2162 2962 excitanda
2227 2899 2612 2981 coegerunt?
2669 2897 2762 2960 sic

460 3003 625 3068 euim
690 3004 879 3069 modo
948 3009 1166 3070 contra
1223 3005 1604 3070 catholicam
1672 3003 1962 3069 clamatis
2025 3003 2090 3067 in
2143 3001 2266 3080 hie,
2324 3021 2484 3085 quae
2550 3006 2764 3067 contra

461 3129 575 3174 uos
624 3110 702 3174 ab
748 3111 1236 3195 imperatoribus
1286 3111 1726 3189 decernuntur,
1777 3129 1967 3193 quem
2014 3108 2093 3173 ad
2128 3109 2390 3173 modum
2430 3109 2484 3173 si
2521 3108 2765 3174 uellent

369 3243 421 3282 ιε
459 3217 763 3282 aduersus
810 3218 1181 3283 Danihelem
1232 3219 1522 3296 clamare,
1572 3218 1682 3300 qui
1728 3217 1994 3282 liberato
2041 3215 2154 3280 illo
2197 3215 2434 3280 eisdem
2469 3215 2760 3281 leonibus

458 3325 865 3390 consumendi
922 3326 1104 3390 missi
1160 3330 1329 3404 sunt,
1380 3345 1417 3390 a
1463 3326 1696 3409 quibus
1753 3344 1898 3389 eum
1955 3325 2079 3406 ipsi
2126 3322 2423 3407 primitus
2474 3324 2760 3389 consumi

457 3431 835 3507 uoluerunt3
922 3431 1229 3514 scriptum
1315 3435 1413 3498 est
1496 3432 1699 3496 enim:
1793 3427 2025 3494 Nihil
2106 3429 2466 3494 interest
2545 3429 2760 3494 inter

635 3696 703 3746 25
742 3693 879 3748 Dan.
920 3696 970 3750 6.
1017 3695 1223 3748 16—24
1330 3695 1399 3748 27
1438 3693 1600 3750 Prou.
1645 3696 1727 3756 19.
1773 3695 1836 3747 12

533 3838 558 3889 1
600 3839 789 3906 atque]
830 3839 995 3906 atque
1033 3837 1129 3906 qui
1166 3836 1219 3888 P
1314 3839 1346 3890 3
1386 3836 1627 3890 intimari
1664 3836 1719 3889 P
1753 3835 1873 3889 edd.
1977 3837 2010 3890 5
2049 3835 2192 3888 sicut
2229 3833 2349 3888 edd.
2455 3834 2487 3886 6
2525 3831 2758 3900 populiS,

458 3917 595 3978 corr.
634 3929 755 3978 m.1
790 3925 1023 3994 populus
1062 3925 1119 3978 P
1260 3925 1559 3978 dissensine
1598 3923 1659 3979 F
1815 3923 2079 3992 religione
2117 3921 2295 3977 MAR
2438 3920 2655 3990 propria
2693 3917 2764 3972 M

460 4015 489 4066 7
531 4015 809 4068 ueratioue
836 4013 947 4067 ΓΑ
1054 4014 1086 4067 9
1125 4013 1557 4084 imperatoribus,
1584 4030 1654 4067 m.
1679 4017 1717 4066 2
1753 4014 2138 4082 imperatorum
2173 4011 2230 4063 P
2343 4008 2408 4063 10
2445 4006 2761 4062 conse-itatis

462 4108 572 4172 (pr.
612 4121 636 4157 s
675 4119 793 4172 eqo.
834 4119 900 4156 m.
926 4105 983 4166 2)
1022 4102 1097 4156 Μ
1238 4103 1391 4156 uobis
1429 4101 1484 4156 R
1616 4103 1674 4154 11
1721 4102 1766 4154 si
1805 4117 1908 4154 om.
1949 4099 2023 4154 M
2056 4099 2148 4152 sed
2189 4098 2244 4151 P
2383 4097 2582 4162 uerbis,
2620 4112 2758 4149 corr.

458 4197 585 4246 m.1
615 4195 791 4247 causis
829 4192 904 4246 M
1042 4192 1228 4246 iubere
1266 4190 1503 4244 debeant
1539 4189 1585 4242 si
1625 4189 1694 4243 ad
1732 4189 1786 4243 R
1919 4189 1982 4242 13
2019 4203 2118 4258 per
2154 4203 2255 4242 om.
2297 4187 2350 4240 A
2462 4187 2528 4239 14
2568 4184 2759 4238 adsen-

458 4287 571 4336 tem
609 4281 669 4336 F
758 4283 821 4337 15
860 4281 1098 4352 quoquo]
1137 4297 1241 4351 quo
1278 4280 1354 4334 M
1448 4281 1511 4332 16
1552 4279 1644 4348 qui
1683 4278 1743 4333 F
1833 4277 1897 4332 18
1936 4277 2279 4344 maioris—p.
2315 4277 2439 4338 417,
2479 4277 2553 4326 10
2589 4273 2760 4327 lateat

460 4387 563 4424 om.
602 4371 657 4425 R
800 4371 1031 4424 maiores
1068 4371 1141 4424 M
1175 4375 1264 4436 (m.
1289 4373 1327 4421 2
1364 4367 1604 4434 maioris)
1644 4370 1699 4421 A
1809 4369 1872 4422 21
1917 4365 2200 4434 imperalia
2237 4365 2290 4418 P
2433 4379 2570 4433 quae
2611 4361 2662 4414 A
