3184 4959
249 1613 302 1651 10

142 2122 227 2184 24
249 2146 300 2183 15

243 2680 298 2720 20

241 3212 294 3251 25

1083 428 1619 499 epistularum
1674 429 1919 487 CXVIII.
2504 432 2631 497 687

337 627 480 709 ipsa
542 625 946 709 intellegibili
1012 628 1200 709 atque
1265 624 1773 689 incommutabili
1826 625 2139 690 ueritate?
2195 625 2363 708 quod
2418 630 2632 692 autem

340 734 432 798 ait
483 732 592 797 1116
650 732 828 817 gigni
885 750 1112 809 aerem,
1162 750 1352 814 quem
1397 734 1611 797 tamen
1658 732 1849 796 deum
1895 750 2035 796 esse
2082 733 2401 809 censebat,
2457 734 2633 797 nullo

339 840 528 906 modo
566 842 786 904 mouet
823 838 991 904 hunc
1029 840 1264 915 uirum,
1304 838 1413 922 qui
1452 838 1791 921 intellegit,
1832 858 1953 903 non
1994 838 2163 904 sicut
2188 858 2295 904 aer
2330 830 2632 925 gignitur,

338 945 405 1010 id
460 948 561 1011 est
616 945 828 1028 aliqua
883 964 1098 1023 causa,
1154 950 1230 1010 ut
1285 946 1390 1023 sit,
1449 944 1743 1024 efficitur,
1801 964 1947 1010 cum
1997 946 2251 1011 omnino
2300 946 2457 1010 deus
2512 966 2633 1011 non

340 1053 445 1131 sit,
493 1052 585 1117 ita
622 1052 909 1136 genitum
949 1072 1090 1117 esse
1126 1052 1392 1117 uerbum
1433 1052 1554 1130 dei,
1598 1052 1785 1117 deum
1824 1052 1991 1134 apud
2030 1052 2241 1131 deum,
2289 1052 2403 1117 sed
2445 1053 2634 1137 longe

340 1159 464 1224 alio
503 1160 713 1236 modo,
757 1178 944 1240 quem
982 1176 1188 1239 nem0,
1228 1159 1352 1223 nisi
1391 1159 1494 1223 cui
1534 1158 1693 1223 deus
1730 1159 1869 1241 ipse
1906 1159 2245 1243 inspirarit,
2282 1160 2633 1243 intelleget.

336 1266 520 1331 illum
559 1268 773 1331 autem
813 1267 1003 1331 etiam
1042 1267 1105 1330 in
1143 1266 1303 1349 ipsis
1344 1265 1713 1348 corporibus
1745 1265 2032 1348 desipere
2062 1266 2205 1348 quis
2244 1284 2367 1331 non
2397 1265 2633 1345 uideat,

338 1393 483 1438 cum
531 1392 739 1437 aerem
788 1372 964 1457 gigni
1011 1372 1184 1438 dicat
1228 1375 1293 1436 et
1339 1371 1527 1437 deum
1574 1372 1756 1450 uelit,
1805 1391 1953 1437 eum
1998 1374 2234 1449 autem,
2284 1392 2321 1437 a
2358 1392 2481 1455 quo
2532 1392 2638 1437 aer

339 1480 640 1565 gignitur,
706 1499 832 1544 non
889 1479 1053 1543 enim
1111 1499 1148 1543 a
1209 1479 1386 1544 nullo
1453 1479 1631 1564 gigni
1684 1480 1915 1562 potest,
1983 1497 2107 1543 non
2172 1479 2343 1543 dicat
2398 1479 2631 1544 deum?

340 1606 486 1652 cum
561 1590 772 1651 autem
842 1585 1073 1651 dicitur
1137 1606 1242 1651 aer
1305 1605 1447 1651 esse
1515 1604 1765 1669 semper
1828 1587 1892 1650 in
1956 1588 2159 1663 motu,
2233 1604 2629 1669 nequaquam

341 1693 744 1758 conturbabit
769 1692 1110 1772 hominem,
1147 1696 1224 1757 ut
1258 1696 1592 1776 propterea
1626 1693 1809 1757 illum
1844 1693 2035 1757 deum
2071 1694 2275 1776 putet,
2306 1693 2413 1775 qui
2454 1692 2636 1759 nouit

341 1800 544 1865 omnis
585 1800 865 1881 corporis
903 1802 1151 1865 motum
1196 1799 1558 1865 inferiorem
1599 1819 1761 1877 esse,
1803 1818 1993 1882 quam
2032 1803 2132 1864 est
2166 1802 2381 1865 motus
2420 1800 2633 1877 animi,

339 1909 583 1971 motum
624 1909 839 1971 autem
876 1906 1070 1971 animi
1103 1907 1292 1991 longe
1329 1906 1691 1991 pigriorem,
1732 1925 1919 1988 quam
1960 1908 2061 1971 est
2094 1910 2309 1971 motus
2349 1925 2633 1971 summae

339 2014 528 2095 atque
573 2012 1116 2077 incommutabilis
1166 2013 1533 2094 sapientiae.

422 2120 585 2185 Item
632 2118 1033 2204 Anaxagoras
1081 2120 1219 2185 siue
1269 2120 1538 2203 quilibet
1583 2121 1640 2185 si
1684 2123 1963 2184 mentem
2014 2118 2171 2184 dicit
2214 2120 2419 2202 ipsam
2466 2119 2632 2185 ueri-

335 2230 533 2291 tatem
581 2230 772 2307 atque
821 2226 1218 2309 sapientiam,
1267 2226 1420 2309 quid
1468 2227 1624 2291 mihi
1673 2230 1772 2291 est
1818 2226 1895 2291 de
1938 2226 2133 2291 uerbo
2184 2246 2328 2291 cum
2376 2226 2631 2291 homine

338 2332 752 2398 contendere?
789 2332 1196 2397 manifestum
1237 2337 1339 2397 est
1375 2333 1539 2398 enim
1578 2333 1861 2399 omnium
1896 2352 2105 2398 rerum
2144 2332 2631 2415 descriptionem

337 2441 402 2503 et
454 2440 716 2504 modum
765 2440 842 2505 ab
898 2440 1014 2505 illa
1057 2440 1194 2505 fieri
1239 2458 1508 2524 eamque
1562 2461 1686 2505 non
1742 2442 2090 2525 incongrue
2137 2441 2263 2507 dici
2318 2440 2631 2505 infinitam

336 2566 458 2611 non
513 2565 624 2629 per
680 2546 888 2629 spatia
941 2548 1225 2613 locorum
1285 2547 1396 2611 sed
1451 2567 1562 2629 per
1617 2547 1987 2631 potentiam,
2039 2567 2199 2629 quae
2248 2547 2630 2632 cogitatione

335 2654 611 2717 humana
656 2652 1103 2736 comprehendi
1147 2671 1268 2718 non
1316 2657 1549 2737 potest,
1608 2672 1812 2737 neque
1862 2654 2030 2737 quod
2077 2653 2343 2718 informe
2392 2652 2633 2735 aliquid

335 2760 420 2824 sit
473 2760 615 2840 ipsa
671 2760 1004 2841 sapientia;
1075 2759 1195 2824 hoc
1253 2760 1420 2824 enim
1475 2779 1809 2844 corporum
1867 2764 1984 2839 est,
2042 2763 2135 2837 ut,
2196 2778 2631 2843 quaecumque

331 2866 576 2931 infinita
614 2866 868 2943 fuerint,
909 2866 1040 2931 sint
1069 2870 1133 2931 et
1169 2868 1480 2931 informia.
1521 2867 1741 2933 Cicero
1772 2871 1987 2933 autem
2026 2866 2240 2932 studio
2280 2865 2629 2944 refellendi,

334 2975 643 3054 quantum
706 2972 980 3051 uidetur,
1046 2977 1304 3056 propter
1367 2972 1764 3039 aduersarios
1822 2974 2229 3057 corporaliter
2283 2973 2629 3039 sentientes

332 3083 523 3163 negat
576 3080 822 3145 infinito
879 3080 1122 3163 aliquid
1184 3080 1364 3164 iungi
1429 3082 1737 3163 potuisse,
1797 3081 1945 3164 quia
1999 3101 2073 3145 ex
2128 3101 2201 3145 ea
2253 3083 2451 3164 parte,
2508 3098 2630 3160 qua

331 3187 608 3269 quidque
675 3188 1061 3271 adiungitur,
1126 3206 1386 3252 necesse
1443 3191 1544 3253 est
1598 3208 1739 3253 esse
1801 3188 1865 3252 in
1922 3189 2287 3270 corporibus
2352 3186 2629 3269 aliquem

403 3360 428 3413 1
469 3360 797 3413 immutabili
833 3360 958 3414 MA
1066 3362 1099 3415 2
1137 3360 1362 3430 gignere
1399 3360 1454 3414 R
1601 3349 1693 3430 qffi
1736 3360 1791 3416 V
1890 3363 1925 3416 4
1963 3362 2166 3431 aliqua]
2208 3360 2393 3429 aliqua
2430 3360 2537 3414 alia
2574 3360 2629 3416 R

399 3453 463 3502 ut
499 3449 594 3518 sit]
637 3452 735 3502 aut
769 3450 936 3503 sitM
957 3451 1053 3502 aut
1079 3449 1231 3505 sicR
1322 3454 1354 3504 5
1383 3451 1652 3520 genitum]
1693 3451 1937 3520 gentium
1966 3449 2041 3503 M
2126 3451 2159 3503 6
2186 3450 2303 3520 ipse
2342 3450 2473 3504 deus
2504 3448 2625 3505 edd.

400 3538 692 3607 inspiraret
729 3537 852 3591 MR
959 3539 1236 3608 intellegit
1271 3538 1394 3593 MA
1433 3539 1554 3593 edd.
1666 3542 1695 3594 7
1736 3539 2105 3610 corporalibus
2143 3539 2263 3594 edd.
2376 3538 2626 3608 desipire,

326 3644 393 3681 m.
416 3632 452 3681 2
488 3627 735 3697 desipere
772 3627 828 3681 P
1005 3628 1125 3697 quis
1163 3628 1211 3698 (s
1248 3629 1312 3681 in
1346 3644 1461 3682 raa.
1499 3646 1571 3683 m.
1606 3634 1671 3683 ut
1706 3629 1823 3684 uid.
1861 3633 1912 3695 1)
1952 3628 2008 3683 R
2189 3627 2399 3697 uideat]
2440 3626 2629 3681 uideat

327 3715 504 3770 uideri
549 3714 600 3769 V
775 3716 809 3769 8
847 3732 1082 3786 agerem,
1119 3720 1246 3770 m.2
1283 3733 1462 3771 aerem
1497 3716 1572 3771 M
1730 3720 1763 3771 9
1800 3734 1909 3771 non
1948 3718 2089 3771 enim
2128 3735 2160 3771 6
2196 3716 2369 3785 116116]
2410 3732 2443 3769 a
2477 3717 2625 3770 nullo

329 3805 472 3858 enim
509 3820 746 3873 unquam
784 3804 840 3859 R
979 3805 1046 3859 10
1082 3822 1296 3874 semper
1333 3822 1448 3859 esse
1485 3806 1627 3859 P¹V
1778 3806 1836 3859 in
1872 3810 2025 3859 motu
2059 3822 2171 3859 ras.
2211 3822 2281 3859 ex
2313 3806 2539 3859 immota
2575 3805 2632 3859 P

326 3894 550 3947 immotu
591 3893 666 3947 M
771 3894 834 3947 11
876 3894 1165 3947 conturbet
1199 3894 1257 3948 P
1365 3896 1430 3947 12
1469 3895 1695 3948 aninimi
1732 3895 1788 3949 A
1892 3896 1957 3949 13
1995 3898 2178 3949 autem
2215 3911 2317 3949 om.
2356 3894 2411 3948 P
2518 3894 2623 3963 est]

329 3988 389 4039 e‘e
429 3984 634 4047 (altera
671 4000 700 4037 e
737 3983 882 4053 exp.)
927 3984 982 4037 V
1136 3984 1202 4039 15
1242 3982 1376 4037 dicit
1411 3983 1470 4037 id
1505 3984 1685 4053 ipsum
1721 3984 2011 4038 ueritatem
2048 3988 2215 4052 atque
2254 3983 2503 4037 ueritatis
2542 3999 2625 4036 sa·

325 4071 588 4141 pientiam
624 4071 682 4125 R
819 4072 885 4125 16
923 4071 1086 4141 quod,
1121 4088 1191 4127 m.
1213 4074 1254 4125 2
1291 4071 1422 4141 quid
1457 4072 1513 4125 P
1652 4072 1871 4127 homine
1912 4076 2011 4139 (ω
2050 4074 2213 4139 eras.)
2250 4072 2324 4125 M
2446 4072 2511 4127 21
2554 4073 2627 4126 sit

325 4160 390 4214 in
414 4161 536 4230 fine
571 4177 627 4213 u.
665 4176 768 4213 om.
807 4159 862 4213 P
950 4161 1020 4214 22
1049 4159 1282 4214 informa
1315 4160 1429 4214 ΑΡ
1463 4164 1550 4225 (m.
1573 4164 1613 4215 2
1650 4158 1921 4227 informia)
2015 4162 2085 4215 24
2120 4160 2311 4230 negat]
2345 4161 2533 4229 negati
2571 4162 2624 4214 A

396 4266 554 4319 posse
591 4250 778 4317 flrm
969 4250 1118 4318 61116]
1159 4265 1296 4319 6666
1333 4249 1390 4303 P
1580 4267 1647 4305 66
1683 4266 1786 4305 om.
1824 4251 1880 4305 A
2059 4252 2129 4306 25
2168 4249 2463 4320 quidquam
2502 4250 2622 4305 edd.

398 4342 485 4391 est
521 4352 696 4391 om.m
843 4338 1210 4408 corporalibus
1247 4338 1304 4394 R
