3184 4959
955 479 1490 550 epistularum
1551 477 1703 534 CXII
1780 479 1973 534 CXIII.
2484 483 2615 547 659

320 675 608 740 caelestis
664 677 855 758 atque
911 673 1235 759 angelicae
1283 673 1637 758 dignitatis.
1693 693 1806 758 per
1852 693 2038 756 quem
2088 677 2153 739 te
2201 675 2485 754 obsecre,
2543 677 2617 740 ut

315 781 621 847 rescribas
702 781 862 846 mihi
933 784 1209 863 tuosque
1285 799 1524 858 omnes,
1603 799 1764 863 quos
1843 780 1908 844 in
1986 780 2289 846 Sinitensi
2361 781 2469 846 1161
2549 783 2614 848 111

315 887 730 970 Hipponiensi
759 887 975 964 habea,
1007 887 1086 950 ad
1115 887 1464 952 catholicae
1491 887 1799 952 ecclesiae
1821 887 2330 953 communionem
2352 888 2617 952 comiter

317 996 378 1058 et
432 993 704 1078 benigne
761 993 1134 1059 adhortarie.
1192 994 1256 1058 in
1317 993 1502 1059 cuius
1559 993 1799 1079 gremio
1858 993 2052 1060 etiam
2106 997 2351 1077 patrem
2405 997 2613 1074 tuum,

259 1125 284 1167 5
313 1099 694 1165 laudabilem
741 1103 807 1164 et
853 1100 1180 1184 egregium
1229 1101 1462 1179 uirum,
1519 1101 1633 1164 abs
1680 1103 1745 1165 te
1794 1099 2083 1184 genitum
2130 1119 2271 1166 esse
2318 1101 2613 1186 cognoui.

315 1227 502 1290 quem
547 1211 622 1271 ut
668 1207 881 1273 debito
929 1206 1176 1272 meritis
1225 1206 1362 1272 eius
1411 1225 1448 1270 a
1491 1225 1594 1272 me
1642 1205 1853 1272 officio
1902 1206 2144 1272 salutes
2190 1210 2339 1290 peto
2391 1209 2456 1271 et
2498 1225 2615 1272 nos

313 1315 520 1378 uisere
581 1333 703 1379 non
770 1313 1074 1398 graueris.
1150 1312 1320 1397 quod
1387 1313 1578 1378 etiam
1643 1316 1901 1398 propter
1962 1333 2094 1379 rem
2158 1317 2358 1392 tuam,
2425 1333 2615 1397 quam

313 1419 414 1485 hic
471 1421 688 1498 habes,
755 1420 1082 1486 meliorem
1147 1419 1315 1502 apud
1381 1419 1568 1484 deum
1633 1420 1981 1486 faciendam
2049 1439 2169 1485 non
2236 1420 2617 1504 inpudenter

315 1545 601 1609 exposco.
659 1527 760 1591 dei
813 1524 1253 1591 misericordia
1305 1528 1369 1590 te
1418 1526 1975 1611 circumplectatur
2031 1531 2097 1591 et
2149 1527 2226 1591 ab
2276 1527 2447 1592 omni
2500 1526 2616 1591 ini-

231 1660 281 1700 ιο
316 1634 558 1716 quitate
606 1637 960 1701 conseruet.

1347 1845 1573 1911 CXIII.

312 1981 604 2038 DOMINO
651 1983 1159 2040 DILECTISSIMO
1207 1984 1639 2050 MERITOQUE
1686 1983 2143 2040 HONORABILI
2178 1983 2268 2037 ΕΤ
2308 1981 2611 2040 SUSCIPI-

313 2070 516 2126 ENDO
554 2071 822 2127 FRATRI
869 2072 1272 2129 CRESCONIO
1311 2073 1771 2130 AUGUSTINUS
1808 2073 1890 2128 IN
1925 2072 2217 2128 DOMINO
2258 2073 2611 2132 SALUTEM.

402 2197 471 2262 Si
525 2199 602 2264 ab
657 2200 783 2264 ista
829 2219 1021 2265 causa
1067 2201 1574 2278 dissimulauero,
1633 2200 1708 2264 de
1757 2219 1882 2282 qua
1925 2204 2073 2264 tuae
2129 2199 2421 2282 religioni
2465 2219 2612 2265 ecce

226 2333 278 2373 15
309 2304 542 2370 iterum
590 2307 818 2383 scribo,
877 2327 1001 2372 non
1050 2309 1260 2371 solum
1309 2307 1635 2372 eximietas
1682 2310 1796 2371 tua
1842 2307 1953 2370 sed
2001 2305 2191 2371 etiam
2238 2307 2395 2390 ipse,
2445 2307 2613 2388 quis-

313 2411 456 2492 quis
492 2411 600 2477 ille
629 2417 746 2489 est,
785 2413 849 2476 in
880 2413 1064 2478 cuius
1095 2431 1288 2478 causa
1313 2413 1662 2478 Fauentius
1702 2413 1793 2478 sic
1831 2415 2051 2495 raptus
2092 2415 2211 2491 est,
2248 2413 2473 2477 merito
2510 2433 2613 2477 me

313 2518 597 2600 culpabit
650 2523 716 2584 et
766 2521 936 2584 recte
993 2520 1405 2604 reprehendet
1457 2519 1744 2584 iudicans
1800 2520 2043 2603 utique,
2110 2519 2166 2583 si
2222 2520 2409 2582 etiam
2474 2520 2613 2601 ipse

312 2625 391 2689 ad
445 2625 752 2691 auxilium
809 2625 1110 2690 ecclesiae
1167 2625 1582 2710 confugisset,
1653 2625 1708 2690 si
1765 2625 1823 2690 ei
1889 2625 2098 2690 simile
2154 2625 2394 2708 aliquid
2452 2628 2611 2690 acci-

312 2731 534 2810 disset,
590 2733 682 2797 ita
728 2750 829 2795 me
875 2732 1076 2796 fuisse
1123 2731 1200 2797 ab
1250 2732 1387 2796 eius
1435 2733 1817 2796 necessitate
1865 2734 1929 2796 et
1972 2731 2381 2797 tribulatione
2429 2732 2613 2797 dissi-

221 2863 276 2905 110
313 2838 727 2903 mulaturum.
787 2838 1031 2917 deinde,
1080 2839 1136 2903 si
1181 2839 1510 2903 hominum
1560 2839 1944 2903 existimatio
1991 2838 2449 2903 contemnenda
2492 2843 2611 2917 est,

309 2945 437 3028 ipsi
486 2945 737 3010 domino
788 2945 903 3010 deo
951 2948 1166 3010 nostro
1207 2944 1362 3029 quid
1401 2945 1605 3009 dicam
1645 2948 1708 3008 et
1744 2964 1931 3026 quam
1976 2945 2286 3010 rationem
2330 2944 2609 3024 reddam,

313 3051 391 3131 si,
467 3055 776 3134 quantum
847 3071 1134 3135 possum,
1209 3071 1331 3116 non
1397 3071 1584 3136 egero
1659 3071 1772 3134 pro
1840 3051 1979 3116 eius
2054 3052 2282 3130 salute,
2360 3051 2469 3133 qui
2543 3071 2611 3116 se

385 3279 419 3331 2
456 3277 764 3332 sinitentesi
802 3282 972 3348 (post.
1011 3283 1067 3333 te
1106 3277 1233 3345 del.)
1274 3278 1327 3331 P
1431 3276 1521 3331 uel
1559 3278 1639 3347 in]
1681 3277 1770 3330 uel
1807 3277 1863 3331 R
1899 3276 2019 3330 cdd.
2050 3283 2278 3345 praeter
2316 3293 2353 3329 a
2426 3277 2459 3331 3
2486 3277 2607 3346 hip-

309 3367 545 3436 ponensi
579 3366 654 3419 M
689 3369 849 3433 (corr.
889 3371 1010 3420 m.1
1043 3367 1410 3438 hipponiensi)
1447 3365 1572 3420 edd.
1802 3366 2055 3418 comitter
2090 3368 2148 3418 et
2182 3364 2238 3417 P
2273 3365 2610 3419 committere

313 3459 372 3510 et
407 3456 464 3510 R
499 3457 835 3510 committere
869 3456 1053 3510 MFA
1178 3457 1214 3510 4
1252 3457 1448 3526 gemio‚
1487 3470 1627 3508 corr.
1665 3454 1757 3524 (m.
1778 3453 1879 3520 1.9)
1919 3453 2125 3523 gremio
2162 3454 2223 3507 F
2348 3456 2381 3508 5
2420 3453 2516 3507 abs
2550 3457 2609 3508 te

311 3545 580 3614 genitum,
624 3559 694 3598 m.
716 3548 748 3597 1
790 3561 964 3612 supra
1011 3545 1038 3598 1
1083 3544 1150 3598 ab
1200 3547 1534 3613 stergentum
1572 3542 1629 3596 R
1675 3542 1772 3596 abs
1818 3545 1875 3596 te
1923 3547 2149 3610 gentum
2183 3540 2246 3595 F
2418 3542 2451 3595 6
2496 3543 2605 3612 me]

307 3649 434 3687 meo
469 3631 544 3685 M
684 3635 714 3686 ‘7
751 3649 820 3686 ne
857 3632 1102 3702 graueris
1138 3633 1194 3688 R
1228 3632 1514 3702 negaueris
1551 3632 1634 3697 A;
1670 3631 1739 3699 cf.
1770 3647 1831 3700 p.
1876 3633 1999 3694 661,
2046 3633 2082 3684 7
2242 3646 2394 3684 suam
2428 3629 2611 3684 MFA

309 3721 345 3773 8
385 3720 662 3773 meliorem
699 3719 842 3790 apud
881 3720 1040 3774 deum
1077 3720 1354 3773 meliorem
1393 3719 1698 3773 faciendam
1733 3717 1790 3772 R

751 3869 802 3922 T
850 3893 917 3914 =
956 3868 1071 3924 cod.
1117 3867 1399 3922 Trecensis
1440 3871 1520 3922 40
1553 3885 1598 3924 s.
1636 3868 1821 3922 XIII.

742 3959 809 4012 H
855 3984 922 4004 =
961 3957 1079 4014 cod.
1117 3957 1268 4010 Mus.
1307 3959 1454 4015 Brit.
1491 3957 1667 4013 Harl.
1708 3959 1861 4011 3107
1895 3973 1940 4012 s.
1976 3956 2165 4010 XIII.

742 4048 798 4102 R
849 4071 916 4092 =
956 4046 1074 4101 cod.
1122 4046 1430 4100 Vaticanus
1471 4049 1590 4100 494
1627 4063 1671 4100 s.
1712 4044 1886 4100 XIII
1917 4061 1997 4099 ex.

759 4135 808 4188 V
853 4159 920 4181 ——-
959 4135 1075 4190 cod.
1123 4134 1436 4188 Vaticanus
1477 4137 1594 4188 495
1628 4152 1673 4189 ε.
1711 4135 1772 4188 X
1782 4133 1843 4189 V.

753 4224 808 4280 U
853 4249 920 4270 =
959 4224 1076 4280 cod.
1125 4223 1439 4278 Vaticanus
1479 4225 1601 4277 499
1633 4240 1679 4278 s.
1716 4223 1849 4278 XV.

391 4377 458 4430 12
495 4374 838 4446 suspiciendo
875 4373 931 4429 R
1041 4373 1108 4428 17
1147 4371 1543 4444 reprehendens
1589 4372 1701 4427 VU
1803 4371 1870 4428 21
1910 4373 2029 4443 ipso
2076 4372 2127 4426 T
