3184 4959
1136 439 1664 508 epistularum
1717 439 1914 497 XCIII.
2540 449 2674 513 479

371 631 607 698 Christi
651 632 903 699 nomine
950 636 1411 718 congregantur
1454 633 1518 698 in
1565 634 2075 699 communionem
2131 641 2668 704 sacramentorum

370 740 507 805 eius
588 740 781 806 etiam
852 739 1118 824 maligni
1193 743 1258 806 et
1328 744 1812 824 perseueranter
1876 742 2130 807 omnino
2205 745 2493 826 peruersi
2555 745 2670 810 sed

366 851 577 912 tamen
620 850 945 930 tamquam
990 847 1174 930 palea
1220 846 1297 911 de
1344 865 1490 912 area
1536 845 1854 913 dominica
1897 867 2021 912 non
2069 847 2193 914 nisi
2237 849 2468 915 ultima
2511 870 2666 916 uen-

366 953 654 1019 tilatione
711 953 1059 1037 separandi.
1124 972 1248 1018 non
1307 953 1642 1038 extingunt
1695 954 1808 1020 isti
1863 954 2180 1021 frumenta
2234 955 2552 1023 dominica
2604 958 2670 1024 in

308 1080 334 1120 5
370 1080 588 1126 eorum
628 1061 889 1144 quidem
936 1060 1403 1144 comparatione
1438 1079 1646 1144 pauca
1683 1061 1796 1126 sed
1831 1064 2038 1128 multa
2075 1081 2187 1146 per
2222 1082 2292 1129 se
2328 1063 2498 1146 ipsa;
2545 1085 2666 1130 non

368 1167 702 1252 extingunt
747 1166 986 1233 electos
1036 1167 1136 1233 dei
1184 1167 1658 1253 congregandos
1706 1168 1770 1232 in
1807 1167 1932 1233 fine
1981 1169 2238 1248 saeculi,
2277 1171 2449 1236 sicut
2485 1190 2674 1236 euan-

365 1273 608 1358 gelium
634 1275 940 1358 loquitur,
980 1295 1019 1338 a
1048 1278 1443 1358 quattuor
1476 1277 1778 1354 uentis,
1817 1295 1854 1341 a
1891 1277 2226 1343 summis
2258 1279 2668 1344 caelorum

364 1399 621 1465 usque
705 1381 799 1446 ad
880 1380 1275 1446 terminos
1361 1399 1654 1447 eorum.
1738 1382 2024 1465 ipsorum
2099 1383 2266 1448 enim
2341 1403 2464 1449 uox
2537 1389 2666 1450 est:

368 1487 701 1553 Saluum
746 1506 861 1552 me
908 1489 1053 1565 fac,
1112 1487 1451 1566 domine,
1510 1489 1887 1572 quoniam
1935 1489 2251 1555 defecit
2297 1495 2663 1571 sanctae,

277 1615 329 1654 ιο
366 1595 743 1677 quoniam
800 1593 1257 1660 diminutae
1315 1597 1505 1660 sunt
1562 1595 1973 1660 ueritates
2031 1616 2068 1661 a
2130 1595 2356 1663 filiis
2420 1597 2665 1664 homi-

365 1720 561 1778 num,
630 1701 707 1766 de
772 1701 1004 1784 quibus
1072 1703 1135 1765 et
1202 1700 1496 1766 dominus
1563 1700 1746 1767 dicit:
1806 1701 1970 1766 inter
2031 1702 2484 1768 abundantiam
2547 1702 2667 1768 ini-

365 1806 629 1890 quitatis
714 1807 849 1891 qui
932 1807 1608 1889 perseuerauerit
1683 1801 1940 1892 usque
2021 1809 2100 1874 in
2183 1809 2452 1888 finem,
2536 1810 2664 1874 hic

365 1914 651 1981 saluus
720 1915 900 1980 erit.
976 1914 1245 1998 denique
1310 1933 1433 1979 non
1495 1934 1698 1980 unum
1755 1915 2076 1981 hominem
2141 1915 2254 1982 sed
2317 1915 2530 2000 plures
2597 1917 2662 1982 in

364 2020 583 2086 eodem
647 2021 895 2105 psalmo
959 2020 1137 2104 loqui
1201 2021 1657 2104 consequentia
1719 2020 1966 2100 docent,
2039 2021 2151 2086 ubi
2217 2022 2474 2088 dicitur:
2525 2023 2656 2106 Tu,

273 2149 329 2190 15
363 2127 682 2204 domine,
768 2127 1143 2193 seruabis
1228 2146 1368 2193 nos
1446 2131 1525 2192 et
1599 2127 2026 2193 custodies
2101 2148 2246 2194 nos
2321 2149 2356 2194 a
2431 2149 2659 2214 gene-

360 2234 683 2300 ratione
717 2233 865 2298 hac
902 2235 979 2299 in
1018 2237 1452 2300 aeternum.
1500 2236 1758 2318 propter
1802 2234 1962 2300 hanc
1999 2235 2168 2300 enim
2208 2235 2656 2302 abundantiam

359 2340 739 2424 iniquitatiS,
788 2360 977 2424 quam
1016 2339 1313 2406 dominus
1360 2341 1640 2406 futuram
1691 2359 1832 2406 esse
1879 2340 2208 2423 praedixit,
2257 2341 2448 2406 etiam
2492 2341 2658 2408 illud

359 2446 641 2530 positum
673 2449 801 2512 est:
843 2447 1021 2512 Cum
1050 2447 1353 2512 uenerit
1386 2445 1608 2511 filius
1646 2447 1992 2525 hominiS,
2031 2450 2256 2530 putas
2307 2449 2658 2514 inueniet

359 2552 589 2618 fidem
634 2553 708 2617 in
766 2556 1009 2618 terra?
1066 2551 1381 2618 dubitatio
1430 2552 1600 2618 enim
1658 2555 1890 2618 cuncta
1945 2553 2206 2619 scientis
2251 2557 2532 2620 nostram
2588 2555 2654 2620 in

269 2686 327 2726 20
358 2660 470 2724 illo
538 2659 1001 2724 dubitationem
1076 2659 1549 2744 praefigurauit,
1625 2660 1873 2742 quando
1941 2660 2212 2726 ecclesia
2275 2679 2346 2725 ex
2408 2661 2654 2741 multiS,

360 2766 436 2832 de
510 2767 745 2848 quibus
830 2767 1106 2833 multum
1188 2767 1501 2850 sperauit,
1578 2787 1768 2850 saepe
1841 2767 2134 2851 decepta,
2209 2768 2379 2851 quod
2450 2767 2654 2847 aliter,

359 2893 549 2958 quam
607 2874 1039 2952 credebantur,
1104 2874 1351 2939 inuenti
1408 2877 1579 2952 sunt,
1639 2874 1736 2940 sic
1789 2875 2198 2956 perturbatur
2249 2875 2314 2939 in
2371 2875 2528 2946 suis,
2583 2878 2658 2940 ut

358 2981 435 3046 de
472 2980 647 3046 nullo
686 2981 870 3046 facile
907 2980 1059 3046 boni
1097 2980 1338 3064 aliquid
1376 2980 1543 3047 uelit
1576 2981 1848 3047 credere.
1888 2982 2064 3066 ipsos
2103 2985 2337 3062 tamen,
2385 3001 2656 3064 quorum

354 3089 735 3153 inuenturus
784 3091 885 3152 est
928 3086 1119 3152 fidem
1164 3087 1228 3153 in
1275 3089 1461 3165 terra,
1515 3106 1629 3170 per
1672 3090 1882 3154 totum
1931 3107 2156 3174 agrum
2203 3106 2349 3153 cum
2396 3087 2656 3153 zizaniis

266 3218 319 3258 2⁵
359 3213 637 3260 crescere
685 3194 975 3260 dubitare
1020 3195 1117 3270 fas
1162 3213 1285 3260 non
1335 3197 1453 3259 est.

536 3457 569 3511 3
606 3453 804 3510 Matth.
835 3456 886 3523 3,
927 3455 1017 3519 123
1063 3455 1145 3518 13,
1186 3455 1256 3510 30
1338 3457 1371 3510 6
1408 3453 1607 3510 Matth.
1646 3456 1732 3518 24,
1773 3456 1836 3510 31
1926 3457 1958 3509 9
1995 3455 2083 3510 Ps.
2127 3457 2212 3520 11,
2248 3455 2281 3508 2
2360 3457 2418 3511 11
2453 3456 2653 3512 Matth.

357 3546 443 3608 24,
486 3545 693 3598 12—13
808 3545 875 3597 14
912 3544 1000 3598 Ps.
1044 3543 1126 3606 11,
1166 3543 1199 3598 8
1313 3543 1379 3597 18
1416 3543 1547 3597 Luc.
1591 3543 1677 3606 18,
1717 3543 1750 3597 8

431 3719 457 3772 1
498 3720 554 3773 in
594 3718 967 3772 commuuione
1004 3716 1058 3771 L
1166 3719 1200 3772 2
1236 3721 1586 3788 perseuerant
1623 3718 1679 3774 R
1713 3719 2141 3788 perseuerabunt
2176 3717 2283 3772 PL
2332 3717 2453 3774 edd.
2480 3734 2653 3786 prae-

355 3813 506 3862 tcrm
612 3810 649 3862 4
687 3807 1006 3878 extinguent
1040 3807 1147 3862 PL
1182 3807 1303 3864 edd.
1332 3813 1632 3876 praeterm
1775 3807 1884 3860 ista
1911 3807 2091 3863 MAR
2236 3805 2504 3861 dominica
2538 3806 2652 3860 fru-

350 3900 539 3952 menta
572 3895 628 3950 L
735 3898 769 3951 6
808 3896 1131 3966 extinguent
1164 3895 1220 3949 P
1254 3896 1373 3950 edd.
1404 3901 1762 3965 praeteram
1917 3895 2316 3966 congregando,
2355 3912 2496 3950 corr.
2531 3911 2600 3949 m.
2626 3902 2654 3948 1

354 3984 764 4056 congregandos
801 3985 876 4040 M
1007 3986 1038 4038 7
1076 3984 1320 4054 loquitur
1354 4000 1456 4042 om.
1494 3985 1549 4038 A
1690 3985 1752 4039 11
1795 3984 2044 4040 dominus
2080 3985 2226 4038 inter
2261 3982 2651 4038 abundantiam

352 4074 661 4144 iniquitatis
701 4073 838 4128 dicit
874 4072 969 4142 qui
1006 4076 1187 4127 autem
1228 4073 1662 4143 perseuerauerit
1684 4072 1742 4128 R
1771 4076 1974 4139 (autem
2011 4089 2112 4130 sec.
2153 4072 2334 4142 Vulq.)
2439 4073 2504 4126 12
2529 4087 2650 4142 per·

351 4163 613 4218 manserit
656 4163 704 4218 G
846 4163 911 4216 16
949 4162 1156 4234 haclet
1191 4163 1249 4216 in
1286 4161 1342 4215 P
1510 4161 1654 4216 enim
1691 4162 1832 4216 hanc
1867 4161 1922 4215 L
2067 4163 2134 4218 19
2171 4177 2333 4232 super
2369 4165 2562 4214 terram
2609 4160 2658 4214 0

352 4253 416 4306 21
460 4250 753 4322 separauit,
791 4267 861 4308 m.
882 4255 923 4306 2
958 4250 1202 4321 sperauit
1236 4249 1313 4304 M
1434 4251 1503 4306 23
1542 4249 1759 4304 credere
1795 4251 1936 4305 uelit
1968 4250 2025 4305 R
2152 4251 2222 4304 24
2259 4249 2419 4304 fidem
2459 4249 2651 4302 inuen-

351 4343 507 4396 turus
547 4343 631 4394 est
666 4340 723 4395 R
866 4340 923 4394 in
960 4343 1161 4394 terram
1204 4338 1381 4394 ΜΔΕ
