3184 4959
348 1767 400 1804 10

341 2301 394 2340 15

1093 467 1623 536 epistularum
1680 467 1875 522 LVIII.
1932 467 2069 522 LIX.
2595 473 2725 536 219

429 661 778 740 hominum,
828 661 904 726 de
952 663 1184 745 quibus
1229 683 1344 746 per
1386 666 1450 728 te
1499 663 1813 730 catholica
1858 668 2062 730 mater
2096 665 2357 744 exultat,
2396 685 2726 750 aspernere

432 769 624 833 etiam
671 769 991 853 superflua
1037 772 1413 836 metuentes,

1491 963 1654 1031 LIX.

429 1100 724 1156 DOMINO
753 1099 1182 1156 BEATISSIMO
1211 1101 1304 1155 ΕΤ
1325 1099 1775 1156 VENERABILI
1804 1101 2022 1156 PATRI
2052 1103 2140 1156 ΕΤ
2163 1101 2725 1158 CONSACERDOTI

703 1190 1107 1246 VICTORINO
1145 1190 1607 1246 AUGUSTINUS
1647 1191 1727 1245 IN
1764 1191 2057 1246 DOMINO
2100 1193 2455 1248 SALUTEM.

520 1319 841 1384 'Praetoria
903 1319 983 1383 ad
1045 1339 1148 1382 me
1214 1318 1432 1400 quinto
1489 1317 1643 1383 Idus
1700 1317 2081 1384 Nouembris
2139 1319 2315 1385 uenit
2370 1320 2497 1384 iam
2544 1319 2724 1384 finito

432 1427 532 1492 die
597 1429 662 1490 et
723 1445 825 1490 me
889 1425 1078 1491 ualde
1136 1423 1588 1509 indispositum
1644 1425 1906 1493 inuenit.
1965 1428 2037 1489 ut
2094 1444 2417 1490 occurrere
2474 1427 2724 1491 omnino

429 1551 549 1598 non
615 1551 894 1615 possem.
971 1550 1196 1596 uerum
1263 1535 1474 1595 tamen
1544 1531 1683 1596 siue
1747 1533 2105 1614 inperitiam
2172 1552 2375 1596 meam
2453 1534 2727 1597 mouerit

431 1641 568 1706 siue
621 1639 792 1704 iuste
847 1643 1061 1703 motus
1119 1638 1261 1714 sim,
1321 1641 1468 1702 tuae
1517 1638 1876 1702 sanctitatis
1926 1643 1991 1703 et
2035 1641 2371 1722 grauitatis
2421 1642 2521 1704 est
2565 1639 2725 1703 arbi-

430 1747 600 1811 trari.
673 1746 804 1830 legi
870 1747 934 1810 in
1010 1745 1227 1810 eadem
1300 1744 1599 1809 tractoria
1672 1746 1865 1810 etiarn
1938 1745 2015 1808 ad
2080 1745 2508 1810 Mauretanias
2582 1765 2724 1810 esse

431 1853 759 1935 scriptum,
809 1871 964 1934 quas
1010 1850 1369 1933 prouincias
1418 1851 1658 1916 scimus
1707 1871 1857 1916 suos
1906 1851 2135 1916 habere
2181 1853 2504 1934 primates.
2555 1852 2722 1935 quod

433 1961 489 2025 si
553 1963 616 2024 et
681 1979 753 2024 ex
819 1959 908 2024 eis
975 1959 1054 2022 ad
1117 1957 1486 2023 Numidiam
1563 1957 2040 2022 conuocandum
2116 1961 2287 2024 essct
2361 1959 2721 2036 concilium,

433 2066 712 2149 oportuit
781 2065 1025 2148 utique,
1090 2068 1165 2130 ut
1227 2065 1584 2147 aliquorum
1648 2063 2017 2131 Maurorum
2082 2065 2545 2149 episcoporum,
2613 2065 2721 2148 qui

429 2173 563 2238 illic
625 2173 869 2255 priores
933 2175 1104 2249 sunt,
1172 2171 1427 2236 nomina
1489 2171 1548 2235 in
1608 2171 1911 2235 tractoria
1964 2175 2373 2254 ponerentur:
2432 2173 2599 2254 quod
2654 2174 2719 2238 in

429 2280 556 2344 ista
599 2279 898 2344 tractoria
943 2297 1064 2343 non
1110 2278 1424 2361 reperiens
1473 2279 1747 2343 multum
1806 2278 2073 2344 miratus
2130 2299 2295 2344 sum.
2362 2280 2585 2344 deinde
2644 2281 2721 2343 ad

429 2387 604 2467 ipsos
649 2385 961 2451 Numidas
1009 2385 1100 2450 ita
1144 2385 1510 2468 perturbato
1560 2389 1625 2449 et
1670 2386 1961 2468 neglecto
2011 2385 2223 2450 ordine
2272 2386 2600 2468 scriptum,
2649 2389 2723 2449 ut

431 2513 657 2559 nomen
721 2513 936 2558 meum
999 2493 1186 2557 tertio
1253 2493 1392 2558 loco
1459 2493 1827 2570 inuenerim‚
1896 2493 2003 2575 qui
2068 2493 2238 2566 noui,
2314 2511 2501 2575 quam
2576 2498 2725 2575 post

431 2603 670 2667 multos
718 2601 1054 2682 episcopus
1100 2602 1308 2664 factus
1357 2600 1500 2664 sim.
1568 2619 1728 2682 quae
1785 2619 1883 2663 res
1943 2603 2008 2664 et
2064 2601 2203 2664 aliis
2262 2599 2567 2664 iniuriosa
2623 2603 2723 2665 est

433 2708 588 2773 satis
637 2712 700 2772 et
745 2707 904 2772 mibi
950 2707 1282 2772 inuidiosa.
1328 2711 1655 2788 praeterea
1698 2707 2076 2770 uenerabilis
2122 2707 2313 2770 frater
2359 2711 2423 2770 et
2478 2707 2723 2791 collega

433 2819 648 2880 noster
697 2813 1101 2896 Xanthippus
1150 2813 1538 2898 Tagonensis
1587 2813 1763 2893 dicit,
1814 2813 1981 2895 quod
2036 2833 2179 2877 eum
2228 2813 2536 2897 primatus
2584 2814 2721 2894 ipse

433 2922 779 3005 contingat,
829 2931 893 2985 et
937 2939 1086 3005 erga
1129 2922 1440 3003 plurimos
1491 2922 1582 2986 sic
1630 2919 1900 2986 habetur
1948 2923 2011 2985 et
2046 2922 2207 2985 tales
2246 2921 2448 2985 mittit
2486 2920 2723 3004 epistu-

429 3029 548 3094 laS.
615 3029 724 3111 qui
781 3028 972 3093 etiam
1029 3047 1197 3094 error
1250 3029 1305 3092 si
1359 3027 1545 3094 facile
1591 3029 1757 3094 inter
1802 3032 2079 3094 uestram
2128 3027 2529 3094 sanctitatem
2579 3047 2722 3111 cog-

507 3254 532 3306 1
576 3253 814 3308 exaltata
847 3253 922 3306 M
1061 3254 1362 3323 asperneris
1400 3253 1528 3307 PP¹
1567 3269 1819 3323 spernere
1857 3253 1981 3308 MR

975 3412 1024 3465 T
1073 3437 1142 3460 =
1181 3411 1294 3466 cod.
1344 3411 1625 3466 Trecensis
1666 3415 1745 3466 40
1779 3427 1821 3466 ε.
1862 3411 2045 3466 XIII.

964 3501 1022 3556 Β
1075 3525 1144 3548 =
1184 3501 1300 3555 cod.
1349 3500 1659 3554 Vaticanus
1701 3503 1818 3554 494
1855 3516 1897 3556 s.
1936 3499 2106 3553 XIII
2143 3515 2225 3554 ex.

977 3589 1029 3642 V
1073 3614 1142 3636 =
1181 3589 1296 3645 cod.
1346 3589 1659 3643 Vaticanus
1700 3593 1817 3642 495
1853 3605 1895 3642 ε.
1935 3588 2066 3642 ΧΥ.

975 3677 1028 3733 U
1074 3703 1142 3724 =
1181 3677 1295 3732 cod.
1345 3677 1658 3731 Vaticanus
1700 3679 1817 3731 499
1852 3692 1895 3730 ε.
1934 3675 2067 3730 XV.

502 3838 534 3891 6
573 3836 751 3906 uenit]
791 3836 862 3891 ad
897 3855 982 3892 me
1019 3839 1174 3891 uenit
1205 3837 1300 3910 (ad
1337 3853 1422 3890 me
1459 3840 1603 3905 exp.)
1652 3835 1705 3891 U
1846 3835 1998 3890 finito
2036 3836 2143 3888 iam
2192 3835 2245 3889 U
2421 3835 2454 3888 8
2490 3835 2722 3902 nouerit,

431 3941 566 3979 corr.
607 3931 728 3978 m.1
763 3928 998 3980 mouerit
1031 3927 1088 3980 R
1271 3926 1337 3980 10
1383 3926 1707 3979 tractatoria
1752 3923 1863 3978 ΥΠ
2038 3924 2385 3986 mauritanus,
2427 3939 2565 3976 corr.
2604 3928 2725 3977 m.1

429 4015 780 4068 mauritanias
815 4013 874 4069 R
909 4015 1262 4069 mauritanias
1309 4014 1419 4069 ΥΠ
1453 4014 1572 4068 edd.
1689 4015 1749 4067 11
1794 4014 1941 4082 suos]
1982 4012 2141 4066 nobis
2178 4029 2276 4064 uos
2315 4011 2470 4067 codd.
2573 4013 2636 4065 12
2668 4014 2725 4065 et

432 4119 533 4156 om.
571 4101 682 4156 ΥΠ
819 4101 1117 4156 numidiam
1157 4103 1327 4164 (numi
1363 4103 1427 4156 in
1463 4102 1601 4172 rae.)
1642 4101 1693 4154 Υ
1802 4102 1866 4155 14
1904 4099 2225 4155 tractatoria
2264 4098 2317 4154 U
2420 4101 2483 4154 15
2518 4103 2721 4154 tracta-

429 4190 574 4244 toria
617 4189 672 4245 U
813 4191 878 4245 16
917 4191 1186 4244 numidias
1221 4191 1277 4246 R
1314 4191 1562 4251 numdas‚
1604 4206 1741 4244 corr.
1780 4187 2026 4243 numidas
2078 4188 2127 4240 V
2278 4188 2345 4242 18
2385 4193 2480 4256 epe
2517 4187 2573 4242 R
2611 4187 2723 4257 epi-

431 4295 623 4349 scopos
669 4278 976 4347 VUt'lsm
1120 4297 1235 4334 sum
1283 4279 1331 4332 T
1365 4278 1484 4334 edd.
1514 4284 1813 4348 praeter-m
1920 4278 1990 4331 20
2028 4277 2342 4346 sanctippus
2381 4275 2535 4330 codd.
2573 4275 2719 4330 Xan-

431 4368 618 4437 tippus
655 4367 776 4422 edd.
920 4369 1228 4438 tagosensis
1263 4367 1440 4422 RVU
1454 4385 1508 4420 m
1546 4367 1899 4436 Tagastensis
1937 4371 2053 4420 cett.
2093 4365 2215 4420 edd.
