3184 4959
1190 423 1725 494 epistularum
1778 423 1888 477 LV.
2578 426 2705 490 205

417 618 516 682 lex
567 616 758 682 tertia
811 616 1062 680 scilicet
1125 615 1226 680 die
1279 616 1453 680 tertii
1513 616 1767 681 mensis,
1828 636 2088 682 numera
2141 618 2356 700 itaque
2405 638 2443 682 a
2488 621 2713 700 quarta

301 793 322 810 ‚
419 724 663 790 decima
715 723 903 805 primi
951 723 1208 800 mensis,
1259 742 1382 806 quo
1430 724 1669 788 factum
1719 727 1819 788 est
1860 726 2117 808 pascha,
2166 744 2367 808 usque
2416 724 2495 790 ad
2540 725 2711 789 diem

416 831 674 896 tertium
720 831 892 896 tertii
937 829 1198 906 mensis,
1244 829 1532 894 inuenies
1580 831 1798 894 decem
1838 834 1903 895 et
1938 834 2187 914 septem
2222 831 2412 915 primi
2448 831 2710 910 messia,

417 937 1016 1022 trigintasecundi,
1075 940 1204 1001 tres
1267 938 1466 1014 tertii,
1533 937 1643 1019 qui
1708 936 1869 1001 fiunt
1932 938 2409 1022 quinquaginta.
2483 939 2583 1003 lex
2644 938 2709 1002 in

356 1065 382 1106 s
421 1063 561 1108 arca
627 1045 725 1107 est
788 1041 1204 1109 sanctificatio
1273 1043 1336 1108 in
1395 1061 1650 1126 corpore
1708 1044 1968 1122 domini,
2012 1063 2125 1126 per
2171 1045 2353 1110 cuius
2400 1063 2707 1110 resurrec-

417 1151 656 1216 tionem
724 1147 908 1216 nobis
963 1151 1214 1232 requies
1267 1150 1482 1215 futura
1535 1150 1949 1233 promittitur,
2007 1151 2085 1215 ad
2132 1171 2321 1233 quam
2367 1151 2711 1234 percipien-

421 1257 564 1324 dam
610 1260 828 1322 sancto
879 1257 1106 1338 spiritu
1155 1257 1384 1321 caritas
1439 1256 1807 1338 inspiratur.
1874 1257 2195 1340 spiritus
2262 1261 2479 1324 autem
2544 1277 2710 1322 non-

423 1365 584 1429 dum
637 1367 795 1428 erat
842 1363 1084 1442 datuS‚
1135 1363 1310 1446 quia
1357 1364 1572 1428 Iesus
1622 1365 1945 1430 nondum
1993 1369 2153 1429 erat
2199 1365 2709 1430 clarificatus,

419 1472 564 1536 inde
636 1471 966 1553 prophetia
1038 1470 1151 1534 illa
1233 1472 1484 1535 cantata
1563 1474 1693 1536 est:
1776 1472 2141 1556 Exsurge,
2227 1470 2553 1548 domine,
2636 1470 2711 1534 iu

336 1599 388 1638 ιο
425 1577 758 1660 requiem
822 1579 1048 1652 tuam,
1098 1575 1179 1660 t]u
1245 1580 1320 1639 et
1381 1595 1548 1640 arca
1604 1577 2261 1642 sanctificationis
2327 1582 2525 1642 tuae.
2599 1575 2713 1640 ubi

423 1685 692 1766 requie8‚
758 1683 848 1747 ibi
915 1686 978 1748 et
1034 1681 1474 1748 sanctificatio.
1544 1684 1711 1748 unde
1767 1703 1931 1749 nunc
1990 1688 2063 1748 ut
2108 1703 2393 1748 amemus
2442 1688 2507 1748 et
2552 1683 2713 1748 desi-

425 1791 734 1867 deremus,
817 1790 1050 1874 pignus
1134 1790 1516 1873 accepimus.
1602 1794 1911 1856 uocantur
1983 1796 2196 1856 autem
2274 1791 2353 1854 ad
2432 1789 2712 1870 requiem

426 1897 686 1962 alterius
741 1897 936 1972 uitae,
997 1915 1120 1978 quo
1169 1897 1246 1960 ab
1293 1897 1422 1962 ista
1466 1897 1603 1961 uita
1649 1897 1974 1972 transitur,
2025 1898 2195 1980 quod
2238 1897 2477 1980 pascha
2522 1896 2715 1980 signi-

426 2003 591 2080 ficat,
635 2022 891 2070 omnes
928 2004 1002 2066 in
1049 2003 1346 2068 nomine
1383 2004 1627 2086 patris
1670 2006 1743 2068 et
1780 2004 1934 2068 filii
1974 2009 2049 2069 et
2085 2004 2405 2086 spiritus
2446 2004 2709 2068 sancti.

0 2117 184 2180 XVII
219 2117 301 2180 31
341 2129 392 2170 τε
512 2111 853 2193 Propterea
898 2110 1474 2194 quinquagenarius
1522 2129 1823 2175 numerus
1862 2115 1961 2175 ter
1994 2111 2461 2192 multiplicatus
2500 2109 2712 2175 addito

427 2217 503 2281 ad
578 2217 983 2282 eminentiam
1059 2217 1433 2282 sacramenti
1509 2217 1649 2301 ipso
1724 2218 1995 2284 ternario
2070 2217 2133 2281 in
2208 2217 2339 2282 illis
2422 2217 2712 2302 magnis

425 2324 772 2407 piscibus
837 2325 1176 2401 inuenitur,
1247 2343 1405 2406 quos
1465 2325 1759 2390 dominus
1814 2326 1943 2391 iam
1998 2329 2148 2407 post
2190 2323 2713 2388 resurrectionem

427 2450 652 2496 nouam
699 2431 900 2495 uitam
959 2431 1396 2496 demonstrans
1453 2451 1490 2496 a
1545 2432 1799 2496 dextera
1851 2435 2031 2515 parte
2083 2431 2283 2494 leuari
2346 2431 2712 2514 imperauit3

385 2535 557 2602 ‘nec
620 2537 816 2602 retia
876 2541 1098 2619 rupta
1163 2541 1356 2616 sunt,
1427 2539 1574 2621 quia
1628 2543 1781 2603 tunc
1836 2538 2295 2602 haereticorum
2343 2536 2713 2618 inquietudo

341 2663 394 2704 20
429 2663 546 2707 non
594 2643 732 2708 erit.
787 2645 940 2708 tunc
986 2645 1172 2709 homo
1220 2643 1540 2726 perfectus
1598 2647 1663 2708 et
1716 2643 1993 2726 quietus.
2041 2645 2351 2727 purgatus
2398 2643 2717 2706 inanima

607 2835 637 2888 7
674 2832 791 2888 Ioh.
832 2835 882 2896 7,
920 2835 989 2888 39
1134 2835 1168 2889 9
1205 2835 1293 2890 Ps.
1337 2837 1456 2900 131,
1496 2835 1529 2888 8
1678 2835 1743 2888 14
1781 2833 1979 2888 Matth.
2018 2835 2105 2901 28,
2145 2835 2209 2890 19
2371 2835 2435 2888 16
2471 2833 2587 2887 Ioh.
2628 2833 2713 2898 21,

434 2921 491 2985 6;
532 2922 594 2976 11

505 3047 529 3100 1
569 3045 752 3108 tertio,
790 3061 860 3099 m.
882 3049 922 3099 2
956 3045 1120 3100 tertia
1157 3045 1244 3100 die
1281 3047 1336 3100 Β
1371 3046 1536 3100 tertio
1574 3045 1639 3098 K
1672 3045 1791 3099 edd.
1906 3045 1992 3099 die
2029 3061 2131 3100 om.
2163 3046 2216 3098 Β
2247 3045 2361 3098 dies
2390 3047 2437 3115 (s
2467 3050 2630 3111 eras.)
2668 3045 2719 3098 P

504 3180 532 3215 a
571 3168 762 3232 quarto
803 3161 1008 3217 decimo
1046 3163 1104 3216 K
1145 3161 1265 3216 edd.
1411 3163 1446 3216 2
1481 3163 1682 3216 mensis
1719 3177 1822 3216 om.
1858 3161 1933 3216 M
2074 3177 2124 3230 q,
2162 3179 2229 3214 m.
2252 3164 2293 3214 2
2328 3127 2367 3230 (Ξ
2398 3161 2453 3214 Β
2492 3177 2629 3230 quo·
2659 3159 2717 3226 (d

435 3257 594 3318 eras.)
634 3251 688 3303 P
725 3251 811 3304 die
849 3267 957 3321 quo
997 3251 1116 3306 edd.
1235 3251 1292 3304 in
1329 3250 1384 3303 B
1493 3254 1525 3306 3
1565 3252 1787 3304 tertium
1822 3267 1925 3304 om.
1964 3249 2030 3304 K
2142 3251 2342 3303 mensis
2382 3253 2439 3302 et
2473 3249 2717 3304 inuenies

433 3341 506 3394 M
536 3341 655 3396 edd.
799 3341 921 3404 VII,
960 3345 1083 3394 m.1
1117 3356 1256 3395 corr.
1294 3339 1451 3393 XVII
1488 3338 1541 3391 Β
1579 3339 1765 3393 decem
1806 3341 1862 3392 et
1898 3343 2105 3410 septem
2144 3337 2259 3392 dies
2297 3337 2417 3392 edd.
2539 3341 2572 3393 5
2611 3339 2715 3410 est]

435 3432 491 3484 et
515 3424 847 3483 PBP¹P²M
877 3429 1128 3498 Euyt'ppi
1165 3429 1279 3484 cod.
1317 3429 1506 3482 Paris.
1546 3430 1702 3483 2109
1790 3429 1822 3480 6
1860 3427 2067 3496 futura]
2106 3427 2373 3496 figuratur
2397 3427 2454 3479 P
2560 3443 2719 3496 quam

433 3535 533 3574 om.
571 3518 648 3572 M
802 3517 1207 3588 percipiendum
1245 3519 1299 3570 P
1443 3519 1472 3570 7
1512 3517 1709 3586 spiritu
1746 3521 1931 3570 sancto
1972 3515 2091 3570 edd.
2240 3515 2273 3568 8
2313 3516 2457 3584 quia]
2500 3531 2619 3569 cum
2656 3514 2723 3568 K

505 3608 836 3678 glorificatus
873 3607 928 3660 P
960 3623 1060 3660 sec.
1109 3606 1265 3676 Vuly.
1358 3609 1390 3660 9
1427 3606 1570 3659 unde
1608 3605 1673 3658 K
1707 3605 1827 3662 edd.
1946 3604 2044 3658 illa
2078 3621 2149 3660 m.
2173 3607 2213 3657 2
2246 3621 2288 3659 s.
2328 3621 2382 3656 ιι.
2414 3603 2479 3658 K
2569 3605 2629 3659 11
2665 3607 2721 3658 et

431 3713 534 3752 om.
572 3695 649 3750 1²²
685 3709 775 3762 (m.
799 3701 829 3749 1
868 3696 1022 3764 add.)
1061 3696 1126 3752 K
1160 3697 1280 3750 edd.
1403 3679 1490 3748 'ut
1526 3711 1592 3750 ex
1629 3710 1767 3749 corr.
1805 3711 1874 3748 m.
1898 3699 1951 3758 2,
1980 3693 2104 3761 suit
2141 3697 2197 3747 et
2234 3693 2295 3746 K
2476 3695 2541 3746 12
2580 3693 2718 3746 acci-

432 3787 609 3856 pimus
647 3802 902 3840 uocamur
935 3787 998 3858 Β
1116 3787 1180 3840 13
1219 3786 1337 3839 uita
1372 3800 1476 3839 om.
1514 3784 1580 3838 K
1703 3787 1767 3839 15
1806 3801 2059 3838 numerus
2097 3800 2200 3837 om.
2237 3782 2292 3836 Β
2418 3784 2482 3836 16
2519 3783 2599 3851 in]
2643 3784 2717 3848 ut,

435 3879 551 3930 m.1
587 3892 725 3930 corr.
763 3878 826 3929 ut
861 3875 916 3928 in
955 3875 1028 3928 P¹
1067 3877 1128 3928 ut
1163 3875 1218 3930 in
1251 3873 1322 3928 1³²
1358 3877 1415 3928 et
1451 3875 1506 3929 in
1533 3891 1588 3928 m
1700 3875 1763 3926 17
1803 3873 1949 3942 quod
1976 3875 2031 3928 P
2176 3873 2283 3926 iam
2322 3871 2571 3924 dominus
2600 3871 2717 3925 edd.

505 3965 612 4018 iam
650 3979 752 4019 om.
791 3966 846 4019 Β
929 3965 995 4018 18
1033 3963 1103 4018 ad
1142 3964 1416 4018 dexteram
1455 3967 1663 4034 partem
1698 3961 1978 4016 PP²P²M
2090 3962 2369 4032 praecepit
2402 3961 2459 4014 Β
2544 3961 2608 4015 19
2638 3977 2719 4014 re-

435 4055 516 4108 tia
560 4055 806 4123 disrupta
841 4053 908 4108 K
947 4055 1086 4124 retie
1122 4055 1314 4122 ruptae
1354 4053 1408 4104 P
1620 4050 1943 4120 inquietudo
1990 4068 2097 4105 non
2147 4051 2395 4114 euanuit,
2434 4067 2501 4102 m.
2526 4053 2565 4103 2
2601 4066 2719 4118 per-

438 4143 665 4197 uersitas
712 4160 820 4197 non
853 4143 908 4196 Β
1016 4144 1084 4197 20
1131 4159 1239 4196 non
1287 4159 1354 4198 ex
1399 4157 1554 4206 corr„
1581 4143 1765 4208 fuisse
1801 4141 1918 4196 uid.
1958 4141 2003 4193 si
2042 4141 2133 4192 uel
2168 4141 2205 4192 fi
2242 4138 2305 4192 K
2450 4142 2533 4191 est
2568 4136 2724 4192 P1P²

509 4231 724 4301 quietus
755 4235 810 4284 et
835 4232 1106 4302 perfectus
1135 4231 1386 4302 Euyippi
1414 4231 1530 4286 cod.
1572 4230 1697 4284 Vat.
1846 4233 2131 4300 purgatus,
2160 4245 2228 4280 m.
2253 4231 2291 4282 2
2316 4226 2641 4297 purgabitur
2667 4226 2723 4278 Β

435 4325 696 4392 purgatur
730 4321 787 4374 P
929 4321 1106 4374 animo
1134 4321 1332 4388 flrm
