3184 4959
302 667 339 728 2

348 1653 399 1692 10

347 2185 398 2224 15

344 2721 399 2760 20

1158 469 1690 540 epistularum
1751 467 2010 526 LXXXV.
2605 471 2735 534 395

524 667 685 733 Cum
752 669 965 731 autem
1031 668 1103 729 tu
1166 665 1375 750 magis
1432 664 1765 748 magisque
1821 667 1886 728 te
1943 663 2272 746 implicare
2329 682 2452 728 non
2501 682 2736 740 cesses,

432 779 507 860 ut
570 773 763 840 etiam
828 773 1039 847 rebuS‚
1110 771 1340 854 quibus
1407 769 1808 850 renuntiasti,
1872 774 1938 835 te
2001 772 2152 854 post
2203 769 2736 835 renuntiationem

432 881 795 956 imm-neria,
862 879 1031 962 quod
1096 897 1211 942 nec
1277 877 1446 961 apud
1507 878 1682 960 ipsas
1750 877 2057 942 humanas
2120 877 2299 962 leges
2358 876 2490 941 ullo
2546 875 2736 940 modo

434 987 686 1052 defendi
715 980 949 1069 potest,
982 988 1045 1049 et
1086 986 1149 1049 in
1185 1004 1259 1050 ea
1293 985 1688 1067 professione
1728 984 1946 1049 uiuere
1984 983 2236 1061 dicariS,
2266 983 2370 1048 cui
2407 983 2738 1068 frugalitas

436 1093 744 1159 ecclesiae
808 1096 955 1157 tuae
1013 1091 1307 1156 sufficere
1362 1109 1484 1155 non
1542 1091 1772 1174 possit,
1827 1094 1903 1154 ut
1958 1089 2112 1173 quid
2159 1089 2410 1173 quaeris
2459 1108 2738 1155 commu-

432 1201 683 1266 nionem
740 1219 971 1276 meam,
1022 1217 1167 1264 cum
1226 1197 1441 1262 audire
1500 1217 1846 1280 numquam
1904 1197 2185 1262 uolueris
2243 1196 2738 1262 admonitionem

432 1310 683 1372 meam?
747 1325 825 1371 an
889 1308 983 1384 ut,
1048 1303 1351 1388 quicquid
1417 1303 1597 1381 facis,
1665 1303 1822 1368 mihi
1876 1303 2172 1386 inputent
2225 1303 2535 1382 homine-²³,
2584 1321 2737 1387 quo-

430 1433 571 1478 rum
639 1412 927 1497 querelas
1004 1412 1319 1476 sustinere
1382 1430 1504 1476 non
1569 1414 1876 1495 possum?
1952 1413 2186 1475 frustra
2251 1414 2464 1476 autem
2531 1411 2736 1494 suspi-

434 1518 596 1585 caris
652 1539 761 1584 eos
820 1537 960 1584 esse
1020 1519 1475 1583 obtrectatores
1532 1523 1704 1594 moa,
1763 1519 1870 1600 qui
1918 1518 2036 1582 tibi
2085 1537 2334 1600 semper
2382 1526 2442 1582 et
2489 1517 2551 1582 in
2599 1519 2734 1582 uita

433 1625 638 1708 priore
686 1624 1009 1689 aduersati
1058 1627 1227 1690 sunt.
1286 1644 1409 1689 non
1460 1628 1559 1688 est
1605 1623 1696 1688 ita
1741 1643 1856 1688 nec-
1902 1625 2154 1703 mirum‚
2205 1625 2372 1708 quod
2421 1625 2626 1689 multa
2671 1627 2734 1689 te

432 1731 652 1796 latent.
720 1731 831 1796 sed
887 1731 1079 1796 etiam
1136 1731 1193 1796 si
1248 1731 1369 1797 hoc
1425 1751 1650 1796 uerum
1707 1735 1898 1806 esset,
1956 1731 2115 1794 nihil
2159 1731 2221 1794 in
2271 1731 2402 1795 tuis
2450 1731 2734 1796 moribus

432 1837 715 1903 inuenire
773 1837 1147 1916 debuerunt,
1206 1839 1373 1920 quod
1428 1844 1600 1903 recte
1645 1837 2171 1920 reprehenderent
2217 1841 2282 1902 et
2329 1838 2492 1902 unde
2541 1838 2770 1902 eccle--

434 1944 593 2008 siam
639 1942 1169 2027 blasphemarent.
1218 1945 1425 2010 adhuc
1470 1963 1571 2010 me
1610 1948 1798 2028 putas
1837 1944 2106 2010 fortasse
2143 1945 2284 2011 ideo
2332 1944 2460 2010 ista
2506 1944 2734 2024 dicere,

434 2049 583 2132 quia
648 2069 769 2114 non
840 2051 1054 2134 accepi
1121 2049 1624 2117 satisfactionem
1677 2055 1876 2116 tuam.
1944 2053 2138 2117 immo
2194 2055 2527 2135 propterea
2573 2051 2734 2130 dice,

432 2176 511 2220 ne
572 2156 709 2238 ipse
776 2175 895 2222 non
962 2157 1205 2240 possim
1272 2158 1431 2224 satis
1498 2157 1615 2223 deo
1680 2158 1884 2224 facere
1952 2159 2028 2223 de
2091 2159 2371 2243 peccatis
2435 2158 2619 2237 meis,
2679 2158 2736 2224 si

432 2263 587 2352 baec
632 2262 753 2327 tibi
797 2267 1079 2328 tacuero,
1129 2265 1300 2342 noui,
1350 2264 1499 2348 quia
1546 2282 1654 2329 cor
1699 2265 1915 2335 habes,
1965 2266 2076 2330 sed
2127 2269 2190 2330 et
2245 2264 2495 2328 tardum
2556 2283 2735 2330 secu-

432 2389 571 2433 rum
620 2373 739 2446 est,
790 2371 1039 2453 quando
1086 2371 1149 2436 in
1200 2372 1373 2437 caelo
1422 2374 1540 2450 est,
1589 2373 1656 2436 et
1693 2375 1946 2439 acutum
1988 2391 2096 2437 cor
2130 2372 2288 2437 nihil
2326 2375 2445 2450 est,
2485 2371 2732 2456 quando

433 2475 495 2539 in
542 2481 713 2542 terra
756 2481 875 2542 est.
924 2496 1047 2542 non
1096 2483 1195 2544 est
1241 2479 1648 2561 episcopatus
1695 2478 2030 2543 artificium
2079 2479 2518 2564 transigendae
2563 2479 2736 2543 uitae

432 2582 698 2648 fallacis.
766 2583 1018 2649 docebit
1072 2587 1157 2664 te,
1214 2585 1386 2667 quod
1442 2584 1604 2664 dic0,
1654 2585 1948 2650 dominus
1997 2587 2175 2664 dena,
2224 2585 2335 2669 qui
2380 2584 2500 2651 tibi
2547 2584 2734 2648 inter-

436 2689 630 2754 clusit
685 2708 903 2755 omnen
962 2690 1121 2770 uias„
1172 2692 1249 2756 ad
1298 2710 1454 2774 quas
1500 2691 1612 2755 illo
1661 2691 1760 2756 uti
1806 2691 2097 2770 uoluisti,
2143 2696 2219 2756 ut
2267 2692 2499 2776 dirigat
2543 2695 2628 2768 te,
2681 2693 2733 2755 si

434 2796 794 2880 intellegaS‚
833 2797 895 2859 in
934 2797 1112 2861 illam
1159 2798 1356 2876 uiam,
1402 2800 1660 2880 propter
1707 2817 1896 2880 quam
1946 2798 2391 2864 ambulandam
2439 2798 2555 2864 tibi
2601 2803 2734 2864 tam

438 2904 657 2966 sancta
703 2903 949 2968 sarcina
993 2904 1271 2986 inposita
1316 2908 1434 2971 est.

514 3094 536 3146 1
579 3092 857 3163 implicare
896 3097 951 3146 te
997 3094 1047 3147 T
1080 3094 1203 3148 edd.
1242 3099 1299 3148 te
1336 3096 1702 3164 multiplicare
1749 3095 1800 3149 U
1966 3097 1998 3150 3
2037 3095 2299 3150 humanas
2336 3097 2483 3166 ipsas
2531 3095 2581 3150 T
2613 3097 2734 3151 edd.

506 3181 797 3236 hu-manas
837 3187 912 3248 (m
951 3190 1115 3250 eras.)
1142 3185 1197 3239 R
1267 3185 1302 3237 4
1342 3183 1537 3238 dicatis
1574 3184 1626 3237 T
1695 3185 1726 3238 8
1765 3185 2026 3254 querelem
2067 3201 2206 3241 corr.
2244 3190 2366 3239 m.1
2399 3186 2643 3255 querelae
2671 3185 2740 3240 H

508 3272 691 3324 autem
738 3271 1153 3340 suspicaris—u.
1195 3276 1276 3326 22
1318 3273 1577 3342 imposita
1627 3278 1710 3327 est
1747 3273 2026 3342 deperdito
2084 3274 2287 3328 codicis
2339 3277 2481 3342 folio
2539 3276 2736 3331 desunt

436 3359 500 3413 in
538 3357 604 3412 H
710 3359 776 3413 12
812 3362 1109 3430 potuerunt
1152 3359 1207 3414 V
1240 3363 1360 3430 (pot
1394 3362 1456 3414 in
1494 3378 1607 3418 ras.
1646 3379 1712 3416 m.
1735 3365 1787 3430 1)
1837 3361 1891 3416 U
2008 3363 2072 3416 17
2112 3363 2327 3434 quando
2367 3363 2424 3418 in
2462 3365 2610 3420 caelo
2651 3369 2735 3419 est

439 3464 540 3502 om.
578 3448 735 3503 codd.
775 3447 895 3502 edd.
926 3454 1154 3516 praeter
1172 3467 1225 3502 m
1370 3450 1610 3518 quandiu
1649 3451 1705 3504 in
1743 3456 1887 3506 terra
1925 3456 2010 3505 est
2047 3470 2074 3505 s
