3184 4959
1149 448 1679 519 epistularum
1738 449 1925 506 CXXI.
2556 457 2676 521 741

379 642 656 707 animam
711 641 1163 724 pertransiuit?
1230 662 1374 707 nam
1437 662 1641 726 neque
1716 644 1779 709 in
1854 645 2031 710 illius
2098 666 2301 730 neque
2364 649 2427 712 in
2494 649 2683 715 huius

381 768 637 833 corpore
694 750 926 814 fenum
983 749 1285 814 transisse
1343 750 1782 834 cognouimus.
1832 755 2022 835 atque
2078 758 2153 817 ut
2208 755 2413 839 magis
2468 758 2686 836 pateat

378 856 469 921 ibi
522 855 892 939 prophetam
941 855 1178 919 ferrum
1235 875 1347 938 pro
1395 856 1576 921 uerbi
1632 857 1846 941 gladio
1896 858 2209 941 posuisse,
2267 860 2487 925 statim
2534 861 2681 925 sub·

381 965 682 1045 sequente
745 962 1066 1028 uersiculo
1135 962 1252 1027 ait:
1322 960 1592 1029 Sermo
1662 964 1966 1030 domini
2038 965 2355 1050 igniuit
2418 967 2677 1033 illum.

318 1094 346 1134 ε
383 1088 588 1135 sermo
665 1068 830 1134 enim
896 1068 998 1133 dei
1065 1072 1129 1133 et
1201 1069 1370 1153 ignis
1439 1073 1504 1134 et
1573 1070 1827 1155 gladius
1909 1074 2008 1136 est
2080 1073 2275 1138 uerbo
2348 1072 2489 1157 ipso
2564 1074 2679 1139 deo

380 1180 720 1258 utrumque
761 1174 1012 1240 dicente
1051 1176 1126 1240 de
1165 1195 1266 1242 se:
1303 1176 1601 1261 Ignem,
1642 1177 1809 1242 enim
1848 1178 2078 1261 inquit,
2126 1180 2311 1243 ueni
2348 1170 2689 1245 mittere'

380 1283 456 1347 in
503 1286 800 1349 terram
854 1285 933 1348 et
981 1282 1176 1365 quid
1231 1284 1444 1361 uolo,
1501 1283 1666 1349 nisi
1721 1283 1875 1347 iam
1934 1285 2473 1351 accendatur?
2520 1287 2677 1351 item

379 1390 532 1455 alibi
597 1390 778 1455 dicit:
844 1388 1012 1454 Non
1076 1390 1262 1455 ueni
1339 1408 1611 1474 pacem
1676 1390 2007 1456 mittere
2074 1390 2211 1456 sed
2288 1391 2675 1476 gladium.

377 1496 561 1563 uides
619 1516 764 1561 eum
819 1516 1010 1561 unam
1071 1498 1200 1561 uim
1257 1496 1578 1563 doctrinae
1638 1516 1789 1562 suae
1839 1497 2091 1563 diuerso
2146 1497 2314 1582 ignis
2364 1502 2428 1563 et
2482 1498 2679 1583 gladii

288 1630 340 1668 ιο
378 1604 628 1669 nomine
676 1603 1064 1687 designasse.
1119 1607 1233 1669 aut
1280 1622 1404 1687 quo
1459 1603 1649 1669 modo
1696 1603 1937 1669 Mariae
1984 1604 2181 1669 inlata
2233 1623 2347 1687 per
2393 1604 2679 1690 gladium

373 1710 588 1792 passio
617 1711 724 1775 uel
761 1710 1089 1775 tribulatio
1119 1714 1506 1794 praestaret?
1537 1711 1754 1793 itaque
1786 1711 1905 1776 hoc
1946 1711 2108 1776 scire
2149 1712 2365 1793 cupio:
2408 1711 2563 1795 quid
2598 1712 2677 1777 ad

378 1817 645 1881 Mariam
682 1816 1046 1899 pertineret,
1085 1819 1174 1881 ut
1209 1818 1786 1883 reuelarentur
1834 1816 2275 1883 multorum
2314 1818 2674 1884 cordium

381 1923 960 2008 cogitationem
1011 1926 1122 1988 aut
1165 1924 1278 1989 ubi
1316 1924 1628 2008 apparuit,
1669 1924 1817 2007 quia
1864 1944 1936 1989 ex
1984 1942 2079 2001 eo,
2120 1924 2289 2007 quod
2338 1925 2675 1991 animam

380 2030 554 2096 eius
613 2030 750 2095 siue
799 2030 1065 2095 carnalis
1121 2031 1186 2094 in
1233 2031 1396 2096 ferro
1447 2031 1584 2096 siue
1633 2031 1941 2114 spiritalis
1990 2031 2319 2116 gladius
2366 2031 2429 2096 in
2477 2032 2671 2097 uerbo

289 2159 340 2200 ιε
377 2136 479 2203 dei
549 2141 877 2221 pertran
895 2138 1120 2213 sinit,
1189 2137 1408 2203 exinde
1471 2137 1819 2202 multorum
1894 2138 2180 2203 cordium
2254 2139 2672 2224 cogitationes

375 2244 693 2310 reuelatae
741 2245 912 2309 sint?
962 2263 1198 2327 expone
1245 2262 1395 2328 ergo
1441 2244 1605 2308 hanc
1648 2244 1919 2308 maxime
1966 2244 2043 2309 de
2089 2244 2302 2311 uerbis
2342 2245 2673 2329 Symeonis

376 2352 727 2415 clausulam
783 2350 962 2429 mihi,
1013 2351 1164 2433 quia
1214 2350 1428 2415 lucere
1471 2368 1594 2416 non
1641 2350 1863 2416 dubito
1912 2354 2164 2416 sanctae
2212 2350 2457 2415 animae
2501 2355 2670 2429 tuae,

375 2476 536 2539 quae
566 2457 643 2522 de
681 2457 996 2522 interioris
1027 2457 1197 2523 oculi
1235 2458 1510 2541 puritate
1547 2457 1784 2523 meruit
1819 2458 2371 2523 inluminationem
2407 2458 2669 2541 spiritus

376 2564 599 2642 sancti,
657 2581 771 2646 per
815 2582 1004 2646 quem
1060 2566 1328 2630 scrutari
1375 2569 1440 2629 et
1493 2564 1803 2648 inspicere
1857 2565 2065 2647 possit
2112 2565 2302 2630 etiam
2361 2567 2491 2630 alta
2544 2564 2665 2631 dei.

551 2828 586 2879 4
622 2824 713 2878 Ps.
756 2824 871 2889 104,
914 2824 980 2879 19
1089 2826 1122 2880 6
1159 2824 1289 2879 Luc.
1331 2823 1412 2890 12,
1449 2824 1520 2879 49
1631 2824 1664 2879 8
1702 2824 1901 2878 Matth.
1944 2824 2027 2886 10,
2066 2825 2135 2879 34
2246 2826 2314 2879 12
2351 2824 2479 2881 Luc.
2510 2826 2563 2893 2,
2591 2825 2659 2881 35

447 3020 470 3073 1
513 3018 870 3089 pertransibit
903 3020 980 3073 M
1117 3019 1152 3073 2
1188 3019 1484 3089 ptransisse
1527 3018 1578 3073 G
1734 3018 2029 3082 ononimus,
2067 3034 2205 3073 corr.
2243 3036 2312 3075 m.
2334 3023 2365 3073 1
2403 3020 2663 3090 cognoui-

372 3124 492 3163 mus
529 3108 584 3163 V
649 3110 682 3165 3
719 3108 1005 3179 propheta,
1041 3124 1110 3161 m.
1133 3111 1173 3163 2
1209 3108 1524 3178 prophetam
1554 3107 1611 3161 R
1722 3105 2077 3176 subsequenti
2108 3106 2161 3161 G
2231 3108 2268 3162 4
2305 3107 2582 3162 uerbiculo
2611 3108 2666 3161 P

440 3196 806 3268 igniuit-dei
841 3214 943 3252 om.
981 3200 1036 3251 A
1143 3200 1177 3251 5
1213 3196 1450 3267 ignium,
1488 3212 1603 3250 ras.
1640 3196 1843 3266 iguiuit
1879 3196 1935 3249 P
2109 3195 2253 3266 ignis
2292 3198 2349 3249 et
2383 3212 2509 3263 om„
2534 3212 2603 3253 m.
2626 3200 2665 3250 2

367 3287 433 3341 in
467 3303 642 3357 marq.
681 3286 813 3340 add.
851 3286 918 3341 K
1059 3288 1092 3341 6
1130 3288 1416 3355 utrumque
1455 3300 1557 3339 om.
1605 3283 1660 3338 V
1824 3283 2040 3339 dicente
2084 3284 2133 3339 0
2270 3285 2301 3337 7
2338 3284 2469 3353 iam]
2510 3287 2573 3338 ut
2616 3283 2667 3337 V

369 3378 495 3441 iam,
533 3390 672 3430 corr.
709 3379 830 3429 m.1
865 3376 928 3428 ut
963 3375 1074 3429 iam
1109 3374 1166 3429 R
1203 3377 1266 3427 ut
1301 3374 1408 3428 iam
1449 3374 1587 3428 lrm
1742 3374 1876 3429 item
1913 3374 2023 3428 iam
2062 3374 2193 3427 alibi
2235 3372 2288 3427 G
2432 3374 2464 3426 9
2500 3388 2662 3427 unam

369 3480 472 3519 om.
503 3464 558 3519 R
703 3462 905 3533 gladio,
943 3479 1080 3519 corr.
1119 3480 1190 3517 m.
1209 3467 1242 3517 1
1277 3462 1448 3531 gladii
1487 3462 1539 3517 V
1644 3462 1712 3517 10
1742 3478 1867 3532 quo,
1894 3480 1964 3516 m.
1984 3466 2016 3516 1
2040 3478 2217 3531 supra
2241 3462 2269 3515 1
2294 3460 2396 3515 hoc
2424 3467 2477 3517 et
2500 3476 2666 3531 stapes·

367 3554 472 3609 hoc
509 3552 697 3607 eadem
731 3570 800 3608 m.
839 3554 888 3606 si
934 3552 986 3607 V
1164 3552 1225 3606 11
1265 3540 1450 3623 pfaret
1484 3550 1552 3605 K
1581 3553 1855 3621 perstaret
1894 3551 2015 3605 edd.
2162 3550 2299 3605 scire
2335 3550 2523 3620 itaque
2559 3550 2661 3603 hoc

365 3643 538 3713 signis
573 3658 711 3697 corr.
758 3641 813 3695 V
989 3642 1054 3696 12
1092 3640 1404 3695 reuelentur
1443 3640 1514 3706 0,·
1549 3641 1621 3709 cf.
1652 3657 1713 3709 p.
1756 3642 1894 3699 738.
1932 3644 1969 3694 3
2144 3640 2208 3694 13
2249 3641 2321 3701 at,
2362 3652 2501 3694 corr.
2536 3654 2606 3694 m.
2628 3642 2659 3691 1

369 3735 466 3786 aut
509 3730 556 3785 0
693 3730 788 3794 ibi,
827 3746 965 3785 corr.
1003 3734 1127 3784 m.1
1164 3729 1260 3783 ubi
1306 3730 1357 3783 V
1508 3732 1637 3799 quia
1670 3744 1739 3784 ex
1775 3744 1915 3785 corr.
1954 3726 2183 3801 (m.1?),
2210 3727 2335 3796 fuit
2372 3726 2445 3797 qd
2488 3726 2537 3781 0
2567 3727 2661 3797 qui

367 3820 491 3873 ΜΔ
519 3835 632 3889 pro
668 3819 798 3889 quia
830 3835 946 3875 ras.
984 3818 1041 3873 R
1260 3820 1326 3874 14
1364 3818 1556 3883 carnis,
1594 3834 1733 3873 corr.
1770 3834 1839 3873 m.
1863 3822 1894 3871 1
1937 3815 2165 3871 carnalis
2212 3816 2265 3871 V
2401 3816 2457 3869 in
2496 3814 2657 3885 ferro]

367 3907 595 3971 inferno,
633 3923 773 3962 corr.
811 3924 879 3961 m.
901 3912 934 3961 1
968 3906 1024 3961 in
1063 3907 1203 3961 ferro
1251 3906 1304 3961 V
1332 3932 1390 3959 n
1427 3905 1567 3960 ferro
1611 3905 1659 3960 G
1690 3904 1863 3977 infero
1900 3906 1968 3959 K
2120 3906 2185 3961 15
2224 3903 2336 3975 dei]
2376 3903 2463 3958 dei
2501 3902 2575 3973 qd
2618 3902 2665 3957 0

438 3995 808 4065 pertransibit,
851 4012 988 4051 corr.
1025 4013 1095 4051 m.
1116 4000 1149 4050 1
1184 3995 1539 4066 pertransiuit
1585 3992 1637 4048 V
1669 3994 1983 4064 penetrauit
2025 3992 2078 4048 G
2280 3992 2345 4046 16
2384 3995 2513 4047 sunt
2554 3992 2663 4047 GK

365 4086 486 4139 edd.
524 4084 744 4139 Hartel.
919 4088 1175 4156 exponen!
1215 4088 1431 4154 (parua
1469 4084 1606 4153 ras.)
1650 4084 1697 4139 C
1864 4082 2021 4147 hanc,
2058 4086 2189 4139 m.2
2222 4082 2326 4154 hec
2368 4080 2420 4136 G
2592 4079 2659 4135 de

364 4174 636 4245 symeonis
673 4173 854 4228 uerbis
891 4173 964 4227 M
1073 4175 1135 4228 17
1175 4174 1359 4228 clausa
1400 4172 1452 4227 G
1571 4174 1722 4243 quia]
1765 4176 1821 4227 et
1863 4172 1915 4228 G
2023 4188 2133 4226 non
2170 4169 2363 4225 dubito
2398 4169 2577 4225 lucere
2603 4171 2659 4225 R

434 4264 606 4318 latere
641 4264 697 4318 A
843 4262 911 4317 18
949 4264 1251 4332 interionis,
1289 4278 1426 4319 corr.
1464 4267 1587 4320 m.1
1622 4262 1897 4317 interioris
1942 4261 1997 4315 V
2151 4260 2565 4315 inluminatione
2602 4260 2657 4312 A

367 4355 434 4409 19
469 4353 668 4424 possit]
705 4351 855 4407 ualet
893 4352 948 4407 R
1091 4352 1227 4423 alta]
1266 4352 1477 4407 occult-a
1513 4353 1568 4406 Α.
