3184 4959
392 1719 445 1756 10

396 2251 445 2290 15

392 2785 445 2822 20

1210 423 1744 494 epistularum
1794 425 1903 480 XC.
1953 425 2091 480 XCI.
2664 432 2791 496 427

487 623 811 704 potentem
858 619 1047 684 deum
1094 621 1347 684 ueniam
1395 621 1664 685 aliorum
1712 621 1934 686 mereri
1983 621 2256 686 delictis,
2305 643 2496 706 quarn
2544 624 2623 688 ob
2661 643 2792 688 rem

488 731 723 810 quanta
774 744 1043 808 possum
1100 727 1562 809 supplicatione
1619 727 1916 812 depos00‚
1973 731 2068 805 ut,
2127 729 2182 794 si
2239 729 2630 796 defendenda
2689 751 2790 796 res

488 837 606 910 est,
665 833 959 899 innoxius
1015 831 1405 913 defendatur,
1462 835 1539 900 ab
1597 834 2040 900 innocentibus
2097 836 2396 902 molestia
2443 840 2792 921 separetur.

486 944 741 1023 praesta
802 942 943 1016 hoc,
1010 939 1180 1024 quod
1237 941 1587 1006 secundum
1645 945 1938 1006 naturam
1993 945 2169 1006 tuam
2227 943 2523 1026 peruides
2569 947 2792 1027 postu-

486 1047 625 1113 lari.
674 1048 751 1112 de
799 1047 1047 1112 damnis
1092 1047 1303 1113 facilis
1348 1050 1567 1130 potest
1610 1047 1830 1112 haberi
1875 1049 2141 1124 taxati03
2189 1053 2440 1114 tantum
2478 1050 2794 1133 supplicia

487 1155 918 1237 deprecamur.
985 1139 1327 1236 acceptior'
1367 1155 1483 1220 deo
1550 1155 1758 1234 ninas,
1825 1155 2076 1221 domine
2131 1155 2400 1240 insignis
2457 1160 2522 1222 et
2566 1158 2790 1222 merito

486 1261 891 1344 suscipiende
938 1262 1151 1326 frater.
2653 1278 2666 1293 ·

1556 1453 1722 1521 XCI.

706 1593 1000 1648 DOMINO
1042 1593 1299 1649 ΕΧΙΜΙΟ
1338 1595 1762 1661 MERITOQUE
1803 1596 2262 1652 HONORABILI
2297 1597 2566 1650 FRATRI

1190 1683 1559 1738 NECTARIO
1599 1684 2081 1740 AUGUSTINUS.

573 1811 711 1874 Iam
780 1811 953 1876 senio
1018 1811 1508 1894 frigescentibus
1574 1811 1878 1876 membris
1943 1812 2188 1876 feruere
2259 1811 2538 1876 animum
2601 1815 2790 1876 tuum

484 1916 723 1999 patriae
772 1916 1035 1982 caritate
1082 1935 1197 1981 nec
1244 1917 1436 1980 miror
1482 1920 1549 1980 et
1591 1917 1784 1982 laudo
1831 1921 2024 2000 teque
2077 1937 2201 1982 non
2258 1919 2510 1982 tantum
2574 1921 2787 1984 tenere

482 2023 849 2089 memoriter
908 2043 1133 2088 uerum
1199 2024 1391 2088 etiam
1448 2024 1585 2089 uita
1642 2041 1714 2088 ac
1769 2023 2053 2088 moribus
2113 2024 2564 2104 demonstrare,
2613 2025 2785 2108 quod

484 2129 699 2194 nullus
776 2130 865 2195 sit
935 2130 1175 2213 patriae
1250 2129 1625 2195 consulendi
1695 2129 1928 2194 modus
2003 2133 2114 2195 aut
2187 2129 2330 2195 finis
2395 2130 2600 2208 boniet,
2665 2149 2788 2194 non

482 2235 751 2316 inuitus,
797 2237 993 2301 immo
1042 2237 1235 2301 etiam
1279 2236 1487 2301 libens
1534 2237 1798 2320 accipio.
1865 2236 2031 2300 unde
2087 2254 2396 2319 supernae
2453 2235 2786 2301 cuiusdam

482 2343 741 2424 patriae,
799 2343 863 2408 in
918 2343 1102 2408 cuius
1160 2346 1378 2408 sancto
1436 2361 1648 2408 amore
1702 2361 1814 2425 pro
1873 2348 2086 2408 nostro
2133 2342 2394 2407 modulo
2443 2343 2606 2406 inter
2653 2361 2784 2422 eoa,

482 2449 714 2532 quibus
774 2450 851 2514 ad
906 2451 1083 2515 illam
1142 2449 1596 2534 capessendam
1653 2450 2066 2528 consulimuS‚
2113 2450 2548 2530 periclitamur
2595 2452 2784 2532 atque

480 2557 865 2636 laboramu8‚
920 2559 1116 2622 talem
1172 2558 1363 2622 etiam
1420 2561 1483 2620 te
1529 2557 1747 2639 ipsum
1793 2557 2002 2621 ciuem
2047 2555 2280 2620 habere
2325 2557 2662 2634 uellemuS‚
2710 2561 2786 2621 ut

484 2664 621 2728 eius
668 2663 1111 2746 portiunculae
1158 2665 1221 2728 in
1269 2665 1386 2728 hac
1431 2668 1600 2729 terra
1643 2663 2070 2746 peregrinanti
2117 2663 2364 2728 nullum
2413 2664 2786 2729 consulendi

481 2767 742 2834 modum
834 2769 1148 2853 finemque
1242 2789 1527 2835 censeres
1611 2773 1787 2834 tanto
1873 2769 2136 2834 effectus
2221 2769 2464 2846 melior,
2549 2773 2782 2852 quanto

482 2877 733 2942 meliori
781 2878 1032 2943 ciuitati
1081 2877 1291 2942 officia
1338 2877 1549 2942 debita
1594 2895 2002 2960 praerogares
2051 2877 2114 2942 in
2164 2877 2300 2941 eius
2341 2879 2596 2940 aeterna
2631 2895 2783 2959 pace

480 2984 729 3049 nullum
778 2984 1093 3069 gaudendi
1140 2985 1324 3049 finem
1374 2985 1770 3061 inuenturus‚
1821 2985 2004 3049 cuius
2053 2983 2132 3049 ad
2167 2988 2422 3066 tempus
2458 2983 2782 3049 laboribus

480 3093 729 3157 nullum
774 3091 894 3155 tibi
940 3091 1127 3156 finem
1176 3091 1477 3156 statueris
1528 3091 1926 3156 consulendi.

661 3282 731 3334 14
768 3307 834 3326 =
875 3299 925 3352 p.
962 3282 1087 3349 426,
1127 3283 1291 3339 5—6:
1329 3281 1453 3344 428,
1494 3283 1760 3341 22—429‚
1803 3281 1828 3334 1

553 3425 585 3476 2
624 3423 932 3480 deferenda.
971 3429 1099 3478 m.2
1137 3421 1479 3477 defendenda
1516 3423 1589 3476 M
1746 3423 1778 3477 3
1817 3423 2060 3476 innoxios
2099 3421 2161 3476 K
2329 3424 2364 3478 4
2401 3423 2688 3492 praeuides
2725 3423 2780 3477 R

554 3513 819 3582 postulari
859 3513 898 3576 (i
935 3513 999 3565 in
1034 3528 1145 3565 ras.
1185 3529 1253 3565 m.
1291 3517 1355 3565 ut
1390 3511 1508 3566 uid.
1548 3518 1598 3577 1)
1639 3511 1692 3564 A
1837 3515 1869 3566 5
1907 3511 2124 3573 habere,
2163 3527 2299 3566 corr.
2338 3531 2408 3566 m.
2431 3517 2460 3565 1
2497 3511 2687 3566 haberi
2724 3512 2779 3566 R

480 3605 512 3654 6
556 3605 819 3671 acceptor,
860 3617 999 3656 corr.
1038 3605 1158 3654 ῆι]
1197 3601 1469 3670 acceptior
1506 3600 1574 3653 M
1719 3599 1843 3668 deo]
1886 3599 1986 3653 dno
2024 3599 2080 3653 R
2218 3601 2248 3654 7
2288 3599 2630 3670 suspiciende
2667 3599 2784 3654 PK

660 3742 817 3796 Idem
852 3743 1077 3808 codices,
1117 3744 1214 3810 qui
1251 3744 1310 3794 in
1348 3759 1427 3811 ep.
1468 3743 1529 3795 X
1535 3743 1630 3808 C.;
1667 3743 1878 3796 accedit

658 3833 718 3886 Ε
752 3858 817 3878 =
845 3833 1055 3901 fraqm.
1096 3832 1211 3886 cod.
1256 3832 1760 3886 Cheltenhamemis
1797 3835 1994 3884 16588
2029 3849 2070 3885 s.
2111 3833 2214 3884 XI
2219 3852 2236 3885 .-

840 3939 899 3990 p.
944 3925 1076 3983 433,
1120 3925 1157 3976 3
1196 3921 1453 3986 (reddita)
1495 3951 1562 3960 —
1607 3923 1740 3988 435,
1783 3925 1850 3972 15

556 4065 620 4118 12
658 4063 879 4119 laudote
920 4082 1057 4134 quae
1094 4064 1161 4117 K
1302 4081 1411 4118 non
1448 4067 1666 4118 tantum
1705 4081 1810 4116 non
1851 4069 2036 4117 tenere
2062 4063 2300 4118 MFAP
2338 4068 2502 4131 (post.
2534 4079 2640 4116 non
2671 4061 2775 4116 del.

477 4155 622 4224 m.2)
658 4155 714 4210 R
838 4156 902 4208 17
944 4153 1330 4226 capescendam
1366 4153 1561 4207 MAK
1680 4153 1749 4207 20
1788 4170 2092 4207 recenseres
2128 4153 2190 4207 F
2307 4155 2370 4206 21
2415 4151 2628 4206 ciuitati
2665 4168 2779 4206 me·

478 4243 601 4296 liori
637 4244 693 4299 R
834 4260 1175 4314 praerogare,
1212 4245 1341 4297 m.2
1378 4243 1510 4299 add.
1550 4261 1575 4296 s
1613 4245 1638 4296 l
1681 4244 1752 4296 ris
1792 4243 1846 4295 1³
1975 4243 2044 4297 23
2083 4241 2186 4296 tibi
2225 4242 2430 4296 nullum
2468 4241 2522 4296 R
2667 4245 2778 4294 sta-

477 4335 659 4385 tueres
699 4330 819 4386 edd.
846 4333 1129 4402 praeter-f
