3184 4959
1211 462 1749 532 epistularum
1806 459 1915 516 GV.
2588 462 2717 527 605

415 658 660 723 toribus
725 656 944 739 loqui?
1022 657 1164 738 quis
1233 655 1392 720 ferat
1465 656 1659 720 istam
1734 654 2141 736 superbiam?
2226 655 2411 736 quasi
2474 655 2716 720 Paulus

415 765 746 847 apostolus
795 781 914 827 non
955 763 1296 827 contulerit
1332 781 1476 826 cum
1515 761 1959 844 peccatoribus
2000 765 2063 825 et
2101 780 2247 826 cum
2293 761 2481 826 ualde
2530 761 2717 826 sacri-

415 872 579 957 legis
635 909 718 918 —-
779 871 974 954 legite
1033 873 1214 934 actus
1273 870 1710 951 apostolorum
1771 871 1837 933 et
1888 867 2104 932 uidete
2159 905 2267 946 ——‚
2336 867 2517 950 quasi
2576 868 2715 952 ipse

417 978 712 1043 dominus
759 997 882 1042 non
931 996 1076 1042 eum
1121 975 1400 1055 Iudaeis,
1449 996 1486 1040 a
1531 975 1765 1058 quibus
1815 974 2147 1040 crucifixus
2195 978 2315 1052 est,
2364 993 2715 1040 sermonem

355 1108 378 1146 ⁵
421 1087 494 1151 de
558 1088 700 1170 lege
763 1083 1058 1149 habuerit
1121 1084 1340 1166 eisque
1417 1086 1837 1166 congruenter
1908 1082 2322 1166 responderit.
2395 1085 2716 1164 postremo

419 1193 711 1258 diabolus
778 1195 876 1256 est
945 1191 1191 1273 primus
1257 1189 1540 1254 omnium
1603 1193 2026 1272 peccatorum,
2105 1191 2215 1272 qui
2279 1188 2565 1254 conuerti
2637 1187 2714 1252 ad

415 1300 730 1365 iustitiam
795 1317 1140 1379 numquam
1204 1297 1458 1379 poterit,
1527 1299 1592 1360 et
1646 1300 1855 1361 tamen
1912 1315 2027 1360 nec
2092 1298 2231 1379 ipse
2288 1295 2582 1360 dominus
2640 1295 2715 1358 de

415 1411 558 1492 lege
615 1407 996 1489 dedignatus
1053 1409 1151 1468 est
1210 1405 1268 1469 ei
1322 1404 1723 1487 respondere,
1782 1407 1857 1468 ut
1908 1403 2297 1486 intellegatis
2352 1401 2515 1468 istos
2571 1401 2713 1466 ideo

417 1514 751 1578 nobiscum
797 1511 966 1576 nolle
1015 1511 1317 1587 conferre,
1368 1510 1518 1592 quia
1565 1528 1821 1574 eausam
1872 1529 2053 1574 suam
2100 1509 2413 1592 perditam
2460 1510 2711 1572 norunt.

246 1623 390 1684 1410
507 1618 642 1684 Nos
695 1619 1084 1702 ignoramus,
1151 1617 1304 1699 quid
1359 1617 1701 1682 aduersum
1756 1636 1823 1681 se
1879 1618 2057 1700 ipsos
2115 1615 2400 1680 homines
2454 1615 2713 1690 iactent,

421 1727 528 1809 qui
593 1725 1002 1789 calumniosis
1078 1723 1579 1788 dissensionibus
1658 1725 1951 1808 gaudent.
2025 1724 2089 1787 in
2166 1723 2500 1806 scripturis
2558 1721 2715 1786 didi-

421 1834 623 1897 cimus
673 1831 1018 1909 Christum‚
1063 1831 1128 1895 in
1187 1831 1516 1914 scripturis
1566 1831 1907 1895 didicimus
1956 1831 2311 1897 ecclesiam.
2358 1829 2472 1894 has
2520 1828 2715 1911 scrip-

417 1943 592 2003 turas
661 1938 1077 2002 communiter
1141 1937 1482 2012 habemus;
1541 1956 1733 2020 quare
1799 1957 1918 2002 non
1986 1938 2047 2000 in
2106 1937 2197 2002 eis
2264 1940 2328 2000 et-
2388 1935 2712 2002 Christum

421 2050 484 2110 et
530 2045 862 2110 ecclesiam
903 2045 1322 2109 communiter
1365 2045 1753 2109 retinemus?
1802 2063 1913 2110 nos
1960 2043 2071 2108 ubi
2118 2043 2497 2126 agnouimus
2546 2062 2711 2114 eum,

333 2175 383 2212 15
421 2153 499 2217 de
557 2171 680 2234 quo
739 2152 896 2216 dixit
953 2153 1313 2235 apostolus:
1371 2152 1741 2216 Abrahae
1800 2151 2071 2216 dictae
2140 2154 2327 2216 sunt
2382 2149 2711 2232 promis-

423 2260 694 2324 siones
772 2263 850 2324 et
932 2259 1232 2324 semini
1301 2259 1505 2331 eius;
1571 2279 1718 2323 non
1795 2258 2004 2324 dicit
2076 2259 2171 2322 ‘et
2239 2257 2712 2321 seminibus²

418 2369 819 2447 tamquam
867 2366 944 2429 in
995 2366 1304 2439 multis,
1345 2365 1482 2429 sed
1528 2368 1928 2447 tamquam
1976 2365 2049 2427 in
2098 2383 2247 2428 uno
2287 2367 2387 2426 ‘et
2424 2363 2712 2428 semini

417 2477 598 2550 tu0’‚
668 2473 877 2554 quod
951 2475 1076 2536 est
1139 2471 1546 2548 Christus,
1612 2472 1703 2535 ibi
1768 2471 2147 2554 agnouimus
2215 2470 2569 2547 ecclesiam,
2634 2470 2711 2534 de

421 2599 543 2660 qua
573 2579 729 2643 deus
771 2579 927 2642 dicit
955 2578 1033 2641 ad
1062 2579 1410 2642 Abraham:
1450 2579 1534 2642 In
1585 2579 1891 2644 semine
1938 2581 2075 2642 tuo
2126 2577 2714 2642 benedicentur

328 2707 383 2744 20
422 2705 686 2749 omnes
747 2689 1052 2768 gentes
1113 2685 1224 2748 ubi
1281 2685 1662 2768 agnouimus
1712 2684 2037 2749 Christum
2093 2683 2157 2748 in
2216 2685 2459 2767 psalmo
2510 2683 2585 2746 de
2644 2702 2711 2748 se

416 2792 928 2874 prophetantem:
975 2792 1366 2856 Dominus
1415 2791 1625 2857 dixit
1680 2791 1772 2856 ad
1826 2810 1973 2855 me:
2024 2790 2311 2854 ‘Filius
2361 2809 2580 2854 meus
2630 2809 2711 2854 es

419 2904 527 2974 tu3
591 2915 733 2981 ego
792 2897 1030 2961 hodie
1082 2899 1321 2980 genui
1369 2899 1489 2972 te'‚
1545 2897 1635 2961 ibi
1676 2885 2065 2980 agnouimus
2115 2897 2449 2961 ecclesiam
2506 2897 2569 2961 in
2616 2919 2711 2974 eo,

419 3004 585 3086 quod
627 3005 940 3087 sequitur:
982 3003 1328 3084 Postula
1366 3024 1402 3068 a
1441 3024 1552 3068 me
1604 3009 1681 3068 et-
1728 3005 1927 3068 dabo
1976 3003 2131 3068 tibi
2172 3008 2459 3088 gentes
2499 3003 2712 3068 here-

419 3111 765 3174 ditatem
849 3114 1063 3175 tuam
1150 3114 1227 3176 et
1316 3112 1933 3193 possessionem
2018 3115 2232 3175 tuam
2320 3111 2709 3176 terminos

323 3239 378 3277 εὖ
415 3221 706 3280 terrae.
763 3217 875 3282 ubi
932 3217 1311 3301 agnouimus
1363 3216 1689 3282 Christum
1734 3218 1798 3282 in
1846 3237 1941 3294 eo,
2002 3217 2167 3301 quod
2226 3218 2533 3301 scriptum
2582 3220 2708 3282 est:

417 3323 628 3386 Deus
677 3321 998 3388 deorum
1049 3323 1422 3388 dominus
1479 3324 1815 3388 locutus
1866 3327 2015 3400 est,
2070 3324 2162 3388 ibi
2218 3325 2597 3408 agnouimus
2647 3327 2711 3388 et

595 3533 624 3582 7
665 3533 860 3586 Matth.
900 3535 951 3597 4,
993 3534 1166 3588 1-10
1282 3535 1344 3587 15
1385 3533 1504 3588 Gal.
1546 3536 1594 3599 3,
1639 3535 1704 3589 16
1818 3535 1882 3588 19
1922 3534 2054 3588 Gen.
2096 3535 2181 3594 22.
2218 3535 2281 3587 18
2392 3535 2486 3598 21;
2528 3535 2595 3588 23
2618 3533 2705 3588 Ps.

417 3621 465 3683 2,
505 3619 645 3673 7—8
756 3621 824 3674 26
860 3621 952 3674 Ps.
992 3623 1080 3684 49,
1126 3623 1149 3675 1

483 3743 516 3795 2
555 3743 862 3812 sacrilegi-s
901 3745 938 3810 (i
978 3745 1142 3814 eras.)
1179 3744 1235 3798 P
1331 3747 1363 3800 3
1394 3746 1572 3816 quasi]
1603 3748 1731 3815 quia
1758 3747 1827 3800 M
1922 3749 1956 3799 4
1986 3764 2260 3801 sermones
2299 3747 2417 3802 edd.
2522 3749 2553 3802 9
2584 3763 2707 3816 qua.

414 3847 550 3886 corr.
587 3838 712 3886 m.1
753 3834 880 3902 quia
917 3834 972 3887 P
1183 3837 1408 3904 norunt]
1449 3852 1637 3888 norum
1674 3836 1731 3888 P
1898 3837 1961 3890 10
2001 3837 2111 3906 qui,
2151 3853 2288 3890 corr.
2326 3854 2394 3890 m.
2418 3842 2449 3889 1
2492 3838 2619 3906 quid
2658 3839 2712 3891 P

486 3919 712 3974 aduerse
759 3922 906 3990 ipsos
943 3921 1074 3975 ΜΓ
1115 3921 1403 3975 aduersum
1449 3924 1598 3991 ipsos
1636 3926 1689 3976 A
1737 3923 1994 3978 aduersus
2040 3926 2186 3994 ipsos
2227 3941 2309 3978 ae
2356 3925 2613 3980 aduersus
2651 3943 2707 3979 se

411 4010 559 4079 ipsos
585 4009 642 4064 R
680 4014 800 4064 cett.
837 4009 958 4064 edd.
1047 4012 1108 4064 11
1152 4009 1380 4064 dicimus
1409 4011 1520 4066 FR
1559 4011 1755 4075 dimus,
1782 4017 1909 4066 m..2
1946 4012 2173 4067 dicimus
2204 4016 2255 4066 A
2294 4014 2549 4068 discimus
2569 4014 2641 4066 M
2654 4033 2705 4068 m

417 4099 481 4152 12
521 4097 808 4151 didicimus
847 4115 949 4153 om.
985 4099 1111 4152 MP
1147 4099 1376 4153 dicimus
1411 4099 1582 4156 ΓΑΒ
1620 4101 1874 4156 discimus
1910 4120 1965 4156 m
2089 4105 2154 4156 14
2192 4103 2269 4156 ibi
2307 4105 2363 4159 A
2473 4105 2539 4158 15
2578 4105 2710 4158 dicit

413 4187 533 4241 edd.
673 4189 738 4242 16
777 4188 1074 4242 seminibus
1113 4189 1267 4258 quasi
1305 4190 1360 4242 in
1397 4189 1470 4242 M
1616 4191 1680 4244 17
1719 4192 1923 4245 semine
1960 4193 2083 4246 MA
2235 4192 2299 4246 18
2336 4192 2465 4245 illibi
2508 4193 2709 4260 (fuisse

409 4277 527 4329 uid.
567 4277 684 4343 ubi)
723 4277 784 4332 F
815 4275 910 4330 ubi
947 4277 1072 4331 MR
1183 4279 1249 4330 19
1289 4277 1424 4332 dicit
1461 4277 1594 4332 deus
1634 4279 1753 4335 edd.
1852 4280 1923 4335 20
1959 4280 2037 4335 ibi
2067 4283 2121 4335 A
2232 4283 2299 4334 26
2336 4283 2469 4336 lllibi
2506 4282 2709 4350 (fuisse

409 4364 527 4417 uid.
568 4365 684 4431 ubi)
722 4365 784 4418 F
814 4365 906 4418 ubi
946 4355 1018 4418 M
1051 4369 1204 4430 (m.2
1239 4365 1340 4436 ibi)
1376 4367 1431 4420 A
