3184 4959
489 391 573 454 88
1189 384 1241 442 S.
1299 385 1578 439 Aureli
1632 383 2071 454 Augustini

486 585 635 664 post
679 581 846 664 apud
891 581 1218 646 Arelatum
1264 583 1682 646 memoratum
1726 580 2170 664 imperatorem
2218 581 2479 645 eandem
2518 599 2776 644 causam

491 690 859 774 diligentius
918 687 1384 753 examinandam
1442 687 2025 770 terminandamque
2082 705 2357 766 curasse,
2413 687 2561 751 illos
2624 705 2775 752 uero

489 797 566 860 ab
626 796 1061 860 ecclesiastico
1116 794 1352 860 iudicio
1409 809 1813 876 prouocasse,
1872 796 1945 858 ut
1998 813 2257 858 causam
2322 793 2775 860 Constantinus

489 903 753 968 audiret.
805 922 928 985 quo
966 906 1191 984 post-ea
1227 920 1414 982 quam
1451 905 1717 965 uentum
1757 904 1875 979 est,
1916 904 2183 983 utraque
2218 905 2394 984 parte
2433 900 2775 964 adsistente

487 1012 886 1074 innocentem
935 1007 1361 1074 Caecilianum
1399 1008 1597 1072 fuisse
1634 1007 1987 1072 indicatum
2025 1011 2213 1090 atque
2248 1007 2397 1072 illos
2434 1006 2778 1072 recessisse
2840 1029 2871 1068 ε.

489 1119 820 1200 superatos
879 1120 943 1180 et
997 1116 1059 1179 in
1117 1115 1335 1179 eadem
1391 1118 1604 1179 tamen
1658 1114 2076 1198 peruersitate
2131 1115 2461 1180 mansisse.
2527 1133 2643 1178 nec
2700 1113 2775 1177 de

488 1223 719 1287 Felicis
783 1221 1205 1306 Aptungitani
1269 1241 1460 1286 causa
1520 1221 1991 1305 neglegentiam
2046 1223 2475 1298 consecutam,
2532 1221 2647 1286 sed
2699 1219 2777 1285 ad

488 1330 772 1394 eiusdem
855 1329 1158 1413 principis
1240 1328 1588 1392 iussionem
1668 1327 2226 1410 proconsularibus
2310 1330 2512 1413 gestis
2585 1328 2777 1393 etiam

483 1439 698 1519 ipsum
743 1437 942 1502 fuisse
987 1440 1351 1519 purgatum.

399 1553 439 1614 5
579 1543 702 1608 Sed
762 1543 912 1626 quia
965 1544 1117 1607 haec
1177 1543 1388 1608 omnia
1441 1541 1807 1606 dicebamus
1866 1545 2136 1620 tantum,
2194 1561 2315 1607 non
2371 1543 2563 1607 etiam
2609 1543 2870 1626 lege-10

488 1652 734 1724 bamus,
801 1650 1010 1712 minus
1075 1649 1356 1732 profecto
1431 1647 1619 1712 uobis
1695 1667 1879 1731 agere
1950 1648 2343 1726 uidebamur,
2428 1669 2616 1730 quam
2699 1649 2776 1714 de

488 1761 704 1824 nostra
751 1755 1180 1840 expectabatis
1226 1755 1544 1820 instantia.
1596 1754 1763 1837 quod
1811 1755 1922 1818 ubi
1968 1756 2308 1834 sensimus,
2358 1756 2435 1821 ad
2484 1776 2576 1834 ea,
2616 1775 2775 1838 quae

487 1863 756 1950 legenda
810 1861 1327 1946 promiseramus,
1385 1879 1504 1925 non
1561 1861 1929 1946 distulimus
1986 1861 2261 1927 mittere.
2331 1883 2489 1947 quae
2546 1864 2774 1940 omnia,

489 1970 640 2034 dum
697 1969 1084 2034 excurrimus
1142 1967 1218 2032 ad
1277 1967 1610 2032 ecclesiam
1670 1966 2091 2033 Gelizitanam
2144 1968 2289 2034 inde
2346 1970 2426 2033 ad
2488 1973 2774 2034 uestrum

489 2075 791 2160 oppidum
853 2073 1190 2149 reuersuri,
1255 2073 1434 2137 bidui
1497 2093 1620 2138 non
1684 2073 1855 2154 pleni
1931 2074 2395 2140 intermissione
2467 2078 2779 2142 uenerunt
2814 2099 2871 2139 ιτ,

488 2186 695 2264 atque,
753 2185 828 2244 ut
882 2180 1106 2256 nostis,
1163 2183 1469 2263 quantum
1526 2184 1781 2262 tempus
1838 2180 2119 2258 admisit,
2176 2201 2299 2246 uno
2358 2183 2457 2246 die
2512 2182 2777 2247 recitata

489 2294 641 2354 sunt
692 2287 904 2353 uobis:
965 2289 1166 2371 primo
1225 2286 1334 2351 ubi
1393 2286 1723 2352 Secundus
1772 2288 2165 2373 Tigisitanus
2214 2291 2538 2354 confessos
2584 2289 2775 2354 tradi-

487 2400 658 2461 tores
715 2415 750 2459 a
805 2394 1074 2478 collegio
1133 2413 1249 2458 suo
1305 2413 1629 2459 remouere
1694 2413 1815 2459 non
1882 2414 2077 2460 ausus
2144 2398 2262 2472 est,
2330 2415 2473 2461 cum
2540 2395 2773 2478 quibus

483 2505 708 2586 postea
753 2521 874 2566 non
923 2500 1282 2566 confessum
1333 2505 1398 2565 et
1443 2502 1769 2565 absentem
1820 2499 2249 2566 Caecilianum
2294 2501 2583 2584 aliosque
2621 2521 2773 2568 suos

486 2608 765 2692 collegas
824 2609 1114 2672 damnare
1171 2627 1366 2672 ausus
1425 2611 1544 2686 est,
1603 2608 1824 2672 deinde
1882 2612 2067 2693 gesta
2118 2609 2609 2692 proconsularia,
2664 2610 2774 2674 ubi
2810 2633 2870 2674 so

483 2716 660 2782 Felix
707 2715 1198 2800 diligentissimo
1249 2715 1528 2779 examine
1573 2717 1879 2798 probatus
1926 2720 2026 2781 est
2069 2717 2389 2781 innocens.
2436 2716 2593 2781 haec
2631 2719 2775 2782 ante

481 2823 812 2894 meridiem
865 2822 1052 2888 uobis
1107 2825 1275 2887 lecta
1340 2841 1480 2888 esse
1544 2823 1954 2900 meministis;
2020 2827 2168 2907 post
2230 2824 2559 2889 meridiem
2624 2841 2775 2889 uero

481 2929 893 2994 recitauimus
956 2948 1178 3011 preces
1242 2949 1458 2994 eorum
1527 2930 1605 2993 ad
1673 2929 2163 3002 Constantinum
2219 2930 2510 3013 datisque
2566 2931 2643 2994 ab
2701 2949 2775 2996 00

482 3036 800 3103 iudicibus
857 3039 1039 3118 gesta
1094 3036 1532 3101 ecclesiastica
1583 3036 1647 3099 in
1704 3038 1987 3103 Romana
2040 3037 2194 3102 urbe
2248 3037 2485 3115 habita,
2542 3036 2774 3120 quibus

483 3143 580 3206 illi
638 3142 954 3224 inprobati
1021 3147 1190 3222 sunt,
1260 3142 1656 3210 Caecilianus
1722 3148 1937 3208 autem
2000 3144 2065 3207 in
2132 3144 2476 3227 episcopali
2542 3143 2776 3210 honore
2812 3165 2871 3206 κε»

485 3249 790 3327 firmatus,
865 3253 1186 3333 postremo
1266 3248 1663 3315 Constantini
1735 3251 2135 3334 imperatoris
2207 3249 2475 3328 litterae,
2542 3250 2774 3332 quibus

485 3356 696 3422 omnia
740 3357 942 3422 multo
992 3357 1260 3420 maxime
1307 3357 1731 3421 testatissima
1777 3358 2155 3422 claruerunt.

303 3468 461 3534 1116
574 3463 741 3544 Quid
797 3463 998 3527 uultis
1057 3463 1354 3546 ampliuS,
1413 3463 1747 3528 homines?
1806 3463 1957 3544 quid
2012 3461 2213 3528 uultis
2272 3462 2587 3546 amplius?
2651 3480 2774 3525 non

484 3570 560 3635 de
611 3588 759 3634 auro
809 3574 877 3633 et
921 3572 1180 3654 argento
1228 3573 1441 3635 uestro
1491 3570 1727 3654 agitur3
1777 3589 1901 3634 non
1948 3573 2131 3646 terra,
2178 3589 2301 3634 non
2338 3569 2615 3651 praedia,
2654 3587 2775 3632 non

559 3761 582 3813 1
639 3759 901 3814 arelatum
953 3759 1096 3830 apud
1142 3761 1366 3828 punctis
1414 3775 1550 3814 corr.
1601 3760 1676 3813 M
1885 3759 2265 3830 imperatorem
2314 3763 2670 3813 memoratum
2708 3757 2783 3812 M

484 3850 516 3902 2
556 3847 1070 3919 examinandumque
1110 3851 1233 3916 (om.
1274 3848 1695 3916 terminandam)
1727 3850 1782 3903 A
1928 3863 2141 3902 curesse
2168 3847 2229 3901 F
2331 3849 2363 3903 3
2402 3848 2780 3902 constantinus

483 3954 697 3992 causam
736 3937 793 3994 R
973 3938 1004 3991 6
1043 3942 1224 3992 tamen
1263 3955 1364 3993 om.
1403 3940 1458 3993 A
1632 3939 1661 3991 7
1701 3937 1859 3992 filicis
1897 3936 1958 3991 F
2097 3936 2461 3990 autumnitani
2496 3936 2651 3990 codd.
2692 3951 2781 3989 ae

485 4027 551 4080 12
589 4027 1025 4096 quod—mittere
1063 4044 1164 4083 om.
1195 4027 1251 4082 R
1355 4028 1421 4081 14
1459 4026 1609 4096 dum]
1648 4026 1785 4081 duco
1815 4025 1995 4080 MFA
2104 4025 2170 4080 15
2209 4023 2427 4094 opidum
2467 4023 2525 4094 (d
2560 4024 2626 4078 in
2659 4039 2775 4078 ras.

480 4133 549 4168 m.
573 4121 620 4182 1)
663 4114 735 4168 M
918 4116 1340 4175 intermissione,
1377 4131 1515 4170 corr.
1554 4132 1624 4170 m.
1646 4119 1677 4168 1
1714 4113 2105 4168 intermissioni
2140 4113 2215 4166 M
2245 4113 2638 4168 intermissioni
2665 4111 2775 4166 ΓΑ

486 4205 549 4259 16
590 4203 790 4269 amisit,
819 4208 948 4258 m.2
985 4205 1205 4258 admisit
1242 4204 1298 4257 P
1405 4205 1468 4258 18
1509 4205 1562 4272 a]
1605 4220 1667 4258 ac
1703 4206 1759 4256 A
1865 4203 1935 4258 25
1976 4202 2307 4274 episcopalia
2342 4201 2403 4255 F
2496 4202 2563 4256 27
2602 4199 2779 4254 multo

485 4310 604 4358 om„
645 4299 762 4350 m.1
801 4292 930 4348 add.
971 4293 1044 4348 M
1181 4295 1482 4348 testissima
1515 4293 1592 4347 M
