3184 4959
1159 441 1693 511 epistularum
1750 441 1892 497 CIII.
2548 449 2675 512 581

379 637 700 720 peccauit3
770 637 974 702 aliena
1029 637 1368 720 quisquam
1426 637 1710 722 diripuit,
1776 639 1941 703 inter
1998 640 2231 706 delicta
2286 646 2681 719 numeratum

378 745 521 808 loca
573 743 834 826 profana
891 763 1150 809 sacraue
1207 744 1502 822 uiolauit,
1561 765 1681 809 non
1742 751 1844 810 est
1899 746 1974 810 ab
2034 746 2428 832 indulgentia
2485 769 2687 814 secer-

379 850 646 918 nenduS.
719 853 1041 934 postremo
1120 850 1337 916 nullus
1407 855 1580 916 esset
1652 852 1874 916 ueniae
1948 852 2150 931 locus,
2226 855 2349 919 nisi
2422 860 2685 938 peccata

377 957 842 1040 praecederent.

467 1063 654 1128 Nunc
712 1063 1031 1145 quoniam,
1095 1083 1219 1128 non
1287 1066 1594 1145 quantum
1662 1063 1873 1140 debui,
1940 1065 2051 1130 sed
2108 1069 2415 1148 quantum
2480 1069 2683 1150 potui,

379 1170 609 1248 maius,
673 1173 749 1234 ut
804 1170 1054 1246 dicitur,
1121 1170 1416 1234 minusue
1479 1170 1796 1253 respondi,
1864 1190 1970 1238 oro
2028 1175 2219 1256 atque
2278 1173 2538 1239 obsecro
2594 1211 2683 1220 --

380 1277 622 1342 utinam
687 1281 1086 1360 praesentem
1151 1296 1430 1360 possem,
1494 1279 1568 1340 ut
1624 1277 1819 1341 etiam
1881 1278 2174 1344 lacrimas
2240 1298 2413 1343 meas
2479 1281 2684 1363 perui-

383 1384 560 1448 deres
597 1423 706 1462 —‚
745 1379 848 1461 ut,
898 1383 1009 1466 qui
1055 1384 1165 1462 sia,
1215 1383 1366 1467 quid
1413 1383 1788 1467 profitearis,
1838 1385 1989 1468 quid
2028 1403 2201 1468 aga8‚
2252 1385 2444 1452 etiam
2494 1389 2684 1470 atque

384 1490 574 1556 etiam
633 1491 896 1574 cogites,
967 1490 1278 1568 intendas,
1339 1510 1501 1573 quae
1557 1491 1645 1555 sit
1698 1491 1875 1556 illius
1934 1493 2179 1574 species
2238 1492 2545 1571 ciuitatis,
2612 1513 2683 1557 ex

297 1619 344 1655 ιο
383 1617 509 1680 qua
571 1598 650 1662 ad
719 1596 1106 1679 supplicium
1172 1596 1442 1661 ducendi
1508 1598 1937 1676 extrahuntur,
2006 1617 2166 1681 quae
2234 1599 2320 1663 sit
2382 1601 2680 1677 matrum,

383 1724 542 1787 quae
609 1704 974 1788 coniugum,
1025 1723 1186 1786 quae
1248 1704 1616 1783 liberorum,
1666 1724 1827 1786 quae
1890 1709 2224 1788 parentum
2290 1705 2682 1785 lamentati0‚

384 1831 508 1894 quo
556 1811 795 1893 pudore
843 1811 921 1875 ad
966 1811 1238 1894 patriam
1285 1811 1502 1876 uenire
1551 1811 1801 1892 possint
1845 1812 2100 1876 liberati
2150 1810 2264 1876 sed
2309 1813 2481 1891 torti,
2524 1831 2682 1894 quos

379 1921 642 1984 renouet
672 1917 920 1984 dolores
944 1922 1056 1983 aut
1074 1917 1352 2002 gemitus
1375 1917 1795 1983 consideratio
1831 1919 2167 1984 uulnerum
2197 1921 2261 1982 et
2290 1917 2679 1984 cicatricum.

382 2029 446 2088 et
475 2024 574 2088 his
604 2025 898 2089 omnibus
927 2025 1329 2108 pertractatis
1362 2023 1550 2088 deum
1579 2024 1784 2107 primo
1826 2025 2182 2090 consideres
2223 2025 2681 2107 hominumque

297 2152 342 2189 ιε)
381 2130 622 2216 cogites
679 2132 934 2206 sarnam,
983 2131 1335 2196 bonitatem
1391 2131 1659 2196 amicam
1714 2132 1929 2214 potius
1985 2131 2489 2214 familiaremque
2537 2149 2683 2195 con-

377 2237 768 2302 iunctionem
815 2241 881 2302 et
923 2237 1301 2322 ignoscendo
1342 2238 1558 2320 potius
1596 2237 1850 2302 laudern
1892 2256 2080 2319 quam
2118 2236 2496 2303 uindicando
2536 2257 2681 2302 con-

381 2345 612 2426 quiras.
663 2349 853 2428 atque
899 2346 1054 2409 haec
1103 2344 1178 2409 de
1225 2345 1324 2408 his
1373 2344 1545 2409 dicta
1601 2345 1747 2422 sint,
1798 2363 1956 2426 quos
2012 2364 2205 2409 uerus
2264 2343 2681 2409 confessionis

379 2471 530 2517 suae
568 2455 780 2518 reatus
823 2452 1138 2535 astringit,
1170 2451 1402 2534 quibus
1433 2450 1692 2533 quidem
1728 2451 1891 2534 legis
1924 2450 2476 2533 contemplatione,
2510 2450 2679 2532 quod

378 2560 634 2625 laudare
689 2580 814 2626 non
862 2558 1102 2636 desin0‚
1160 2557 1412 2622 ueniam
1469 2557 1773 2622 tribuisti.
1830 2557 1957 2622 iam
2012 2557 2175 2621 illud
2222 2556 2519 2640 explicari
2572 2556 2679 2620 uix

293 2687 343 2722 20
377 2669 610 2751 potest,
678 2669 946 2750 quantae
1012 2664 1408 2730 crudelitatis
1477 2665 1563 2729 sit
1624 2665 1989 2729 innocentes
2056 2666 2349 2746 appetere
2416 2667 2481 2727 et
2546 2681 2675 2740 eoa,

374 2793 532 2857 quos
598 2792 635 2836 a
700 2773 959 2838 crimine
1026 2775 1276 2837 constat
1342 2789 1481 2835 esse
1537 2769 1873 2848 discretOS‚
1943 2770 2006 2835 in
2072 2769 2383 2835 iudicium
2448 2768 2677 2850 capitis

373 2881 699 2946 deuocare.
757 2899 917 2963 quos
976 2878 1030 2942 si
1085 2877 1341 2961 purgari
1390 2877 1749 2960 contigerit,
1806 2878 2073 2962 cogites,
2131 2895 2385 2958 quaese,
2446 2878 2679 2958 quanta

373 2991 814 3054 accusatorum
859 2986 1301 3051 liberabuntur
1345 2984 1606 3060 inuidia,
1667 3003 1813 3048 cum
1860 3003 1999 3049 reos
2050 2986 2273 3065 sponte
2322 2981 2677 3046 dimiserint

369 3094 548 3173 uicti,
615 3094 984 3176 reliquerint
1045 3093 1432 3156 innocentes,
1513 3089 1671 3155 deus
1738 3110 2029 3156 summus
2095 3092 2159 3155 te
2227 3089 2549 3154 custodiat
2612 3095 2677 3152 et

281 3229 335 3270 25
371 3202 532 3284 legis
591 3220 743 3266 suae
793 3203 1126 3265 conseruet
1177 3197 1564 3281 praesidium
1625 3199 1815 3279 atque
1866 3199 2305 3260 ornamentum
2360 3198 2675 3260 nostrum.

553 3392 729 3446 9—13
767 3415 835 3437 =
873 3409 926 3462 p.
968 3391 1089 3455 582,
1131 3391 1340 3445 17—22

447 3517 471 3568 1
516 3515 822 3584 quisquam]
858 3531 914 3582 p.
958 3515 1086 3580 592,
1123 3515 1196 3566 18
1233 3514 1460 3582 quisque
1580 3514 1610 3565 7
1642 3527 1750 3580 pro
1788 3515 1851 3564 ut
1886 3527 1997 3564 ras.
2040 3513 2189 3564 2—3
2227 3510 2262 3563 Ζ.
2310 3508 2365 3562 V
2472 3509 2538 3562 13
2577 3522 2665 3561 re-

371 3608 543 3658 nouat
589 3603 643 3658 U
671 3619 769 3657 sm
806 3605 1029 3656 reuocat
1074 3603 1121 3655 V
1159 3602 1250 3666 lr3
1287 3601 1487 3670 scripsi
1521 3604 1771 3665 renouet3
1810 3599 1879 3664 cf.
1911 3617 1971 3668 p.
2020 3601 2150 3662 582,
2190 3602 2260 3652 21
2434 3597 2501 3651 15
2543 3611 2673 3650 con-

373 3691 722 3762 iunctionem]
765 3691 1058 3759 coniungas
1085 3691 1150 3744 in
1175 3707 1287 3744 ras.
1329 3690 1384 3744 U
1470 3692 1534 3744 16
1573 3687 1921 3758 uindicando]
1954 3687 2253 3741 uindictam
2292 3687 2345 3741 V
2433 3685 2496 3739 17
2538 3701 2669 3738 suae

374 3783 727 3836 confessionis
773 3779 828 3834 U
913 3781 979 3834 19
1016 3780 1288 3834 tribuistis
1335 3778 1454 3833 Um
1561 3780 1633 3834 20
1671 3781 1933 3846 quantum
1973 3775 2093 3830 edd.
2203 3777 2274 3829 22
2314 3773 2571 3828 deuorare
2618 3772 2673 3826 V

373 3873 442 3926 ‘25
483 3873 634 3942 suae]
676 3887 804 3925 suae
841 3873 898 3924 te
946 3869 1064 3923 Um
