3184 4959
1176 453 1712 526 epistularum
1755 453 1946 512 XCIV.
2582 459 2716 528 499

415 651 1009 732 temperamentum,
1094 669 1218 734 quo
1293 654 1358 716 et
1438 649 1617 716 illam
1698 649 1952 716 beatam
2024 653 2294 718 matrem
2369 655 2436 718 et
2508 653 2720 718 auiam

416 757 766 822 Melanium
812 757 1073 822 fleuisse
1113 757 1423 823 carnalem
1462 757 1708 823 obitum
1746 757 1920 822 unici
1953 756 2071 822 filii
2107 758 2424 824 taciturno
2463 759 2720 843 quidem

414 862 600 929 luctu
662 881 784 930 non
858 866 1071 930 tamen
1137 865 1305 930 sicco
1372 881 1410 928 a
1472 864 1779 930 maternis
1854 864 2134 932 lacrimis
2197 865 2411 932 dolore
2473 865 2718 932 uidisti.

418 969 603 1056 cuius
652 969 910 1053 quidem
953 970 1279 1038 modestas
1328 974 1395 1037 et
1450 989 1678 1056 graues
1735 973 2031 1038 lacrimas
2079 972 2251 1038 sicut
2301 973 2560 1056 propior
2611 973 2722 1038 uel

352 1106 381 1148 5
418 1076 743 1159 aequalior
798 1078 1039 1142 animae
1096 1077 1235 1143 eius
1292 1077 1556 1163 spiritus
1617 1079 1809 1145 altius
1864 1077 2238 1145 intellexisti
2295 1083 2361 1145 et
2401 1078 2720 1162 perfectae

417 1183 482 1249 in
514 1183 768 1250 Christo
806 1184 1077 1250 feminae
1116 1185 1299 1250 salua
1334 1185 1541 1251 uirilis
1582 1186 1776 1251 animi
1814 1185 2190 1252 fortitudine
2219 1205 2330 1252 cor
2362 1190 2722 1252 maternum

418 1289 497 1356 de
536 1291 743 1358 cordis
790 1291 889 1356 tui
938 1291 1357 1358 similitudine
1404 1292 1636 1358 melius
1677 1311 1750 1358 ex
1785 1311 1988 1376 aequo
2035 1297 2210 1360 statu
2249 1293 2720 1377 contemplatus

420 1415 509 1477 es,
565 1401 641 1464 ut
689 1415 829 1464 eam
882 1399 1161 1482 primum
1216 1417 1329 1482 pro
1378 1398 1654 1464 naturali
1701 1399 2034 1465 affectione
2089 1401 2440 1484 permotam
2496 1399 2720 1466 deinde

419 1522 611 1572 causa
663 1505 909 1590 potiore
956 1509 1401 1589 compunctam
1454 1507 1716 1572 fleuisse
1769 1506 2161 1591 perspiceres
2207 1525 2330 1573 non
2375 1509 2512 1572 tam
2555 1499 2720 1572 illud

328 1635 382 1680 ιο
418 1614 790 1692 humanum,
856 1614 1028 1698 quod
1090 1615 1352 1681 unicum
1414 1615 1622 1681 filium
1685 1615 2055 1682 condicione
2117 1615 2372 1682 mortali
2427 1615 2720 1681 functum

414 1721 479 1785 in
543 1720 863 1804 praesenti
926 1723 1183 1788 saeculo
1239 1722 1581 1802 amisisset,
1649 1738 1841 1805 quam
1897 1723 2068 1806 quod
2130 1723 2589 1807 propemodum
2651 1722 2716 1787 in

418 1827 727 1892 saeculari
772 1826 1054 1892 uanitate
1108 1830 1545 1911 praeuentum,
1603 1829 1755 1910 quia
1798 1829 2070 1894 necdum
2121 1828 2309 1894 illum
2355 1828 2722 1894 deseruerat

417 1934 767 2000 senatoriae
840 1934 1169 2018 dignitatis
1247 1934 1531 2013 ambiti0,
1615 1954 1736 2000 non
1817 1934 1994 2002 iuxta
2065 1939 2350 2002 sanctam
2420 1938 2718 2001 uotorum

416 2060 678 2107 suorum
734 2041 1069 2107 auaritiam
1118 2041 1429 2128 cogitaret
1482 2039 1918 2126 adsumptum,
1975 2046 2054 2109 ut
2097 2042 2174 2108 de
2219 2041 2717 2108 conuersationis

327 2171 380 2214 1⁵
418 2148 618 2232 gloria
690 2149 1027 2214 transisset
1091 2148 1170 2214 ad
1236 2149 1502 2234 gloriam
1566 2148 2044 2215 resurrectionis
2109 2168 2506 2214 communem
2571 2167 2719 2214 cum

417 2258 617 2320 matre
687 2255 973 2338 requiem
1050 2273 1471 2339 coronamque
1536 2258 1862 2339 captui-ue,
1936 2254 1994 2321 si
2072 2255 2136 2320 in
2210 2255 2403 2320 huius
2477 2254 2719 2320 saeculi

417 2361 554 2426 uita
613 2363 837 2428 matris
904 2362 1184 2445 exemplo
1252 2379 1511 2428 saccum
1574 2363 1764 2446 togae
1821 2364 1888 2427 et
1947 2363 2403 2428 monasterium
2467 2363 2720 2428 senatui

416 2468 846 2552 praetulisset.

283 2574 325 2637 3
506 2573 745 2639 Verum
808 2577 1022 2638 tamen
1085 2572 1254 2640 idem
1308 2574 1429 2653 uir,
1492 2577 1571 2639 ut
1625 2577 1690 2640 et
1745 2577 1929 2640 antea
1991 2573 2322 2640 rettulisse
2387 2593 2488 2640 me
2559 2577 2716 2657 puto

326 2699 379 2746 ει
416 2681 741 2747 sanctitati
775 2683 945 2761 tuae,
976 2681 1077 2746 his
1115 2681 1412 2764 operibus
1456 2680 1889 2765 locupletatus
1928 2681 2260 2759 abscessit,
2290 2684 2368 2746 ut
2402 2683 2719 2746 maternae

416 2786 799 2854 humilitatis
856 2787 1256 2853 nobilitatem
1313 2789 1369 2854 si
1425 2792 1608 2855 ueste
1663 2809 1788 2854 non
1845 2789 2136 2874 gesserit,
2201 2799 2413 2855 mente
2468 2793 2720 2873 praetu-

416 2895 581 2960 lerit.
626 2895 721 2960 ita
764 2895 933 2960 enim
982 2895 1333 2960 secundum
1379 2896 1649 2961 uerbum
1699 2895 1937 2961 domini
1982 2896 2212 2960 mitis
2261 2896 2546 2961 moribus
2595 2896 2722 2962 fuit

417 3003 497 3065 et
540 3000 883 3066 humilis
934 3001 1193 3083 corde,
1240 3004 1316 3066 ut
1360 3019 1486 3066 non
1521 3001 1818 3067 inmerito
1859 3001 2152 3068 credatur
2185 3001 2488 3069 introisse
2525 3003 2589 3067 in
2627 3023 2720 3068 re-

416 3107 631 3190 quiem
656 3107 913 3186 domini,
937 3107 1311 3190 quoniam
1353 3113 1543 3174 sunt
1569 3107 1979 3190 reliquiae
2018 3109 2324 3175 homini
2351 3109 2716 3192 pacifico

326 3242 379 3283 2⁵
418 3219 483 3280 et
527 3215 937 3280 mansueti
1003 3215 1553 3300 possidebunt
1609 3220 1910 3280 terram
1963 3216 2392 3300 placentes
2441 3217 2580 3282 deo
2638 3216 2716 3281 in

594 3441 665 3494 22
700 3439 899 3494 Matth.
940 3441 1023 3503 11,
1064 3439 1131 3494 29
1242 3441 1312 3496 23
1350 3440 1512 3498 Hebr.
1554 3441 1606 3504 3,
1649 3442 1737 3506 11;
1783 3391 1875 3506 1⁸83
1914 3441 1967 3504 4,
2011 3443 2064 3506 13
2107 3441 2165 3506 3;
2209 3439 2416 3496 10—11
2522 3441 2593 3496 24
2619 3440 2710 3495 Ps.

417 3530 503 3588 36.
542 3529 611 3583 37
721 3531 791 3584 25
826 3529 1023 3584 Matth.
1064 3531 1113 3593 5,
1152 3530 1213 3594 4;
1252 3529 1341 3584 Ps.
1384 3530 1505 3596 114,
1545 3531 1577 3586 9

490 3670 516 3724 1
560 3669 704 3741 quod
744 3669 803 3723 E
940 3669 1083 3732 abia,
1120 3671 1252 3726 m.2
1288 3671 1413 3724 auia
1450 3669 1523 3724 P¹
1652 3672 1685 3724 2
1723 3670 2016 3725 Melaniam
2054 3671 2175 3726 edd.
2321 3671 2539 3726 fleuisse
2578 3671 2718 3726 P1U

489 3760 702 3814 carnale
739 3760 795 3813 in
837 3759 1045 3813 obitum
1084 3758 1145 3812 E
1266 3759 1298 3812 3
1334 3760 1483 3814 lucto
1522 3760 1583 3814 E
1615 3760 1750 3814 fletu
1796 3759 1852 3814 U
1989 3761 2174 3814 dolere
2211 3759 2288 3814 P¹
2390 3761 2428 3814 4
2463 3762 2713 3831 proprior

413 3847 639 3903 PEVU
671 3849 735 3902 ls
878 3849 911 3900 6
950 3847 1145 3902 animis
1182 3849 1245 3904 E
1386 3849 1417 3902 7
1457 3851 1655 3919 aequo]
1707 3865 1812 3918 quo
1854 3852 1910 3904 et
1954 3849 2009 3904 U
2184 3849 2356 3919 statu]
2397 3849 2506 3902 ista
2541 3851 2604 3902 tu
2642 3849 2711 3902 Pl

414 3939 447 3992 8
484 3937 733 3992 naturale
770 3937 884 3992 PE
1059 3939 1092 3992 9
1130 3938 1433 4008 perspicere
1470 3939 1532 3994 E
1690 3939 1764 3994 ·10
1804 3938 2110 3994 condicioni
2146 3940 2261 3994 PE
2402 3939 2714 3993 defunctum

412 4027 608 4083 P¹VU
640 4027 761 4082 edd.
874 4027 939 4082 12
978 4027 1091 4093 illu,
1131 4043 1269 4082 cor-r.
1306 4032 1429 4082 m.1
1463 4028 1620 4082 illum
1658 4029 1732 4082 Pl
1845 4029 1912 4083 14
1952 4029 2319 4083 conuersionis
2357 4025 2553 4083 P¹VU
2589 4027 2710 4082 edd.

418 4117 484 4171 19
521 4117 825 4172 retulissem
866 4121 1025 4171 exuto
1066 4117 1350 4171 sanctitati
1387 4121 1515 4172 tuae
1545 4117 1620 4171 P¹
1659 4117 1966 4172 retulissem
1994 4133 2056 4172 ex
2084 4119 2214 4172 uoto
2244 4117 2556 4172 sanctitatis
2587 4121 2714 4170 tuae

422 4205 534 4259 VU
562 4206 727 4260 retuli
766 4221 827 4260 ex
865 4209 995 4260 uoto
1035 4207 1345 4260 sanctitatis
1375 4209 1502 4260 tuae
1534 4207 1648 4262 lsr
1745 4208 1810 4261 21
1832 4207 2056 4277 mente]
2095 4209 2283 4260 tamen
2311 4208 2494 4260 mente
2523 4203 2718 4260 P¹VU

412 4295 534 4348 edd.
582 4294 806 4349 Hartel.
979 4295 1049 4349 22
1090 4295 1231 4349 enim
1270 4311 1371 4351 om.
1410 4295 1471 4350 E
1638 4297 1708 4350 24
1745 4295 2025 4350 hominum
2063 4295 2177 4349 PE
2331 4293 2402 4350 25
2441 4295 2712 4366 placente,

411 4399 479 4437 m.
503 4387 543 4438 2
576 4383 855 4455 placentes
903 4383 955 4438 V

2527 4489 2632 4544 32*
