3184 4959
553 433 684 497 246
1298 431 1352 488 S.
1407 431 1681 486 Aureli
1734 431 2167 501 Augustini

555 647 674 692 sua
738 625 982 691 desidia
1038 627 1148 691 sed
1204 647 1316 710 pro
1375 627 1514 692 eius
1568 645 1724 712 pace
1770 627 2025 704 fecisse,
2074 628 2241 712 quod
2288 627 2459 694 fecit.
2517 627 2673 693 haec
2718 628 2851 711 epi-

556 733 729 797 stula
791 732 1239 797 mandauimus
1303 735 1378 797 ut
1437 731 1561 797 tibi
1626 753 1749 798 non
1814 734 2157 818 legeretur,
2218 733 2344 798 nisi
2398 752 2545 798 cum
2600 735 2665 798 te
2718 734 2849 798 iam

553 842 860 914 tenerent,
909 838 1141 920 quibus
1191 857 1260 904 es
1305 839 1723 905 necessarius.
1771 859 1887 906 nos
1936 841 2103 906 enim
2149 844 2215 906 te
2260 839 2566 923 spiritalis
2614 841 2849 906 amoris

557 944 814 1010 uinculo
869 929 1184 1023 tenemus,
1242 945 1390 1028 quia
1435 950 1502 1010 et
1545 949 1759 1012 nostro
1808 946 2079 1032 collegio
2124 947 2401 1012 multum
2448 965 2517 1012 es
2562 965 2851 1012 necessa-

557 1053 710 1117 rius.
779 1069 892 1116 cur
946 1057 1158 1117 antem
1215 1053 1407 1119 etiam
1463 1055 1849 1136 corporalem
1904 1053 2327 1137 praesentiam
2384 1073 2507 1119 non
2554 1053 2850 1119 exhibue-
2912 1075 2939 1114 ⁵

557 1159 778 1235 rimus,
825 1161 1051 1242 postea
1093 1159 1282 1224 scies„
1834 1181 1839 1186 ·

1606 1456 1796 1522 LXX.

560 1594 853 1651 DOMINO
891 1594 1404 1652 DILECTlssmo
1435 1597 1526 1651 ΕΤ
1553 1595 2013 1652 HONORABILI
2047 1596 2313 1652 FRATRI
2346 1595 2853 1652 NAUCELLIONI

1227 1685 1538 1742 ALYPIUS
1575 1685 1667 1740 ET
1704 1685 2181 1742 AUGUSTINUS.

479 1813 508 1874 l
653 1810 810 1876 Cum
876 1811 1237 1877 rettulisses
1304 1813 1509 1889 nobie,
1568 1812 1723 1895 quid
1779 1813 1857 1877 ab
1912 1813 2209 1896 episcopo
2264 1815 2481 1878 uestro
2530 1809 2850 1876 clarentio
2896 1841 2947 1880 ιο

560 1935 934 2000 responsum
999 1919 1210 1997 fuerit,
1275 1918 1340 1982 id
1405 1922 1505 1983 est
1569 1919 1645 1984 de
1698 1917 2021 1984 Feliciano
2076 1919 2450 1994 Mustitano,
2514 1937 2637 1982 non
2706 1935 2853 1981 eum

561 2043 832 2108 negasse
906 2027 971 2088 et
1039 2026 1409 2091 'damnatum
1485 2027 1564 2090 ab
1635 2027 1795 2109 ipsis
1870 2031 1935 2092 et
2004 2030 2226 2110 postea
2298 2027 2361 2090 in
2439 2026 2671 2090 honore
2734 2039 2855 2088 suo

563 2134 886 2213 receptum
936 2132 1046 2196 sed
1093 2133 1488 2198 innocentem
1537 2133 1737 2197 fuisse
1786 2133 2174 2208 damnatum,
2216 2134 2363 2214 quia
2398 2131 2627 2196 absens
2663 2129 2861 2196 fuerit

565 2239 628 2300 et
693 2235 1016 2304 absentem
1085 2257 1154 2303 se
1217 2239 1420 2304 fuisse
1482 2239 1867 2321 probauerit,
1933 2240 2055 2304 hoc
2118 2239 2413 2316 dicimus,
2468 2241 2545 2302 ut
2598 2238 2678 2302 ad
2732 2237 2857 2302 hoc

561 2344 959 2426 respondeat,
1023 2346 1172 2428 quia
1233 2365 1352 2410 non
1416 2345 1605 2411 licuit
1666 2346 1946 2411 damnari
1999 2347 2377 2424 inauditum,
2436 2363 2625 2428 quem
2680 2343 2857 2408 inno·
2896 2373 2949 2413 ιε

565 2456 808 2516 centem
855 2452 1057 2518 fuisse
1108 2453 1235 2536 ipsi
1289 2453 1478 2518 modo
1535 2453 1776 2530 dicunt,
1834 2453 1944 2535 qui
1998 2472 2141 2518 eum
2201 2453 2679 2517 damnauerunt.
2742 2453 2857 2514 aut

567 2575 716 2641 ergo
785 2559 1084 2624 innocens
1159 2561 1439 2625 damnari
1515 2578 1639 2625 non
1714 2559 1937 2624 debuit
2000 2563 2112 2624 aut
2172 2577 2405 2624 nocens
2474 2557 2667 2638 recipi
2728 2575 2853 2620 non

567 2663 808 2729 debuit.
875 2665 930 2730 si
985 2665 1282 2731 innocens
1334 2669 1633 2748 receptus
1690 2670 1809 2740 est,
1866 2665 2165 2731 innocens
2222 2665 2559 2730 damnatus
2606 2667 2731 2738 est:
2796 2662 2851 2726 si

567 2789 796 2836 nocens
855 2772 1192 2838 damnatus
1239 2777 1357 2853 est,
1405 2791 1639 2838 nocens
1684 2777 1979 2856 receptus
2027 2776 2146 2837 est.
2210 2771 2267 2836 si
2310 2770 2695 2847 nesciebant,
2744 2768 2857 2850 qui

567 2877 750 2942 illum
825 2877 1302 2958 damnauerunt,
1379 2883 1593 2944 utrum
1668 2879 1965 2944 innocens
2038 2879 2251 2956 fuerit,
2326 2876 2631 2962 arguendi
2704 2877 2857 2940 sunt
2891 2907 2949 2946 no

566 2985 965 3062 temeritatis,
1031 2987 1181 3068 quia
1241 2985 1597 3050 inauditum
1656 2985 2076 3060 innocentem,
2141 2985 2218 3049 de
2284 3003 2408 3067 quo
2468 2982 2857 3059 nesciebant,

570 3091 868 3156 damnare
921 3093 1060 3156 ausi
1117 3095 1284 3168 sunt,
1343 3095 1406 3157 et
1451 3091 1529 3157 de
1575 3093 1894 3176 praesenti
1939 3093 2109 3157 facto
2153 3089 2589 3174 intellegimus
2636 3087 2853 3153 eadem

567 3197 924 3261 temeritate
985 3197 1133 3262 illos
1197 3198 1532 3264 damnasse
1598 3199 1789 3263 etiam
1848 3197 2227 3280 superiores,
2283 3215 2445 3281 quos
2500 3195 2857 3262 traditionis

570 3303 829 3368 crimine
875 3303 1361 3369 infamauerunt.
1413 3305 1469 3369 si
1517 3305 1683 3370 enim
1732 3303 1947 3388 potuit
2008 3304 2087 3369 ab
2133 3303 2291 3386 ipsis
2340 3303 2637 3369 innocens
2686 3301 2859 3365 dam-

569 3407 723 3485 nari,
777 3412 1121 3492 potuerunt
1183 3411 1262 3475 ab
1323 3411 1482 3494 ipsis
1545 3411 1882 3477 traditores
1930 3409 2121 3476 etiam
2170 3410 2315 3488 dici,
2356 3410 2462 3492 qui
2509 3429 2633 3475 non
2680 3411 2863 3472 erant
2896 3439 2953 3479 25

567 3515 924 3582 traditores.

1005 3792 1056 3846 T
1105 3815 1172 3840 z
1211 3791 1328 3846 cod.
1373 3789 1654 3844 Trecenst's
1694 3793 1773 3844 40
1806 3807 1848 3844 s.
1887 3789 2071 3844 XIII.

997 3881 1056 3934 Η
1103 3905 1171 3927 -.--
1210 3879 1326 3934 cod.
1365 3879 1516 3934 Mus.
1555 3879 1702 3936 Brit.
1740 3877 1911 3932 Harl.
1954 3881 2108 3932 3107
2142 3893 2184 3931 s.
2222 3877 2407 3930 XIII.

997 3970 1054 4024 R
1105 3995 1172 4016 ==
1211 3969 1328 4024 cod.
1377 3968 1687 4022 Vaticanus
1728 3970 1847 4022 494
1880 3985 1923 4022 s.
1962 3967 2135 4020 XIII
2168 3983 2249 4020 ez.

644 4164 676 4217 8
712 4163 1016 4218 naucelioni
1063 4162 1174 4216 ΤΗ
1207 4161 1328 4216 edd.
1480 4161 1544 4214 10
1581 4159 1650 4214 ab
1690 4161 1943 4230 episcopo
1988 4163 2177 4213 nostro
2214 4157 2371 4214 codd.
2410 4174 2445 4212 a
2481 4161 2634 4228 patre
2668 4159 2865 4212 nostro

573 4252 692 4307 edd.
707 4273 726 4320 ;
761 4267 828 4306 ex
861 4251 1261 4306 Mam-inarum
1299 4251 1617 4304 coniectura
1650 4250 1849 4319 scripsi
1886 4249 1953 4304 ab
1992 4249 2243 4318 episcopo
2280 4249 2463 4302 nestro
2586 4245 2649 4301 17
2688 4246 2865 4316 recipi

573 4341 700 4412 non]
740 4341 906 4412 recipi
945 4339 1230 4394 damnatus
1268 4355 1375 4392 non
1411 4341 1447 4408 f
1459 4339 1550 4392 lm
