3184 4959
468 393 601 456 504
1172 389 1225 443 S.
1282 388 1559 444 Aureli
1613 388 2052 458 Augustini

470 585 597 650 iam
655 603 856 650 nouae
920 585 1179 670 linguae
1243 587 1565 668 parentur.
1633 583 1866 667 quibus
1931 583 2166 648 idcirco
2231 584 2522 648 homines
2579 582 2776 647 huius

473 692 715 756 saeculi
772 692 977 757 adhuc
1046 693 1142 759 uti
1198 711 1319 758 non
1384 691 1558 769 licet,
1626 695 1700 756 ut
1763 691 1892 755 iam
1957 691 2058 756 his
2125 690 2362 776 gloriae
2428 709 2579 756 suae
2627 705 2776 754 con-

474 799 848 883 gruentibus
930 800 1299 866 inmortales
1390 801 1751 882 loquantur,
1845 798 1922 862 de
2005 799 2237 880 quibus
2319 798 2562 863 dictum
2645 801 2776 861 est:

472 905 795 970 Etenim
853 906 1323 972 clamabunt
1380 909 1457 972 et
1520 906 1892 989 hymnum
1949 904 2229 970 dicent
2293 904 2513 987 procul
2579 903 2776 968 dubio

474 1012 541 1076 in
581 1010 987 1092 caelestibUS,
1027 1012 1139 1079 ubi
1177 1032 1347 1078 cum
1388 1013 1708 1080 domino
1749 1016 1985 1077 erunt
2021 1014 2100 1078 et
2137 1010 2781 1076 delectabuntur
2845 1029 2874 1067 s

476 1117 553 1182 in
636 1117 1141 1184 abundantia
1221 1119 1448 1203 pacis
1534 1117 1885 1203 gaudentes
1967 1117 2028 1183 in
2115 1121 2460 1201 conspectu
2545 1117 2778 1194 throni,

476 1222 809 1288 mittentes
865 1226 1009 1288 ante
1065 1223 1259 1307 pedes
1314 1224 1463 1309 agni
1514 1226 1764 1307 pateras
1821 1226 1887 1290 et
1931 1241 2191 1289 coronas
2239 1225 2304 1288 et
2347 1227 2672 1288 cantantes
2723 1224 2781 1289 ei

478 1328 798 1394 canticum
835 1348 1075 1395 nouum
1113 1329 1439 1416 adgregati
1478 1329 1688 1395 choris
1735 1329 2127 1413 angelorum,
2167 1328 2515 1406 Virtutum,
2561 1329 2783 1394 Domi-

481 1435 833 1516 nationum,
872 1437 1287 1516 Thronomrn,
1326 1441 1401 1502 ut
1440 1441 1503 1502 et
1539 1437 1665 1520 ipsi
1703 1455 1847 1502 cum
1889 1435 2207 1502 Cherubin
2245 1440 2436 1519 atque
2475 1435 2782 1520 Seraphin

484 1545 549 1608 et
587 1544 888 1626 quattuor
932 1544 1064 1608 illis
1113 1543 1491 1610 animalibus
1543 1561 1702 1609 uoce
1749 1546 2058 1626 perpetua
2103 1541 2504 1608 concinentes
2541 1542 2782 1608 dic-ant:
2825 1561 2882 1598 ιο

484 1647 860 1728 SanctuS,
930 1654 1296 1730 sanctuS,
1354 1653 1694 1716 sanctus
1752 1649 2123 1716 dominus
2181 1649 2378 1714 deus
2437 1648 2782 1714 sabaoth

486 1759 551 1821 et
596 1757 858 1840 reliqua,
908 1777 1067 1840 quae
1114 1758 1301 1824 nosti.

574 1863 716 1929 Hoc
774 1866 875 1928 est
930 1883 1099 1948 ergo,
1168 1865 1340 1946 quod
1396 1883 1634 1950 egenus
1693 1866 1760 1930 et
1822 1883 2062 1947 pauper
2125 1882 2243 1947 ego
2307 1861 2416 1927 ille
2479 1861 2785 1944 insipiens

488 1971 555 2034 et
615 1970 925 2051 paruulus
990 1975 1165 2050 tuus,
1232 1991 1421 2054 quem
1484 1975 1561 2036 ut
1623 1990 1814 2036 uerus
1891 1971 2141 2054 sapiens
2213 1969 2374 2034 ferre
2437 1967 2786 2045 consuesti,

488 2095 666 2160 rog0‚
712 2080 789 2141 ut
832 2095 935 2142 me
984 2078 1313 2144 scientiam
1360 2077 1467 2143 uel
1504 2078 1868 2162 opinionem
1917 2095 2106 2158 super
2150 2075 2272 2141 hoc
2320 2079 2494 2140 tuam
2535 2074 2788 2151 doceas,
2829 2095 2884 2135 ιε,

492 2183 642 2267 quia
697 2184 829 2252 scio
884 2188 951 2250 te
1014 2184 1463 2252 inluminatum
1520 2184 1752 2268 spiritu
1814 2182 2226 2249 reuelationis
2292 2182 2368 2247 ab
2433 2181 2573 2264 ipso
2629 2180 2790 2245 (luce

492 2293 558 2356 et
584 2291 758 2356 fonte
790 2291 1193 2376 sapientium,
1232 2294 1324 2369 ut,
1367 2293 1537 2356 sicut
1574 2291 1916 2374 praeterita
1945 2289 2304 2374 cognouisti
2334 2292 2400 2354 et
2433 2287 2792 2370 praesentia

492 2396 697 2477 uideS,
762 2397 855 2463 ita
918 2399 1110 2464 etiam
1168 2398 1246 2463 de
1311 2398 1545 2464 futuris
1613 2397 1934 2476 aestimes,
2001 2395 2156 2478 quid
2219 2413 2478 2460 censeas
2549 2394 2626 2458 de
2689 2392 2790 2458 his

492 2505 869 2570 caelestium
922 2511 1351 2572 creaturarum
1406 2506 1513 2572 uel
1568 2506 1762 2571 etiam
1817 2523 2008 2586 super
2063 2502 2268 2568 caelos
2321 2501 2388 2566 in
2445 2505 2790 2584 conspectu

494 2610 796 2678 altissimi
834 2613 1159 2697 agentium
1197 2613 1466 2679 uocibus
1506 2611 1932 2696 sempiterniS,
1981 2609 2212 2693 quibus
2249 2608 2504 2674 tandem
2541 2607 2794 2692 organis
2829 2628 2890 2670 ιο

496 2719 944 2802 exprimantur.
994 2721 1351 2802 quamlibet
1397 2721 1563 2787 enim
1614 2721 1942 2802 apostolus
1992 2717 2286 2783 dicendo:
2345 2716 2425 2782 Si
2480 2715 2792 2800 linguis

498 2827 975 2910 angelorum
1041 2829 1332 2910 loquar
1396 2827 1722 2912 proprium
1780 2825 2092 2909 quendam
2138 2825 2288 2888 illos
2335 2841 2488 2888 suae
2534 2825 2792 2886 naturae

498 2933 626 3012 uel,
674 2937 748 2999 ut
792 2934 885 2998 ita
931 2934 1214 3012 dixerim,
1274 2935 1481 3019 gentis
1538 2934 1770 2998 habere
1825 2950 2175 2998 sermonem
2226 2929 2574 2995 ostenderit
2615 2933 2792 2993 tanto

500 3039 793 3104 humanis
842 3040 1133 3106 sensibus
1174 3044 1240 3106 et
1286 3041 1557 3125 eloquiis
1608 3040 1917 3117 altiorem,
1969 3041 2204 3122 quanto
2250 3038 2392 3120 ipsa
2429 3036 2794 3119 angelorum

502 3148 788 3210 creatura
873 3151 939 3211 et
1024 3147 1213 3212 statio
1304 3146 1680 3212 mortalibus
1757 3145 1982 3210 incolis
2060 3149 2124 3208 et-
2197 3143 2462 3208 terrenis
2535 3141 2794 3208 sedibus
2835 3161 2892 3202 ιε.

681 3358 716 3410 4
754 3357 841 3410 Ps.
882 3357 969 3420 64,
1011 3357 1075 3410 14
1187 3357 1217 3410 5
1255 3355 1284 3409 1
1320 3355 1507 3409 Thess,
1544 3357 1597 3412 4.
1642 3357 1734 3419 16;
1775 3355 1864 3408 Ps.
1901 3355 1988 3413 36,
2032 3355 2094 3409 11
2235 3353 2267 3407 6
2307 3351 2474 3422 Apoc.
2513 3353 2564 3410 4.
2603 3352 2662 3414 6;
2703 3351 2792 3412 10;

507 3449 557 3500 5.
597 3445 630 3498 9
775 3445 807 3497 S
848 3444 961 3500 Col.
1006 3448 1049 3508 l,
1093 3445 1158 3498 16
1339 3447 1372 3499 9
1410 3445 1499 3498 ES.
1538 3445 1589 3504 6,
1630 3445 1795 3508 2-3;
1835 3444 2001 3514 Apoo.
2041 3445 2092 3502 4,
2132 3441 2164 3496 8
2333 3441 2399 3494 16
2437 3439 2572 3510 Eph.
2617 3440 2664 3502 l,
2703 3439 2793 3502 17;

509 3535 633 3603 Sap.
675 3535 723 3596 7,
767 3534 856 3598 15;
898 3535 1056 3588 Prou.
1103 3534 1181 3598 18,
1220 3535 1279 3598 4;
1319 3533 1482 3588 Eccli.
1524 3534 1572 3600 1,
1611 3535 1646 3587 ὁ
1794 3533 1857 3587 17
1899 3532 2022 3602 Sap.
2064 3531 2115 3593 8,
2153 3531 2186 3584 8
2309 3531 2373 3584 21
2416 3529 2445 3583 1
2482 3529 2601 3583 Cor.
2645 3528 2724 3591 13,
2767 3528 2793 3579 1

584 3679 609 3733 1
650 3681 912 3748 parantur
956 3677 1065 3732 VU
1096 3676 1215 3732 edd.
1362 3675 1670 3730 hominibus
1718 3674 1829 3729 VU
1861 3673 1980 3730 edd.
2163 3673 2196 3728 3
2235 3671 2442 3726 dictum
2480 3672 2564 3724 est
2601 3668 2798 3723 etenim

510 3767 610 3830 bis,
650 3768 887 3821 alterum
922 3770 1053 3824 m.2
1090 3766 1193 3820 del.
1229 3765 1305 3820 ,Ρ1
1380 3767 1410 3821 7
1450 3769 1705 3819 canentes
1753 3762 1862 3818 VU
1896 3762 2018 3816 edd.
2099 3762 2134 3816 8
2173 3761 2375 3816 chroris
2414 3776 2480 3813 ex
2513 3756 2724 3812 thronis
2751 3755 2806 3809 P

510 3858 543 3909 9
580 3861 767 3910 tronos
804 3857 877 3910 Ρι
1096 3855 1357 3910 cherubin
1407 3859 1568 3924 etque
1618 3857 1728 3922 (pr.
1769 3869 1798 3906 e
1837 3869 1958 3921 exp.
1996 3869 2064 3905 m.
2103 3856 2168 3904 ut
2201 3849 2320 3906 uid.
2359 3854 2411 3916 1)
2459 3846 2712 3917 seraphin
2749 3844 2810 3898 E

514 3945 803 4002 Cherubim
844 3949 901 4000 et
938 3945 1219 4016 Seraphim
1258 3947 1371 4000 lsr
1410 3942 1704 3998 Cherubim
1742 3945 1906 4011 atque
1947 3939 2300 4009 Seraphimm
2413 3937 2478 3992 10
2515 3951 2648 3989 uoce
2687 3951 2804 4004 per.

511 4043 679 4108 petua
715 4038 1063 4092 concinentes
1100 4052 1202 4090 om.
1240 4033 1571 4088 P¹VUlsr
1666 4033 1732 4086 14
1771 4030 2032 4086 consuisti
2059 4029 2173 4083 PE
2263 4027 2328 4082 18
2367 4025 2644 4094 aestimes]
2677 4021 2810 4093 quid

515 4128 768 4182 aestimes
818 4125 928 4180 VL'
962 4127 1076 4180 lsr
1202 4125 1271 4179 20
1318 4123 1563 4193 gentium
1602 4121 1714 4174 PE
1835 4121 1903 4174 21
1947 4119 2194 4188 quamuis
2243 4115 2352 4170 I'U
2383 4114 2505 4169 edd.
2641 4113 2711 4168 23
2751 4117 2814 4164 nt

514 4233 617 4272 om.
654 4217 769 4270 PE
870 4219 1063 4285 gentes
1094 4213 1205 4268 PE
1298 4215 1369 4267 24
1409 4212 1606 4266 altiore
1632 4211 1694 4265 E
1787 4210 1856 4263 25
1896 4213 1952 4262 et
1989 4208 2156 4262 statio
2193 4205 2474 4260 mortalius
2511 4201 2710 4256 incolis
2737 4201 2812 4254 Ρι

517 4311 574 4358 et
610 4307 775 4359 statio
814 4303 1137 4358 mortalibus
1176 4303 1231 4356 in
1272 4303 1433 4356 caelis
1482 4299 1673 4354 I'L‘le
1709 4297 2028 4352 mortalibus
2069 4300 2122 4348 et
2161 4294 2326 4348 statio
2365 4293 2420 4346 in
2461 4290 2625 4345 caelis
2663 4305 2696 4343 r
