3184 4959
548 419 678 484 598
1255 417 1308 472 S.
1373 417 1648 470 Aureli
1705 416 2143 486 Augustini

547 611 913 678 uolentibus
988 611 1418 693 praedicaret?
1495 629 1685 692 quem
1750 629 1868 674 uos
1945 609 2091 674 inde
2158 629 2303 674 cum
2368 608 2553 694 graui
2614 607 2849 673 iniuria

547 717 929 800 proiecistis.
978 718 1132 801 quid
1187 717 1362 782 aliud
1410 717 1777 801 agebamus,
1827 716 2076 799 quando
2124 735 2291 782 unus
2338 719 2625 782 nostrum
2672 715 2853 782 Cala·

547 825 787 890 mensis
853 825 1192 909 episcopus
1257 823 1589 890 Possidius
1662 823 1797 888 ibat
1870 823 1950 888 ad
2013 824 2283 888 fundum
2347 821 2848 908 Figulinensem,

551 931 673 996 nisi
731 936 805 996 ut
859 932 1060 996 nostri
1107 931 1401 1014 quamuis
1456 932 1669 1012 pauci,
1726 930 1836 1012 qui
1880 929 2018 995 illic
2074 932 2271 1006 erant,
2329 928 2741 994 uisitarentur
2786 935 2851 994 et

549 1037 768 1103 audito
831 1039 1028 1104 uerbo
1097 1039 1195 1103 dei
1263 1038 1342 1102 ad
1406 1037 1721 1102 unitatem
1770 1035 2033 1113 Christi,
2091 1036 2200 1119 qui
2266 1036 2525 1116 uellent,
2592 1054 2851 1100 conuer-
2920 1058 2951 1096 s

547 1149 871 1210 terentur?
947 1145 1049 1210 cui
1099 1144 1452 1210 ambulanti
1507 1144 1683 1208 uiam
1737 1161 1921 1208 suam
1973 1144 2295 1208 latronum
2342 1161 2515 1207 more
2568 1141 2850 1206 insidiati

549 1255 702 1316 sunt
739 1254 821 1330 et,
871 1251 1020 1334 quia
1053 1251 1118 1315 in
1159 1269 1378 1316 eorum
1423 1249 1687 1315 insidias
1728 1249 1951 1316 cadere
1997 1268 2119 1314 non
2166 1249 2399 1331 potuit,
2450 1268 2597 1314 eum
2634 1251 2847 1332 aperta

547 1357 856 1422 uiolentia
919 1358 984 1422 iu
1039 1357 1230 1423 fundo
1291 1357 1650 1423 Oliuetensi
1696 1375 1893 1439 paene
1960 1356 2185 1420 uiuum
2242 1375 2388 1422 cum
2448 1355 2657 1431 domo,
2722 1373 2845 1436 quo

546 1462 821 1547 fugerat,
895 1463 1322 1541 incenderant,
1397 1463 1522 1529 nisi
1596 1463 1786 1529 tertio
1852 1462 2221 1546 suppositas
2288 1463 2575 1528 flammas
2643 1461 2847 1528 coloni

549 1569 834 1636 eiusdem
900 1571 1076 1636 fundi
1141 1574 1396 1654 propter
1457 1571 1814 1654 periculum
1882 1588 2037 1634 suae
2102 1568 2331 1635 salutis
2390 1569 2843 1653 extinguerent.
2894 1593 2951 1631 ιο

551 1678 615 1738 et
667 1678 879 1741 tamen
930 1695 1076 1742 cum
1125 1675 1455 1758 Crispinus
1511 1685 1769 1758 propter
1822 1675 1943 1740 hoc
1998 1675 2239 1740 factum
2296 1675 2357 1738 in
2414 1672 2845 1758 proconsulari

549 1779 784 1846 iudicio
860 1781 1339 1847 conuinceretnr
1411 1782 1789 1861 haereticae,
1866 1781 2153 1848 eiusdem
2220 1781 2507 1864 episcopi
2570 1779 2847 1846 Possidii

547 1887 900 1952 intercessu
941 1888 1159 1953 decem
1193 1889 1390 1954 libras
1431 1888 1567 1953 auri
1607 1909 1725 1954 non
1766 1892 1867 1954 est
1904 1893 2182 1956 exactae.
2232 1889 2337 1954 cui
2383 1887 2845 1954 beniuolentiae

551 1997 616 2058 et
661 1994 1135 2060 mansuetudini
1188 1995 1479 2080 ingratus
1527 1995 1607 2059 ad
1653 1995 2061 2080 imperatores
2110 1994 2459 2061 catholicos
2508 2013 2703 2060 ausus
2748 1999 2849 2059 est

550 2101 886 2182 appellare.
951 2101 1116 2167 unde
1181 2102 1338 2166 hauc
1403 2102 1468 2166 in
1527 2121 1644 2167 uos
1702 2102 1855 2166 iram
1916 2103 2037 2182 dei,
2104 2102 2179 2168 de
2237 2121 2363 2186 qua
2416 2101 2845 2180 murmuratis,
2890 2124 2949 2162 ιε»

549 2205 753 2272 multo
800 2207 1227 2290 importunius
1276 2212 1340 2272 et
1384 2209 1829 2274 uehementius
1876 2209 2273 2292 prouocauit.

637 2313 908 2392 Videtis,
967 2315 1116 2396 quia
1161 2334 1282 2379 uos
1329 2319 1548 2380 contra
1600 2334 1819 2398 pacem
1873 2315 2109 2381 Christi
2156 2315 2471 2381 uiolenter
2513 2315 2846 2401 insurgitis

551 2425 614 2486 et
668 2419 960 2504 patimini
1009 2438 1131 2486 non
1187 2441 1298 2504 pro
1345 2421 1485 2504 ipso
1543 2421 1657 2486 sed
1711 2441 1821 2503 pro
1868 2421 2315 2504 iniquitatibus
2372 2423 2627 2488 uestris.
2686 2439 2845 2504 quae

549 2530 649 2593 est-
722 2526 849 2592 ista
915 2527 1255 2605 dementia,
1332 2531 1423 2604 ut,
1501 2546 1647 2591 cum
1724 2527 1888 2592 male
1962 2527 2209 2606 uiuitis,
2286 2528 2608 2595 latronum
2680 2528 2847 2592 fact-a

544 2633 795 2698 faciatis
843 2637 927 2710 et,
986 2652 1131 2698 cum
1187 2634 1323 2699 iure
1369 2634 1702 2717 punimini,
1762 2634 2027 2718 gloriam
2074 2639 2421 2718 martyrum
2469 2635 2844 2718 requiratis?
2884 2663 2945 2701 ιο

547 2741 602 2804 si
667 2759 812 2826 ergo
891 2761 1009 2806 uos
1083 2741 1336 2824 priuata
1405 2745 1623 2806 uestra
1697 2741 1961 2808 audacia
2032 2745 2164 2806 tarn
2238 2743 2553 2808 uiolenter
2617 2741 2843 2826 cogitis

545 2847 833 2914 homines
892 2850 1002 2912 aut
1058 2848 1152 2913 ire
1199 2848 1263 2914 in
1311 2867 1578 2914 errorem
1630 2853 1741 2915 aut
1787 2849 2149 2934 permanere
2203 2850 2267 2913 in
2327 2867 2552 2925 errore,
2610 2851 2841 2932 quanto

545 2953 752 3038 magis
810 2973 926 3020 nos
977 2955 1282 3020 debemus
1329 2975 1441 3038 per
1496 2955 2003 3021 ordinatissimas
2050 2959 2425 3034 potestates,
2482 2974 2639 3038 quas
2686 2955 2841 3020 deus

548 3059 898 3124 secuudum
955 3079 1138 3125 suam
1192 3062 1586 3144 prophetiam
1648 3061 1935 3127 subdidit
1988 3061 2264 3139 Christo,
2330 3061 2625 3126 resistere
2678 3061 2842 3126 furo-

545 3167 720 3232 ribus
761 3167 1016 3244 nestris,
1063 3171 1140 3232 ut
1183 3168 1452 3232 miserae
1493 3167 1735 3232 animae
1772 3167 1847 3232 de
1894 3170 2112 3232 uestra
2148 3166 2576 3233 dominatione
2620 3167 2840 3232 libera·
2878 3195 2937 3234 2⁵

545 3277 648 3338 tae
705 3277 1006 3338 eruantur
1061 3293 1096 3338 a
1151 3274 1599 3340 uetustissima
1661 3274 1939 3340 falsitate
1996 3277 2063 3338 et
2117 3273 2498 3340 adsuescant
2548 3274 2613 3338 in
2670 3292 2839 3356 aper-

546 3379 798 3444 tissima
847 3381 1145 3446 ueritate!
1195 3401 1340 3446 nam
1377 3399 1540 3463 quos
1581 3399 1619 3444 a
1654 3381 1836 3445 nobis
1876 3380 2161 3446 nolentes
2200 3381 2415 3446 dicitis
2452 3383 2617 3466 cogi,
2654 3379 2839 3446 multi

545 3487 738 3551 etiam
787 3488 928 3573 cogi
979 3507 1046 3554 se
1093 3489 1346 3566 uolunt,
1395 3489 1565 3571 quod
1613 3488 1795 3554 nobis
1844 3492 2026 3553 antea
2072 3492 2138 3553 et
2180 3491 2403 3572 postea
2442 3487 2835 3566 confitentur,

542 3601 616 3662 ut
662 3596 767 3660 uel
815 3596 907 3662 sic
958 3596 1229 3662 euadant
1275 3597 1721 3680 oppressiones
1770 3599 2037 3662 uestras.

611 3876 644 3928 2
687 3874 962 3945 proicistis
999 3873 1131 3927 MF
1304 3875 1338 3926 4
1376 3871 1461 3926 illi
1497 3873 1552 3927 A
1732 3876 1765 3928 5
1804 3873 1959 3926 uerbi
1994 3873 2049 3926 A
2220 3876 2253 3929 6
2290 3889 2467 3928 mor-e
2504 3875 2553 3946 (t
2589 3877 2749 3940 eras.)
2786 3873 2841 3927 P

539 3965 572 4015 8
609 3963 866 4018 liuetensi
903 3962 959 4016 P
991 3961 1113 4016 edd.
1255 3962 1317 4016 11
1359 3961 1753 4030 proconsularii
1788 3960 1850 4015 F
1878 3963 1971 4031 (m.
1994 3967 2034 4016 2
2070 3962 2173 4016 del.
2216 3963 2312 4016 alt.
2352 3963 2394 4028 i)
2433 3963 2489 4015 A
2616 3964 2682 4018 12
2720 3964 2833 4032 epi-

450 4078 459 4089 ·
539 4053 712 4123 scopi·
752 4053 884 4120 (fuit
921 4051 968 4120 s)
1007 4052 1058 4104 A
1243 4051 1310 4105 13
1346 4051 1395 4104 X
1431 4049 1506 4104 M
1648 4051 1799 4104 cuius
1835 4050 1910 4105 M
2090 4053 2153 4106 15
2193 4051 2496 4121 appellare·
2528 4051 2661 4118 (fuit
2696 4059 2743 4116 s)
2782 4051 2835 4105 A

535 4141 803 4211 inpellere
839 4141 915 4194 M
1092 4141 1158 4195 19
1195 4139 1307 4194 ista
1342 4155 1445 4194 om.
1484 4140 1539 4194 A
1720 4139 1791 4194 23
1830 4141 1989 4209 quas]
2025 4147 2133 4210 qua
2167 4138 2242 4193 M
2407 4141 2479 4194 26
2516 4141 2569 4210 a]
2610 4139 2675 4194 de
2713 4139 2830 4194 edd,

607 4230 904 4284 uetussima
938 4230 993 4284 A
1066 4231 1134 4284 2?
1173 4229 1328 4300 quos]
1370 4229 1514 4298 quod
1544 4245 1599 4282 m
1709 4245 1742 4282 a
1776 4228 2025 4284 nolentes
2066 4233 2191 4296 (om.
2228 4227 2409 4295 nobis)
2449 4232 2503 4282 A
2578 4227 2647 4282 28
2684 4228 2831 4299 cogis

537 4335 594 4372 se
633 4317 704 4370 M
741 4334 796 4371 se
836 4318 958 4387 cogi
997 4317 1118 4374 edd.
1229 4319 1298 4372 29
1339 4317 1655 4387 euadelant
1690 4318 1744 4370 A
