3184 4959
649 426 775 489 710
1363 424 1415 478 S.
1471 424 1749 478 Aureli
1802 424 2237 493 Augustini

649 619 970 683 infirmum
1021 619 1142 697 dei,
1193 618 1362 701 quod
1409 619 1763 702 sapientius
1812 622 1879 685 et
1920 620 2150 684 fortius
2190 622 2291 683 est
2344 618 2733 695 hominibu8‚
2788 618 2937 683 inter

652 726 854 791 electa
881 722 1102 791 'stulta
1139 729 1204 791 et
1247 724 1496 791 infirma
1541 724 1763 791 fierent
1798 726 2107 791 ueraciter
2154 726 2472 809 sapientes
2512 730 2577 791 et
2612 725 2939 791 efficaciter

652 834 869 899 fortes,

471 946 534 1009 II
575 944 610 1007 7
745 938 864 1005 Cui
921 942 1136 1004 autem
1192 939 1320 1005 nisi
1373 939 1748 1005 uerissimae
1802 938 2032 1004 rationi
2085 938 2295 1004 fidelis
2352 940 2555 1024 pietas
2612 938 2939 1013 erubescit,

651 1050 727 1110 ut
773 1046 1086 1127 quandam
1135 1045 1512 1123 idolatriam,
1554 1065 1744 1129 quam
1784 1046 1847 1110 in
1888 1046 2075 1111 corde
2113 1048 2329 1111 nostro
2379 1066 2449 1111 ex
2498 1045 2941 1111 consuetudine
2986 1066 3003 1105 s

651 1152 1012 1217 uisibilium
1051 1152 1438 1217 constituere
1479 1155 1744 1218 conatur
1791 1152 2103 1217 humanae
2142 1152 2551 1237 cogitationis
2598 1152 2942 1220 infirmitas.

653 1277 776 1323 non
826 1258 1193 1323 dubitemus
1243 1262 1522 1324 sueltere
1581 1278 1696 1323 nec
1754 1258 2101 1325 audeamus
2150 1258 2401 1324 credere
2456 1259 2548 1323 ita
2594 1278 2735 1323 esse
2780 1258 2943 1323 trini-

653 1368 874 1442 tatem,
915 1384 1104 1447 quam
1143 1365 1534 1431 inuisibilem
1565 1368 1631 1429 et
1665 1366 2099 1449 incorpoream
2138 1368 2330 1449 atque
2365 1364 2943 1431 incommutabilem

655 1472 944 1550 colimuS‚
993 1473 1174 1555 quasi
1220 1476 1352 1537 tres
1401 1473 1709 1556 quasdam
1756 1473 2052 1539 uiuentes
2098 1472 2299 1538 moles
2342 1472 2497 1539 licet
2540 1472 2845 1537 maximas
2892 1476 2947 1535 et

651 1579 1111 1663 pulcherrimas
1151 1598 1412 1645 suorum
1441 1582 1655 1664 tamen
1690 1580 1979 1644 locorum
2016 1579 2245 1662 spatiis
2280 1578 2551 1663 propriis
2586 1578 2945 1644 terminatas
2974 1602 3009 1641 ιο

657 1688 722 1751 et
785 1685 1046 1750 sibimet
1097 1686 1160 1749 in
1219 1686 1356 1751 suis
1411 1687 1570 1752 locis
1630 1686 1933 1771 contigua
1996 1686 2469 1769 propinquitate
2524 1686 2945 1761 cohaerentes,

659 1792 798 1856 siue
843 1812 971 1856 una
1017 1810 1230 1857 earum
1280 1792 1374 1857 sic
1418 1793 1482 1858 in
1533 1792 1743 1858 medio
1793 1794 2164 1871 constituta,
2212 1798 2287 1857 ut
2324 1792 2483 1857 duas
2532 1792 2793 1856 dirimat
2838 1791 2945 1856 sibi

659 1918 731 1963 ex
793 1898 1102 1964 lateribus
1169 1898 1440 1984 singulis
1505 1900 1776 1979 iunctae,
1845 1900 1981 1965 siue
2044 1900 2109 1964 in
2173 1900 2435 1964 modum
2498 1898 2737 1984 trigoni
2802 1898 2945 1963 duas

661 2008 899 2069 ceteras
957 2024 1370 2089 unaquaeque
1429 2007 1776 2091 contingat,
1842 2010 1915 2071 ut
1968 2008 2145 2071 nulla
2198 2007 2275 2072 ab
2332 2006 2545 2089 aliqua
2598 2010 2943 2089 separeturz

659 2130 1000 2195 earumque
1039 2114 1229 2178 trium
1268 2116 1584 2179 tantarum
1628 2132 1699 2178 ac
1737 2113 1964 2178 talium
2000 2132 2409 2197 personarum
2446 2114 2603 2178 licet
2634 2112 2703 2177 in
2744 2112 2946 2197 grandi
2974 2138 3009 2175 ιι

658 2218 841 2283 ualde
879 2220 1157 2285 molibus
1185 2222 1395 2285 tamen
1435 2240 1472 2285 a
1509 2240 1758 2285 summo
1791 2226 1857 2286 et
1890 2222 2021 2285 imo
2053 2224 2119 2286 et
2146 2220 2635 2303 circumquaque
2665 2219 2945 2285 termina-

659 2330 866 2389 tarum
937 2346 1124 2391 unam
1193 2346 1333 2391 esse
1404 2326 1805 2391 diuinitatem
1880 2326 2121 2410 aliquid
2186 2330 2481 2409 quartum
2552 2345 2671 2391 nec
2747 2327 2945 2401 talem,

662 2432 866 2513 qualis
925 2438 1024 2497 est
1077 2433 1290 2516 aliqua
1336 2452 1408 2498 ex
1461 2434 1617 2512 illis,
1676 2434 1787 2498 sed
1836 2452 2234 2499 communem
2283 2432 2577 2499 omnibus
2630 2436 2947 2515 tamquam

660 2558 892 2603 numen
960 2541 1240 2605 omnium
1310 2544 1372 2605 et
1447 2540 1510 2605 in
1577 2540 1873 2605 omnibus
1941 2544 2006 2605 et
2076 2542 2141 2605 in
2208 2540 2481 2625 singulis
2543 2544 2781 2618 totum,
2854 2558 2950 2623 per

662 2662 850 2727 quam
921 2666 1112 2711 unam
1171 2646 1570 2712 diuinitatem
1630 2647 1879 2712 dicatur
1934 2647 2155 2712 eadem
2218 2648 2471 2712 trinitas
2534 2667 2705 2712 unus
2772 2646 2947 2717 deus:
2976 2672 3014 2712 ω

664 2752 929 2834 eiusque
976 2756 1104 2817 tres
1151 2772 1454 2837 personas
1501 2772 1816 2837 nusquam
1855 2772 1997 2818 esse
2042 2754 2167 2819 nisi
2210 2754 2275 2819 in
2324 2754 2535 2831 caelis,
2580 2754 2763 2818 illam
2812 2771 2948 2819 uero

663 2859 1064 2925 diuinitatem
1111 2878 1426 2943 nusquam
1471 2879 1594 2924 non
1636 2878 1777 2925 6336
1824 2860 1933 2925 sed
1972 2860 2208 2942 ubique
2254 2864 2685 2943 praesentem;
2736 2878 2811 2924 ac
2858 2878 2953 2942 per

664 2964 784 3029 hoc
849 2970 1021 3030 recte
1085 2966 1338 3049 quidem
1407 2966 1530 3031 dici
1598 2967 1786 3031 deum
1854 2970 1920 3031 et
1981 2968 2045 3031 in
2112 2967 2284 3031 caelo
2345 2986 2485 3031 esse
2540 2969 2604 3031 et
2666 2967 2733 3030 in
2800 2970 2951 3031 terra

663 3075 918 3154 propter
987 3073 1166 3137 illam
1231 3074 1654 3153 diuinitatem,
1722 3092 1880 3157 quae
1946 3074 2183 3157 ubique
2248 3072 2337 3138 sit
2396 3072 2729 3155 tribusque
2798 3092 2951 3137 com-

665 3178 876 3243 munis
943 3180 1046 3256 sit,
1112 3198 1234 3246 non
1302 3184 1516 3245 autem
1580 3188 1751 3245 recte
1808 3180 1934 3245 dici
1996 3184 2242 3265 patrem
2299 3198 2440 3245 esse
2503 3180 2567 3243 in
2622 3182 2797 3243 terra
2858 3178 2949 3243 uel
2974 3194 3013 3237 2⁵

663 3284 866 3348 filium
926 3286 1030 3350 uel
1096 3287 1390 3369 spiritum
1453 3292 1767 3367 sanctum,
1835 3306 1981 3352 cum
2044 3287 2193 3351 huic
2252 3286 2520 3351 trinitati
2584 3285 2777 3351 sedes
2840 3304 2949 3349 non

665 3391 788 3456 nisi
842 3392 907 3456 in
965 3394 1139 3457 caelo
1207 3394 1334 3458 sit?
1399 3395 1588 3459 istam
1648 3394 2053 3479 cogitationis
2112 3394 2379 3458 carnalis
2436 3392 2949 3476 compositionem

667 3516 1028 3581 uanumque
1063 3498 1432 3583 figmentum
1473 3502 1583 3566 ubi
1611 3520 1763 3565 uera
1788 3502 1949 3565 ratio
1978 3500 2357 3566 labefactare
2384 3499 2631 3582 incipit,
2662 3502 2949 3565 continuo

742 3639 768 3692 1
809 3638 1038 3701 firmum,
1076 3657 1145 3692 m.
1183 3645 1248 3693 ut
1283 3640 1400 3695 uid.
1441 3644 1481 3693 2
1515 3640 1785 3694 infirmum
1821 3640 1878 3694 Β
2022 3642 2055 3695 5
2092 3639 2457 3695 idololatriam
2504 3639 2625 3693 edd.
2764 3640 2800 3693 6
2838 3654 2949 3692 con-

667 3728 859 3783 sistere
896 3727 1125 3781 ΟΡΤΤι
1259 3728 1330 3783 10
1367 3729 1605 3782 locorum
1644 3746 1745 3784 om.
1782 3730 1935 3783 OPT
1964 3728 2086 3783 edd.
2234 3729 2406 3799 spatis
2442 3728 2497 3781 B
2646 3728 2711 3781 12
2754 3728 2853 3795 sic]
2888 3726 2951 3778 sit

668 3816 786 3871 edd.
965 3818 1028 3871 15
1067 3817 1198 3871 licet
1233 3816 1518 3886 grandium
1555 3816 1717 3871 ualde
1762 3817 1809 3872 Ο
1990 3818 2055 3871 17
2096 3816 2303 3887 aliquid
2341 3820 2587 3885 quartam
2624 3817 2815 3871 ΡΤΤι
2850 3816 2951 3883 flr

670 3906 904 3975 aliquam
958 3908 1277 3975 quartamm
1327 3907 1480 3976 quasi
1533 3912 1781 3976 quartam
1838 3906 1884 3961 Ο
2104 3906 2169 3960 18
2223 3905 2427 3975 aliqua]
2480 3922 2591 3959 una
2642 3904 2801 3960 OPT
2842 3903 2947 3957 edd.

657 4000 886 4065 praeter
919 4012 972 4048 m
1099 3995 1164 4047 19
1201 3996 1422 4065 numen]
1463 4012 1627 4048 unum
1668 3994 1787 4048 edd.
1820 4000 2046 4063 praeter
2080 4010 2135 4047 m
2242 3994 2311 4049 20
2348 3994 2585 4056 trinitas,
2620 4010 2689 4046 m.
2713 3996 2757 4047 2
2788 4008 2951 4061 supra

671 4084 932 4137 diuinitas
961 4082 1016 4135 Β
1123 4084 1188 4137 21
1234 4084 1476 4153 eiusque]
1518 4084 1634 4137 eius
1673 4082 1857 4135 ΡΤΤί
1976 4082 2047 4135 24
2085 4082 2179 4151 sit]
2222 4088 2251 4136 ἐ
2287 4080 2467 4135 OTT²
2502 4080 2626 4135 edd.
2655 4087 2951 4149 praetera·

670 4173 737 4227 25
777 4172 852 4225 sit
887 4190 990 4228 om.
1027 4190 1082 4225 m
1223 4172 1295 4225 26
1333 4174 1473 4241 cum]
1516 4173 1674 4225 cuim
1712 4172 1767 4224 P
1801 4172 1887 4224 cui
1932 4170 2109 4224 ΟΤΤι
2148 4170 2269 4223 edd.
2308 4176 2603 4239 praeterm
2784 4166 2951 4235 aedes]

669 4260 802 4315 fides
847 4260 1078 4315 OPTT¹
1118 4261 1238 4315 edd.
1269 4268 1496 4331 praeter
1511 4278 1566 4313 m
1708 4260 1778 4313 28
1815 4258 2153 4322 labefactari,
2192 4274 2329 4314 corr.
2366 4274 2436 4314 m.
2458 4262 2489 4311 1
2526 4256 2857 4312 labefactare
2889 4256 2951 4309 T*

740 4349 966 4419 incipiet
1001 4351 1248 4419 Euqippt·
1283 4348 1399 4405 cod.
1447 4350 1572 4405 Vat.
1614 4349 1855 4419 coeperit
1889 4348 2142 4419 Euqippi
2176 4347 2293 4402 cod.
2330 4348 2518 4402 Ambr.
