3184 4959
297 1645 346 1682 1⁰

297 2175 346 2214 15

295 2710 345 2748 20

1026 464 1556 534 epistularum
1613 465 1779 520 LVII.
1834 464 2031 520 LVIII.
2546 470 2670 533 217

383 677 686 741 mumque
723 659 1026 723 fecerunt.
1067 677 1270 740 neque
1309 660 1496 736 enim,
1527 659 1583 724 si
1622 659 1853 724 cotidie
1890 659 2117 724 faciem
2156 663 2331 724 tuam
2372 659 2673 738 uiderem,

383 767 590 830 notior
633 765 792 829 mihi
839 783 1034 842 essee,
1093 785 1282 849 quam
1327 783 1472 829 cum
1519 764 1882 830 interiorem
1928 771 2110 830 tuum
2160 767 2337 848 pacis
2386 767 2675 832 decorem

383 873 719 955 pulchrum
775 891 846 936 ao
901 871 1193 936 ueritatis
1250 872 1392 936 luce
1449 872 1797 936 radiantem
1845 873 1907 936 in
1956 873 2147 936 unius
2194 875 2290 936 tui
2336 875 2488 939 facti
2536 894 2674 939 can-

385 981 530 1044 dore
606 979 920 1062 conspexi,
989 979 1282 1062 conspexi
1347 982 1413 1044 et
1477 980 1729 1062 agnoui,
1796 979 2025 1062 agnoui
2090 983 2154 1043 et
2218 982 2448 1044 amani.
2524 980 2674 1045 huic

383 1107 544 1151 nunc
591 1088 834 1168 loquor,
883 1086 1032 1150 huic
1081 1086 1286 1150 scribo
1336 1086 1565 1152 dilecto
1616 1087 1816 1150 amico
1864 1105 2027 1164 me0,
2077 1087 2183 1170 qui
2222 1088 2381 1152 mihi
2418 1107 2673 1170 corpore

385 1195 628 1258 absenti
685 1194 912 1258 absens
967 1193 1265 1258 innotuit.
1331 1213 1554 1258 uerum
1613 1197 1825 1258 autem
1882 1194 2007 1257 iam
2066 1194 2258 1258 simul
2314 1213 2561 1259 eramus
2612 1199 2677 1258 et

386 1301 704 1365 coniuncti
769 1301 888 1366 sub
953 1319 1079 1364 uno
1149 1301 1353 1382 capite
1411 1301 1809 1376 uiuebamuS,
1866 1300 1929 1364 in
1988 1301 2173 1364 cuius
2232 1301 2493 1364 caritate
2550 1301 2673 1364 nisi

385 1408 700 1471 radicatus
767 1425 962 1485 esseS,
1029 1425 1148 1470 non
1216 1404 1336 1470 tibi
1401 1409 1530 1470 tam
1589 1406 1822 1471 dilecta
1878 1407 2189 1472 catholica
2244 1406 2455 1470 unitas
2510 1404 2675 1470 foret

383 1533 498 1578 nec
545 1515 802 1578 colonos
849 1517 997 1578 tuos
1043 1513 1229 1576 Afros
1281 1531 1352 1578 eo
1399 1516 1728 1590 terrarum,
1777 1513 1939 1577 unde
1978 1513 2454 1578 Donatistarum
2501 1512 2676 1576 furor

385 1625 634 1685 exoltus
691 1625 810 1695 est,
867 1620 988 1684 hoc
1047 1624 1146 1684 est
1199 1621 1261 1684 in
1320 1619 1528 1684 media
1575 1620 1890 1710 consulari
1936 1620 2241 1684 Numidia
2286 1619 2671 1684 constitutos

382 1729 498 1793 tali
552 1729 917 1794 admoneres
975 1727 1290 1809 adloqui0,
1349 1730 1524 1791 tanto
1582 1728 1827 1792 feruore
1885 1726 2148 1810 spiritus
2206 1727 2535 1804 animareS,
2600 1730 2675 1790 ut

385 1836 720 1900 deuotione
749 1835 1224 1917 promptissima
1253 1835 1330 1899 ad
1360 1835 1746 1917 sequendum
1776 1835 2102 1918 eligerent,
2134 1833 2301 1916 quod
2331 1837 2395 1898 te
2423 1835 2671 1896 tantum

386 1961 458 2006 ac
509 1943 703 2005 talem
759 1942 972 2005 uirum
1029 1961 1153 2005 non
1211 1942 1335 2006 nisi
1383 1942 1597 2026 agnita
1642 1943 1909 2006 ueritate
1960 1943 2137 2024 sequi
2188 1941 2559 2025 cogitarent,
2611 1951 2674 2004 et

384 2053 514 2113 tam
567 2050 758 2132 longe
815 2068 850 2112 a
905 2053 970 2112 te
1023 2048 1308 2113 locorum
1375 2048 1729 2112 interuallis
1794 2048 2022 2113 remoti
2086 2048 2248 2111 irent
2312 2049 2432 2112 sub
2498 2045 2668 2110 idem

387 2159 576 2239 caput
621 2159 809 2238 atque
855 2158 918 2220 in
967 2155 1105 2220 eius
1143 2156 1442 2219 membris
1482 2160 1697 2220 tecum
1735 2155 1793 2218 in
1836 2159 2160 2219 aeternum
2200 2155 2669 2236 deputarentur,

387 2263 566 2327 cuius
611 2265 948 2344 praecepto
997 2261 1114 2326 tibi
1161 2262 1594 2343 temporaliter
1641 2262 1949 2326 seruiunt.

471 2371 541 2434 In
590 2370 710 2433 hoc
758 2387 902 2450 ergo
951 2374 1062 2432 tuo
1113 2369 1278 2433 facto
1327 2371 1390 2432 te
1439 2369 1767 2452 cognitum
1815 2368 2201 2450 amplectens
2250 2367 2550 2444 exultaui‚
2598 2369 2672 2431 ut

385 2479 732 2559 gratularer
803 2475 921 2540 tibi
995 2475 1055 2538 in
1125 2475 1374 2541 Christ-o
1441 2477 1586 2540 Iesu
1654 2476 1903 2540 domino
1968 2478 2181 2538 nostro
2245 2475 2490 2557 tibique
2554 2474 2668 2537 has

385 2583 828 2667 gratulatorias
881 2582 1128 2646 litteras
1185 2583 1500 2646 mitterem
1562 2583 2023 2665 qualecumque
2080 2582 2394 2664 specimen
2464 2579 2671 2644 cordis

385 2692 446 2753 et
492 2689 721 2754 amoris
761 2708 908 2773 erga
945 2693 1008 2752 te
1048 2688 1201 2760 meiz
1251 2707 1454 2770 neque
1492 2689 1659 2752 euim
1699 2689 1974 2770 amplius
2014 2689 2213 2770 potui.
2264 2688 2375 2752 sed
2415 2705 2667 2768 quaeSO,

384 2815 460 2859 ne
506 2800 577 2860 tu
625 2797 952 2874 hactenus»,
1002 2796 1303 2879 quicquid
1349 2801 1412 2860 te
1462 2795 1681 2879 diligo,
1728 2795 2029 2861 metiaris
2088 2796 2427 2878 perlectam
2474 2793 2673 2858 transi

384 2903 542 2966 hanc
617 2902 960 2985 epistulam
1031 2902 1307 2967 transitu
1380 2903 1711 2978 inuisibili,
1790 2902 1897 2985 qui
1959 2902 2133 2966 intus
2196 2902 2289 2976 fit,
2356 2905 2419 2966 et
2483 2919 2671 2985 perge

387 3008 721 3092 cogitando
775 3009 838 3072 in
895 3012 1122 3090 pectus
1179 3029 1392 3074 meum
1451 3015 1512 3074 et
1561 3029 1763 3086 cerne,
1813 3009 1961 3091 quid
2010 3009 2143 3072 illic
2191 3008 2265 3072 de
2312 3011 2375 3071 te
2425 3011 2669 3090 agatur.

384 3115 628 3196 patebit
694 3115 860 3180 enim
919 3117 1104 3180 oculo
1163 3116 1444 3180 caritatis
1503 3116 1867 3180 cubiculum
1926 3115 2229 3193 caritatiS,
2278 3103 2457 3197 'quod
2504 3113 2670 3177 clau-

453 3397 488 3448 2
527 3411 645 3448 cum
683 3410 804 3456 om.,
841 3411 909 3447 m.
933 3398 962 3446 1
999 3394 1128 3447 add.
1168 3393 1240 3447 M
1384 3393 1574 3448 decore
1615 3394 1795 3449 PRm
1902 3395 1934 3448 3
1970 3395 2073 3446 hac
2110 3393 2165 3446 P
2278 3395 2312 3446 4
2353 3397 2409 3445 et
2444 3392 2669 3461 agnoui]

387 3487 441 3536 et
477 3484 710 3552 cognoui
747 3482 802 3536 R
955 3483 1103 3551 huic]
1143 3481 1288 3536 hunc
1323 3483 1377 3536 A
1559 3486 1590 3536 5
1633 3499 1889 3552 corporea
1926 3486 1981 3547 (a
2020 3482 2143 3547 del.)
2183 3481 2239 3534 P
2415 3483 2447 3533 6
2487 3497 2672 3534 uerum

387 3571 588 3640 autem]
627 3587 812 3626 uerum
849 3575 1030 3624 tamen
1071 3571 1192 3624 edd.
1222 3577 1449 3639 praeter
1487 3589 1524 3624 a
1684 3573 1715 3624 7
1755 3573 2005 3640 caritate]
2047 3571 2225 3640 capite
2260 3569 2318 3624 R
2475 3571 2508 3622 8
2544 3569 2673 3638 tibi]

383 3660 460 3713 ibi
495 3659 678 3714 MFA
858 3660 1364 3714 catholicamunitas
1401 3660 1461 3713 F
1636 3662 1667 3714 9
1709 3661 1923 3713 colonos
1962 3675 2027 3714 ex
2066 3660 2285 3712 colonus
2324 3659 2397 3712 M
2440 3658 2673 3713 colones·

388 3765 520 3803 corr.
558 3753 680 3802 m.1
716 3749 934 3803 colonos
973 3749 1028 3804 R
1171 3749 1318 3803 afrus
1348 3750 1416 3802 M
1555 3749 1703 3802 unda
1734 3749 1910 3802 MFA
2035 3749 2101 3802 10
2140 3748 2391 3801 exhortus
2427 3747 2635 3801 PMFI
2658 3747 2675 3780 ¹

387 3836 441 3906 (h
478 3844 619 3906 exp.)
735 3839 998 3892 consolari
1037 3837 1192 3894 codd.
1301 3839 1360 3892 11
1403 3839 1539 3891 talia
1576 3841 1629 3890 A
1736 3839 1798 3891 12
1838 3838 2181 3890 deuotionem
2219 3836 2674 3906 promptissimam

386 3928 440 3981 A
619 3927 896 3996 elegerent
939 3927 1070 3980 ΜΓ
1241 3927 1407 3980 talem
1457 3943 1517 3980 ac
1565 3931 1777 3981 tantum
1827 3926 1947 3980 edd.
2136 3927 2200 3979 14
2240 3941 2270 3977 a
2306 3925 2385 3992 te]
2436 3927 2561 3977 ante
2600 3923 2671 3976 Ρι

391 4017 454 4070 15
493 4015 670 4085 adque
707 4015 762 4069 P
901 4018 958 4068 in
997 4018 1272 4069 aeternum
1311 4019 1490 4069 tecum
1529 4015 1649 4070 edd.
1798 4017 2241 4084 computarentur
2275 4013 2331 4066 R
2517 4013 2577 4065 17
2618 4022 2673 4064 te

387 4121 506 4166 om„
542 4109 664 4158 m.1
701 4104 831 4158 add.
869 4103 931 4158 F
1072 4104 1136 4157 18
1173 4104 1344 4172 tique,
1385 4121 1520 4158 corr.
1558 4122 1627 4158 m.
1650 4109 1681 4158 1
1714 4103 1925 4172 tibique
1961 4103 2035 4156 M
2181 4102 2244 4156 19
2284 4100 2671 4170 qualecumque

388 4192 604 4261 specim,
631 4209 698 4246 m.
722 4197 762 4246 2
790 4191 1234 4262 qualemcumque
1273 4193 1507 4261 speciem
1536 4192 1613 4245 P²
1654 4193 2097 4261 qualemcumque
2129 4191 2357 4260 spetiem
2386 4189 2441 4242 P
2562 4195 2673 4242 tor·

387 4282 596 4366 *³³⁸⁹AE
615 4285 654 4336 2
689 4283 865 4336 cordis
902 4283 978 4337 Ρι
1159 4285 1224 4336 21
1266 4295 1490 4336 actenus
1525 4281 1707 4336 MFA
1850 4283 1929 4350 te]
1968 4281 2024 4332 in
2062 4285 2116 4333 te
2154 4279 2228 4332 M
2404 4279 2473 4332 22
2513 4278 2584 4331 sit
2622 4277 2675 4330 A

347 4384 350 4387 ·
387 4373 454 4426 23
491 4389 618 4436 111111,
657 4389 723 4426 m.
747 4375 786 4426 2
821 4387 1000 4424 meum
1035 4370 1110 4424 Μ
1209 4372 1282 4424 24
1321 4371 1575 4434 nubilum,
1620 4385 1758 4423 corr.
1796 4387 1864 4423 m.
1886 4375 1915 4420 1
1954 4368 2258 4422 cubiculum
2294 4367 2369 4420 M
