<?xml version="1.0" encoding="UTF-8"?>
<!DOCTYPE html PUBLIC "-//W3C//DTD XHTML 1.0 Transitional//EN"
    "http://www.w3.org/TR/xhtml1/DTD/xhtml1-transitional.dtd">
<html xmlns="http://www.w3.org/1999/xhtml" xml:lang="en" lang="en">
 <head>
  <title>
</title>
<meta http-equiv="Content-Type" content="text/html;charset=utf-8" />
  <meta name='ocr-system' content='tesseract 3.04.00' />
  <meta name='ocr-capabilities' content='ocr_page ocr_carea ocr_par ocr_line ocrx_word'/>
</head>
<body>
  <div class='ocr_page' id='page_1' title='image "./corpusscriptoru26wiengoog_0439.png"; bbox 0 0 3184 4959; ppageno 0'>
   <div class='ocr_carea' id='block_1_1' title="bbox 360 1591 415 1630">
    <p class='ocr_par' dir='ltr' id='par_1_1' title="bbox 360 1591 415 1630">
     <span class='ocr_line' id='line_1_1' title="bbox 360 1591 415 1630; baseline -0.018 0"><span class='ocrx_word' id='word_1_1' title='bbox 360 1591 415 1630; x_wconf 83' lang='lat'>10</span> 
     </span>
    </p>
   </div>
   <div class='ocr_carea' id='block_1_2' title="bbox 365 2125 416 2163">
    <p class='ocr_par' dir='ltr' id='par_1_2' title="bbox 365 2125 416 2163">
     <span class='ocr_line' id='line_1_2' title="bbox 365 2125 416 2163; baseline 0 0"><span class='ocrx_word' id='word_1_2' title='bbox 365 2125 416 2163; x_wconf 81' lang='lat'>15</span> 
     </span>
    </p>
   </div>
   <div class='ocr_carea' id='block_1_3' title="bbox 1189 409 2750 480">
    <p class='ocr_par' dir='ltr' id='par_1_3' title="bbox 1189 409 2750 480">
     <span class='ocr_line' id='line_1_3' title="bbox 1189 409 2750 480; baseline 0.006 -17"><span class='ocrx_word' id='word_1_3' title='bbox 1189 409 1718 480; x_wconf 81' lang='lat' dir='ltr'><strong>epistularum</strong></span> <span class='ocrx_word' id='word_1_4' title='bbox 1773 411 2058 464; x_wconf 82' lang='lat' dir='ltr'>LXXXIX..</span> <span class='ocrx_word' id='word_1_5' title='bbox 2620 417 2750 479; x_wconf 83' lang='lat'>423</span> 
     </span>
    </p>
   </div>
   <div class='ocr_carea' id='block_1_4' title="bbox 450 605 2763 2929">
    <p class='ocr_par' dir='ltr' id='par_1_4' title="bbox 450 605 2758 2612">
     <span class='ocr_line' id='line_1_4' title="bbox 452 605 2748 690; baseline 0.002 -21"><span class='ocrx_word' id='word_1_6' title='bbox 452 606 529 670; x_wconf 90' lang='lat' dir='ltr'>de</span> <span class='ocrx_word' id='word_1_7' title='bbox 570 626 694 688; x_wconf 92' lang='lat' dir='ltr'>quo</span> <span class='ocrx_word' id='word_1_8' title='bbox 737 605 979 670; x_wconf 86' lang='lat' dir='ltr'>dictum</span> <span class='ocrx_word' id='word_1_9' title='bbox 1022 609 1147 670; x_wconf 87' lang='lat' dir='ltr'>est:</span> <span class='ocrx_word' id='word_1_10' title='bbox 1196 605 1380 689; x_wconf 90' lang='lat' dir='ltr'>Ipse</span> <span class='ocrx_word' id='word_1_11' title='bbox 1430 610 1574 682; x_wconf 86' lang='lat' dir='ltr'>est,</span> <span class='ocrx_word' id='word_1_12' title='bbox 1626 607 1760 688; x_wconf 91' lang='lat' dir='ltr'>qui</span> <span class='ocrx_word' id='word_1_13' title='bbox 1808 607 2211 690; x_wconf 87' lang='lat' dir='ltr'>baptizat.</span> <span class='ocrx_word' id='word_1_14' title='bbox 2259 607 2521 690; x_wconf 80' lang='lat' dir='ltr'>proinde</span> <span class='ocrx_word' id='word_1_15' title='bbox 2559 609 2748 674; x_wconf 89' lang='lat' dir='ltr'>homo</span> 
     </span>
     <span class='ocr_line' id='line_1_5' title="bbox 450 712 2750 798; baseline 0.001 -21"><span class='ocrx_word' id='word_1_16' title='bbox 450 712 723 796; x_wconf 82' lang='lat' dir='ltr'>quilibet</span> <span class='ocrx_word' id='word_1_17' title='bbox 758 712 1049 778; x_wconf 81' lang='lat' dir='ltr'><strong>minister</strong></span> <span class='ocrx_word' id='word_1_18' title='bbox 1084 713 1391 797; x_wconf 78' lang='lat' dir='ltr'>baptismi</span> <span class='ocrx_word' id='word_1_19' title='bbox 1431 713 1567 778; x_wconf 89' lang='lat' dir='ltr'>eius</span> <span class='ocrx_word' id='word_1_20' title='bbox 1609 714 2136 796; x_wconf 81' lang='lat' dir='ltr'><strong>qualemcumque</strong></span> <span class='ocrx_word' id='word_1_21' title='bbox 2175 715 2484 780; x_wconf 81' lang='lat' dir='ltr'>sarcinam</span> <span class='ocrx_word' id='word_1_22' title='bbox 2521 719 2750 798; x_wconf 82' lang='lat' dir='ltr'>portet,</span> 
     </span>
     <span class='ocr_line' id='line_1_6' title="bbox 451 819 2752 905; baseline 0 -21"><span class='ocrx_word' id='word_1_23' title='bbox 451 839 573 884; x_wconf 94' lang='lat' dir='ltr'>non</span> <span class='ocrx_word' id='word_1_24' title='bbox 640 820 764 884; x_wconf 86' lang='lat' dir='ltr'>iste</span> <span class='ocrx_word' id='word_1_25' title='bbox 832 819 963 898; x_wconf 89' lang='lat' dir='ltr'>sed,</span> <span class='ocrx_word' id='word_1_26' title='bbox 1032 840 1221 902; x_wconf 84' lang='lat' dir='ltr'>super</span> <span class='ocrx_word' id='word_1_27' title='bbox 1278 840 1465 903; x_wconf 90' lang='lat' dir='ltr'>quem</span> <span class='ocrx_word' id='word_1_28' title='bbox 1524 820 1820 886; x_wconf 88' lang='lat' dir='ltr'>columba</span> <span class='ocrx_word' id='word_1_29' title='bbox 1879 821 2225 899; x_wconf 90' lang='lat' dir='ltr'>descendit,</span> <span class='ocrx_word' id='word_1_30' title='bbox 2282 822 2418 904; x_wconf 91' lang='lat' dir='ltr'>ipse</span> <span class='ocrx_word' id='word_1_31' title='bbox 2473 826 2591 902; x_wconf 87' lang='lat' dir='ltr'>est,</span> <span class='ocrx_word' id='word_1_32' title='bbox 2642 822 2752 905; x_wconf 91' lang='lat' dir='ltr'>qui</span> 
     </span>
     <span class='ocr_line' id='line_1_7' title="bbox 452 926 2751 1012; baseline 0 -21"><span class='ocrx_word' id='word_1_33' title='bbox 452 927 751 1011; x_wconf 89' lang='lat' dir='ltr'>baptizat.</span> <span class='ocrx_word' id='word_1_34' title='bbox 791 926 936 992; x_wconf 88' lang='lat' dir='ltr'>illos</span> <span class='ocrx_word' id='word_1_35' title='bbox 985 931 1199 992; x_wconf 88' lang='lat' dir='ltr'>autem</span> <span class='ocrx_word' id='word_1_36' title='bbox 1238 945 1405 992; x_wconf 88' lang='lat' dir='ltr'>uana</span> <span class='ocrx_word' id='word_1_37' title='bbox 1442 927 1786 992; x_wconf 76' lang='lat' dir='ltr'>sentientes</span> <span class='ocrx_word' id='word_1_38' title='bbox 1826 931 2004 994; x_wconf 87' lang='lat' dir='ltr'>tanta</span> <span class='ocrx_word' id='word_1_39' title='bbox 2041 928 2402 994; x_wconf 80' lang='lat' dir='ltr'>absurditas</span> <span class='ocrx_word' id='word_1_40' title='bbox 2441 929 2751 1012; x_wconf 87' lang='lat' dir='ltr'>sequitur,</span> 
     </span>
     <span class='ocr_line' id='line_1_8' title="bbox 456 1033 2754 1118; baseline 0.001 -21"><span class='ocrx_word' id='word_1_41' title='bbox 456 1038 551 1114; x_wconf 90' lang='lat' dir='ltr'>ut,</span> <span class='ocrx_word' id='word_1_42' title='bbox 619 1053 741 1116; x_wconf 90' lang='lat' dir='ltr'>quo</span> <span class='ocrx_word' id='word_1_43' title='bbox 809 1034 887 1097; x_wconf 87' lang='lat' dir='ltr'>ab</span> <span class='ocrx_word' id='word_1_44' title='bbox 954 1053 1029 1098; x_wconf 86' lang='lat' dir='ltr'>ea</span> <span class='ocrx_word' id='word_1_45' title='bbox 1092 1033 1361 1118; x_wconf 84' lang='lat' dir='ltr'>fugiant,</span> <span class='ocrx_word' id='word_1_46' title='bbox 1428 1053 1551 1098; x_wconf 90' lang='lat' dir='ltr'>non</span> <span class='ocrx_word' id='word_1_47' title='bbox 1607 1033 1955 1098; x_wconf 89' lang='lat' dir='ltr'>inueniant.</span> <span class='ocrx_word' id='word_1_48' title='bbox 2025 1055 2168 1098; x_wconf 90' lang='lat' dir='ltr'>cum</span> <span class='ocrx_word' id='word_1_49' title='bbox 2225 1036 2388 1100; x_wconf 90' lang='lat' dir='ltr'>enim</span> <span class='ocrx_word' id='word_1_50' title='bbox 2435 1037 2754 1100; x_wconf 80' lang='lat' dir='ltr'>fateantur</span> 
     </span>
     <span class='ocr_line' id='line_1_9' title="bbox 456 1142 2752 1226; baseline 0 -21"><span class='ocrx_word' id='word_1_51' title='bbox 456 1144 665 1206; x_wconf 86' lang='lat' dir='ltr'>ratum</span> <span class='ocrx_word' id='word_1_52' title='bbox 726 1145 790 1206; x_wconf 91' lang='lat' dir='ltr'>et</span> <span class='ocrx_word' id='word_1_53' title='bbox 844 1161 1065 1206; x_wconf 90' lang='lat' dir='ltr'>uerum</span> <span class='ocrx_word' id='word_1_54' title='bbox 1122 1161 1262 1206; x_wconf 91' lang='lat' dir='ltr'>esse</span> <span class='ocrx_word' id='word_1_55' title='bbox 1316 1142 1729 1224; x_wconf 89' lang='lat' dir='ltr'>baptismum,</span> <span class='ocrx_word' id='word_1_56' title='bbox 1789 1142 2036 1224; x_wconf 87' lang='lat' dir='ltr'>quando</span> <span class='ocrx_word' id='word_1_57' title='bbox 2094 1142 2374 1226; x_wconf 88' lang='lat' dir='ltr'>baptizat</span> <span class='ocrx_word' id='word_1_58' title='bbox 2429 1143 2596 1226; x_wconf 87' lang='lat' dir='ltr'>apud</span> <span class='ocrx_word' id='word_1_59' title='bbox 2644 1162 2752 1207; x_wconf 90' lang='lat' dir='ltr'>eos</span> 
     </span>
     <span class='ocr_line' id='line_1_10' title="bbox 453 1246 2752 1328; baseline -0.001 -16"><span class='ocrx_word' id='word_1_60' title='bbox 453 1247 683 1328; x_wconf 85' lang='lat' dir='ltr'>aliquis</span> <span class='ocrx_word' id='word_1_61' title='bbox 741 1246 1141 1324; x_wconf 75' lang='lat' dir='ltr'>criminosuS‚</span> <span class='ocrx_word' id='word_1_62' title='bbox 1199 1246 1381 1312; x_wconf 87' lang='lat' dir='ltr'>cuius</span> <span class='ocrx_word' id='word_1_63' title='bbox 1440 1246 1702 1310; x_wconf 89' lang='lat' dir='ltr'>crimina</span> <span class='ocrx_word' id='word_1_64' title='bbox 1755 1246 1976 1322; x_wconf 86' lang='lat' dir='ltr'>latent,</span> <span class='ocrx_word' id='word_1_65' title='bbox 2045 1246 2316 1312; x_wconf 87' lang='lat' dir='ltr'>dicimus</span> <span class='ocrx_word' id='word_1_66' title='bbox 2382 1248 2504 1312; x_wconf 87' lang='lat' dir='ltr'>eis:</span> <span class='ocrx_word' id='word_1_67' title='bbox 2572 1246 2752 1326; x_wconf 89' lang='lat' dir='ltr'>‘Quis</span> 
     </span>
     <span class='ocr_line' id='line_1_11' title="bbox 451 1352 2752 1436; baseline 0 -19"><span class='ocrx_word' id='word_1_68' title='bbox 451 1356 605 1418; x_wconf 88' lang='lat' dir='ltr'>tunc</span> <span class='ocrx_word' id='word_1_69' title='bbox 670 1353 1012 1436; x_wconf 56' lang='lat' dir='ltr'>baptizat?</span> <span class='ocrx_word' id='word_1_70' title='bbox 1076 1371 1191 1418; x_wconf 90' lang='lat' dir='ltr'>nec</span> <span class='ocrx_word' id='word_1_71' title='bbox 1258 1352 1513 1431; x_wconf 91' lang='lat' dir='ltr'>habent,</span> <span class='ocrx_word' id='word_1_72' title='bbox 1580 1352 1733 1435; x_wconf 90' lang='lat' dir='ltr'>quid</span> <span class='ocrx_word' id='word_1_73' title='bbox 1795 1354 2240 1436; x_wconf 80' lang='lat' dir='ltr'>respondeant,</span> <span class='ocrx_word' id='word_1_74' title='bbox 2295 1355 2450 1420; x_wconf 88' lang='lat' dir='ltr'>nisi:</span> <span class='ocrx_word' id='word_1_75' title='bbox 2513 1355 2752 1432; x_wconf 82' lang='lat' dir='ltr'>‘Deus&#39;,</span> 
     </span>
     <span class='ocr_line' id='line_1_12' title="bbox 453 1459 2756 1545; baseline 0 -22"><span class='ocrx_word' id='word_1_76' title='bbox 453 1479 655 1542; x_wconf 88' lang='lat' dir='ltr'>neque</span> <span class='ocrx_word' id='word_1_77' title='bbox 720 1459 885 1523; x_wconf 91' lang='lat' dir='ltr'>enim</span> <span class='ocrx_word' id='word_1_78' title='bbox 951 1462 1224 1541; x_wconf 88' lang='lat' dir='ltr'>possunt</span> <span class='ocrx_word' id='word_1_79' title='bbox 1286 1459 1514 1534; x_wconf 87' lang='lat' dir='ltr'>dicere,</span> <span class='ocrx_word' id='word_1_80' title='bbox 1582 1459 1754 1542; x_wconf 89' lang='lat' dir='ltr'>quod</span> <span class='ocrx_word' id='word_1_81' title='bbox 1817 1460 2006 1524; x_wconf 90' lang='lat' dir='ltr'>homo</span> <span class='ocrx_word' id='word_1_82' title='bbox 2065 1460 2314 1525; x_wconf 89' lang='lat' dir='ltr'>adulter</span> <span class='ocrx_word' id='word_1_83' title='bbox 2366 1479 2756 1545; x_wconf 87' lang='lat' dir='ltr'>quemquam</span> 
     </span>
     <span class='ocr_line' id='line_1_13' title="bbox 454 1564 2752 1651; baseline 0.001 -22"><span class='ocrx_word' id='word_1_84' title='bbox 454 1564 828 1631; x_wconf 87' lang='lat' dir='ltr'>sanctificat.</span> <span class='ocrx_word' id='word_1_85' title='bbox 879 1565 1111 1648; x_wconf 88' lang='lat' dir='ltr'>quibus</span> <span class='ocrx_word' id='word_1_86' title='bbox 1158 1565 1643 1648; x_wconf 90' lang='lat' dir='ltr'>respondemus:</span> <span class='ocrx_word' id='word_1_87' title='bbox 1695 1565 1783 1630; x_wconf 86' lang='lat' dir='ltr'>‘Si</span> <span class='ocrx_word' id='word_1_88' title='bbox 1831 1585 2003 1651; x_wconf 88' lang='lat' dir='ltr'>ergo,</span> <span class='ocrx_word' id='word_1_89' title='bbox 2053 1587 2196 1633; x_wconf 90' lang='lat' dir='ltr'>cum</span> <span class='ocrx_word' id='word_1_90' title='bbox 2246 1568 2530 1651; x_wconf 87' lang='lat' dir='ltr'>baptizat</span> <span class='ocrx_word' id='word_1_91' title='bbox 2564 1568 2752 1634; x_wconf 89' lang='lat' dir='ltr'>homo</span> 
     </span>
     <span class='ocr_line' id='line_1_14' title="bbox 451 1671 2752 1756; baseline 0.002 -21"><span class='ocrx_word' id='word_1_92' title='bbox 451 1671 665 1736; x_wconf 86' lang='lat' dir='ltr'>iustus</span> <span class='ocrx_word' id='word_1_93' title='bbox 712 1672 1113 1748; x_wconf 87' lang='lat' dir='ltr'>manifestus,</span> <span class='ocrx_word' id='word_1_94' title='bbox 1161 1671 1298 1755; x_wconf 90' lang='lat' dir='ltr'>ipse</span> <span class='ocrx_word' id='word_1_95' title='bbox 1347 1671 1722 1750; x_wconf 87' lang='lat' dir='ltr'>sanctificat,</span> <span class='ocrx_word' id='word_1_96' title='bbox 1773 1691 1918 1736; x_wconf 89' lang='lat' dir='ltr'>cum</span> <span class='ocrx_word' id='word_1_97' title='bbox 1967 1675 2180 1737; x_wconf 90' lang='lat' dir='ltr'>autem</span> <span class='ocrx_word' id='word_1_98' title='bbox 2227 1673 2510 1756; x_wconf 87' lang='lat' dir='ltr'>baptizat</span> <span class='ocrx_word' id='word_1_99' title='bbox 2562 1675 2752 1740; x_wconf 89' lang='lat' dir='ltr'>homo</span> 
     </span>
     <span class='ocr_line' id='line_1_15' title="bbox 450 1779 2755 1865; baseline 0.001 -22"><span class='ocrx_word' id='word_1_100' title='bbox 450 1779 709 1860; x_wconf 90' lang='lat' dir='ltr'>iniquus</span> <span class='ocrx_word' id='word_1_101' title='bbox 778 1779 1090 1854; x_wconf 86' lang='lat' dir='ltr'>occultus,</span> <span class='ocrx_word' id='word_1_102' title='bbox 1156 1783 1309 1844; x_wconf 88' lang='lat' dir='ltr'>tunc</span> <span class='ocrx_word' id='word_1_103' title='bbox 1367 1797 1488 1842; x_wconf 90' lang='lat' dir='ltr'>non</span> <span class='ocrx_word' id='word_1_104' title='bbox 1546 1779 1684 1862; x_wconf 85' lang='lat' dir='ltr'>ipse</span> <span class='ocrx_word' id='word_1_105' title='bbox 1743 1779 1854 1844; x_wconf 90' lang='lat' dir='ltr'>sed</span> <span class='ocrx_word' id='word_1_106' title='bbox 1912 1779 2066 1844; x_wconf 90' lang='lat' dir='ltr'>deus</span> <span class='ocrx_word' id='word_1_107' title='bbox 2117 1779 2486 1859; x_wconf 89' lang='lat' dir='ltr'>sanctificat,</span> <span class='ocrx_word' id='word_1_108' title='bbox 2539 1785 2755 1865; x_wconf 87' lang='lat' dir='ltr'>opta-re</span> 
     </span>
     <span class='ocr_line' id='line_1_16' title="bbox 455 1884 2754 1971; baseline 0.002 -23"><span class='ocrx_word' id='word_1_109' title='bbox 455 1884 705 1960; x_wconf 88' lang='lat' dir='ltr'>debent,</span> <span class='ocrx_word' id='word_1_110' title='bbox 773 1884 883 1968; x_wconf 89' lang='lat' dir='ltr'>qui</span> <span class='ocrx_word' id='word_1_111' title='bbox 946 1885 1367 1968; x_wconf 86' lang='lat' dir='ltr'>baptizantur,</span> <span class='ocrx_word' id='word_1_112' title='bbox 1427 1886 1503 1949; x_wconf 89' lang='lat' dir='ltr'>ab</span> <span class='ocrx_word' id='word_1_113' title='bbox 1562 1885 1836 1952; x_wconf 88' lang='lat' dir='ltr'>occultis</span> <span class='ocrx_word' id='word_1_114' title='bbox 1893 1886 2080 1950; x_wconf 88' lang='lat' dir='ltr'>malis</span> <span class='ocrx_word' id='word_1_115' title='bbox 2129 1887 2492 1952; x_wconf 89' lang='lat' dir='ltr'>hominibus</span> <span class='ocrx_word' id='word_1_116' title='bbox 2538 1887 2754 1971; x_wconf 89' lang='lat' dir='ltr'>potius</span> 
     </span>
     <span class='ocr_line' id='line_1_17' title="bbox 452 1991 2754 2073; baseline 0.001 -17"><span class='ocrx_word' id='word_1_117' title='bbox 452 1991 761 2073; x_wconf 85' lang='lat' dir='ltr'>baptizari</span> <span class='ocrx_word' id='word_1_118' title='bbox 811 2011 999 2073; x_wconf 88' lang='lat' dir='ltr'>quam</span> <span class='ocrx_word' id='word_1_119' title='bbox 1049 2011 1086 2056; x_wconf 88' lang='lat' dir='ltr'>a</span> <span class='ocrx_word' id='word_1_120' title='bbox 1130 1991 1487 2056; x_wconf 87' lang='lat' dir='ltr'>manifestis</span> <span class='ocrx_word' id='word_1_121' title='bbox 1536 1991 1748 2068; x_wconf 86' lang='lat' dir='ltr'>bonis;</span> <span class='ocrx_word' id='word_1_122' title='bbox 1815 1993 2092 2057; x_wconf 88' lang='lat' dir='ltr'>multum</span> <span class='ocrx_word' id='word_1_123' title='bbox 2154 1993 2320 2058; x_wconf 87' lang='lat' dir='ltr'>enim</span> <span class='ocrx_word' id='word_1_124' title='bbox 2369 2012 2475 2058; x_wconf 86' lang='lat' dir='ltr'>eos</span> <span class='ocrx_word' id='word_1_125' title='bbox 2523 1995 2754 2060; x_wconf 89' lang='lat' dir='ltr'>melius</span> 
     </span>
     <span class='ocr_line' id='line_1_18' title="bbox 457 2098 2756 2182; baseline 0.002 -20"><span class='ocrx_word' id='word_1_126' title='bbox 457 2099 613 2162; x_wconf 88' lang='lat' dir='ltr'>deus</span> <span class='ocrx_word' id='word_1_127' title='bbox 662 2117 851 2181; x_wconf 89' lang='lat' dir='ltr'>quam</span> <span class='ocrx_word' id='word_1_128' title='bbox 899 2099 1168 2180; x_wconf 87' lang='lat' dir='ltr'>quilibet</span> <span class='ocrx_word' id='word_1_129' title='bbox 1204 2099 1391 2164; x_wconf 89' lang='lat' dir='ltr'>homo</span> <span class='ocrx_word' id='word_1_130' title='bbox 1431 2099 1644 2164; x_wconf 90' lang='lat' dir='ltr'>iustus</span> <span class='ocrx_word' id='word_1_131' title='bbox 1683 2098 2056 2164; x_wconf 87' lang='lat' dir='ltr'>sanctificat.</span> <span class='ocrx_word' id='word_1_132' title='bbox 2107 2100 2275 2182; x_wconf 92' lang='lat' dir='ltr'>quod</span> <span class='ocrx_word' id='word_1_133' title='bbox 2315 2101 2370 2164; x_wconf 90' lang='lat' dir='ltr'>si</span> <span class='ocrx_word' id='word_1_134' title='bbox 2409 2102 2756 2167; x_wconf 89' lang='lat' dir='ltr'>absurdum</span> 
     </span>
     <span class='ocr_line' id='line_1_19' title="bbox 455 2205 2756 2291; baseline 0.002 -23"><span class='ocrx_word' id='word_1_135' title='bbox 455 2208 572 2282; x_wconf 86' lang='lat' dir='ltr'>est,</span> <span class='ocrx_word' id='word_1_136' title='bbox 620 2209 695 2268; x_wconf 91' lang='lat' dir='ltr'>ut</span> <span class='ocrx_word' id='word_1_137' title='bbox 742 2205 1010 2288; x_wconf 90' lang='lat' dir='ltr'>quisque</span> <span class='ocrx_word' id='word_1_138' title='bbox 1058 2205 1474 2288; x_wconf 86' lang='lat' dir='ltr'>baptizandus</span> <span class='ocrx_word' id='word_1_139' title='bbox 1524 2209 1704 2287; x_wconf 89' lang='lat' dir='ltr'>optet</span> <span class='ocrx_word' id='word_1_140' title='bbox 1749 2205 1826 2269; x_wconf 89' lang='lat' dir='ltr'>ab</span> <span class='ocrx_word' id='word_1_141' title='bbox 1884 2206 2136 2272; x_wconf 90' lang='lat' dir='ltr'>occulto</span> <span class='ocrx_word' id='word_1_142' title='bbox 2195 2207 2482 2272; x_wconf 88' lang='lat' dir='ltr'>adultero</span> <span class='ocrx_word' id='word_1_143' title='bbox 2540 2207 2756 2291; x_wconf 88' lang='lat' dir='ltr'>potius</span> 
     </span>
     <span class='ocr_line' id='line_1_20' title="bbox 453 2313 2758 2398; baseline 0.002 -22"><span class='ocrx_word' id='word_1_144' title='bbox 453 2313 761 2395; x_wconf 86' lang='lat' dir='ltr'>baptizari</span> <span class='ocrx_word' id='word_1_145' title='bbox 828 2333 1016 2395; x_wconf 87' lang='lat' dir='ltr'>quam</span> <span class='ocrx_word' id='word_1_146' title='bbox 1074 2333 1111 2376; x_wconf 86' lang='lat' dir='ltr'>a</span> <span class='ocrx_word' id='word_1_147' title='bbox 1166 2313 1499 2377; x_wconf 87' lang='lat' dir='ltr'>manifesto</span> <span class='ocrx_word' id='word_1_148' title='bbox 1560 2316 1757 2389; x_wconf 79' lang='lat' dir='ltr'>casto,</span> <span class='ocrx_word' id='word_1_149' title='bbox 1807 2316 2008 2378; x_wconf 88' lang='lat' dir='ltr'>restat</span> <span class='ocrx_word' id='word_1_150' title='bbox 2054 2315 2294 2396; x_wconf 89' lang='lat' dir='ltr'>utique,</span> <span class='ocrx_word' id='word_1_151' title='bbox 2344 2317 2437 2391; x_wconf 91' lang='lat' dir='ltr'>ut,</span> <span class='ocrx_word' id='word_1_152' title='bbox 2487 2314 2758 2398; x_wconf 88' lang='lat' dir='ltr'>quilibet</span> 
     </span>
     <span class='ocr_line' id='line_1_21' title="bbox 451 2419 2750 2503; baseline 0.001 -19"><span class='ocrx_word' id='word_1_153' title='bbox 451 2419 889 2486; x_wconf 87' lang='lat' dir='ltr'>ministrorum</span> <span class='ocrx_word' id='word_1_154' title='bbox 954 2421 1283 2486; x_wconf 87' lang='lat' dir='ltr'>hominum</span> <span class='ocrx_word' id='word_1_155' title='bbox 1349 2420 1710 2499; x_wconf 87' lang='lat' dir='ltr'>accesserit,</span> <span class='ocrx_word' id='word_1_156' title='bbox 1777 2420 1918 2484; x_wconf 90' lang='lat' dir='ltr'>ideo</span> <span class='ocrx_word' id='word_1_157' title='bbox 1985 2425 2161 2486; x_wconf 88' lang='lat' dir='ltr'>ratus</span> <span class='ocrx_word' id='word_1_158' title='bbox 2228 2421 2315 2485; x_wconf 89' lang='lat' dir='ltr'>sit</span> <span class='ocrx_word' id='word_1_159' title='bbox 2369 2421 2750 2503; x_wconf 81' lang='lat' dir='ltr'>baptismuS‚</span> 
     </span>
     <span class='ocr_line' id='line_1_22' title="bbox 456 2526 2375 2612; baseline 0.001 -22"><span class='ocrx_word' id='word_1_160' title='bbox 456 2526 624 2608; x_wconf 89' lang='lat' dir='ltr'>quia,</span> <span class='ocrx_word' id='word_1_161' title='bbox 674 2546 867 2608; x_wconf 88' lang='lat' dir='ltr'>super</span> <span class='ocrx_word' id='word_1_162' title='bbox 913 2546 1101 2608; x_wconf 90' lang='lat' dir='ltr'>quem</span> <span class='ocrx_word' id='word_1_163' title='bbox 1151 2526 1444 2591; x_wconf 89' lang='lat' dir='ltr'>columba</span> <span class='ocrx_word' id='word_1_164' title='bbox 1490 2526 1841 2605; x_wconf 89' lang='lat' dir='ltr'>descendit,</span> <span class='ocrx_word' id='word_1_165' title='bbox 1889 2527 2026 2609; x_wconf 89' lang='lat' dir='ltr'>ipse</span> <span class='ocrx_word' id='word_1_166' title='bbox 2072 2527 2375 2612; x_wconf 87' lang='lat' dir='ltr'>baptizat.</span> 
     </span>
    </p>

    <p class='ocr_par' dir='ltr' id='par_1_5' title="bbox 453 2633 2763 2929">
     <span class='ocr_line' id='line_1_23' title="bbox 545 2633 2763 2716; baseline 0 -19"><span class='ocrx_word' id='word_1_167' title='bbox 545 2634 627 2697; x_wconf 87' lang='lat' dir='ltr'>Et</span> <span class='ocrx_word' id='word_1_168' title='bbox 671 2638 884 2698; x_wconf 89' lang='lat' dir='ltr'>tamen</span> <span class='ocrx_word' id='word_1_169' title='bbox 935 2653 1082 2698; x_wconf 90' lang='lat' dir='ltr'>cum</span> <span class='ocrx_word' id='word_1_170' title='bbox 1130 2637 1261 2698; x_wconf 84' lang='lat' dir='ltr'>tam</span> <span class='ocrx_word' id='word_1_171' title='bbox 1307 2633 1646 2716; x_wconf 88' lang='lat' dir='ltr'>perspicua</span> <span class='ocrx_word' id='word_1_172' title='bbox 1691 2634 1932 2698; x_wconf 87' lang='lat' dir='ltr'>ueritas</span> <span class='ocrx_word' id='word_1_173' title='bbox 1981 2653 2164 2698; x_wconf 89' lang='lat' dir='ltr'>aures</span> <span class='ocrx_word' id='word_1_174' title='bbox 2213 2637 2278 2698; x_wconf 92' lang='lat' dir='ltr'>et</span> <span class='ocrx_word' id='word_1_175' title='bbox 2325 2633 2514 2698; x_wconf 86' lang='lat' dir='ltr'>corda</span> <span class='ocrx_word' id='word_1_176' title='bbox 2559 2633 2763 2700; x_wconf 88' lang='lat' dir='ltr'>homi-</span> 
     </span>
     <span class='ocr_line' id='line_1_24' title="bbox 454 2737 2758 2825; baseline 0 -20"><span class='ocrx_word' id='word_1_177' title='bbox 454 2760 604 2806; x_wconf 89' lang='lat' dir='ltr'>num</span> <span class='ocrx_word' id='word_1_178' title='bbox 660 2739 864 2817; x_wconf 87' lang='lat' dir='ltr'>feriat,</span> <span class='ocrx_word' id='word_1_179' title='bbox 920 2742 1097 2803; x_wconf 90' lang='lat' dir='ltr'>tanta</span> <span class='ocrx_word' id='word_1_180' title='bbox 1154 2737 1462 2821; x_wconf 87' lang='lat' dir='ltr'>quosdam</span> <span class='ocrx_word' id='word_1_181' title='bbox 1518 2738 1726 2803; x_wconf 88' lang='lat' dir='ltr'>malae</span> <span class='ocrx_word' id='word_1_182' title='bbox 1785 2738 2262 2804; x_wconf 86' lang='lat' dir='ltr'>consuetudinis</span> <span class='ocrx_word' id='word_1_183' title='bbox 2319 2759 2554 2825; x_wconf 89' lang='lat' dir='ltr'>uorago</span> <span class='ocrx_word' id='word_1_184' title='bbox 2614 2742 2758 2806; x_wconf 85' lang='lat' dir='ltr'>sub-</span> 
     </span>
     <span class='ocr_line' id='line_1_25' title="bbox 453 2845 2758 2929; baseline 0.001 -18"><span class='ocrx_word' id='word_1_185' title='bbox 453 2847 695 2923; x_wconf 89' lang='lat' dir='ltr'>mersit,</span> <span class='ocrx_word' id='word_1_186' title='bbox 788 2850 863 2911; x_wconf 89' lang='lat' dir='ltr'>ut</span> <span class='ocrx_word' id='word_1_187' title='bbox 946 2845 1238 2911; x_wconf 88' lang='lat' dir='ltr'>omnibus</span> <span class='ocrx_word' id='word_1_188' title='bbox 1322 2845 1813 2910; x_wconf 86' lang='lat' dir='ltr'>auctoritatibus</span> <span class='ocrx_word' id='word_1_189' title='bbox 1895 2845 2380 2929; x_wconf 88' lang='lat' dir='ltr'>rationibusque</span> <span class='ocrx_word' id='word_1_190' title='bbox 2461 2848 2758 2914; x_wconf 87' lang='lat' dir='ltr'>resistere</span> 
     </span>
    </p>
   </div>
   <div class='ocr_carea' id='block_1_5' title="bbox 410 2951 2760 3038">
    <p class='ocr_par' dir='ltr' id='par_1_6' title="bbox 410 2951 2760 3038">
     <span class='ocr_line' id='line_1_26' title="bbox 410 2951 2760 3038; baseline 0 -20"><span class='ocrx_word' id='word_1_191' title='bbox 410 2974 413 2978; x_wconf 92' lang='grc'><em>·</em></span> <span class='ocrx_word' id='word_1_192' title='bbox 455 2971 645 3038; x_wconf 87' lang='lat' dir='ltr'>quam</span> <span class='ocrx_word' id='word_1_193' title='bbox 693 2953 1047 3019; x_wconf 87' lang='lat' dir='ltr'>consentire</span> <span class='ocrx_word' id='word_1_194' title='bbox 1094 2953 1340 3017; x_wconf 88' lang='lat' dir='ltr'>malint.</span> <span class='ocrx_word' id='word_1_195' title='bbox 1406 2951 1717 3017; x_wconf 86' lang='lat' dir='ltr'>resistunt</span> <span class='ocrx_word' id='word_1_196' title='bbox 1771 2957 1986 3017; x_wconf 89' lang='lat' dir='ltr'>autem</span> <span class='ocrx_word' id='word_1_197' title='bbox 2044 2952 2292 3018; x_wconf 89' lang='lat' dir='ltr'>duobus</span> <span class='ocrx_word' id='word_1_198' title='bbox 2349 2954 2583 3020; x_wconf 86' lang='lat' dir='ltr'>modis:</span> <span class='ocrx_word' id='word_1_199' title='bbox 2649 2958 2760 3020; x_wconf 89' lang='lat' dir='ltr'>aut</span> 
     </span>
    </p>
   </div>
   <div class='ocr_carea' id='block_1_6' title="bbox 456 3058 2758 3144">
    <p class='ocr_par' dir='ltr' id='par_1_7' title="bbox 456 3058 2758 3144">
     <span class='ocr_line' id='line_1_27' title="bbox 456 3058 2758 3144; baseline 0 -18"><span class='ocrx_word' id='word_1_200' title='bbox 456 3061 795 3127; x_wconf 87' lang='lat' dir='ltr'>saeuiendo</span> <span class='ocrx_word' id='word_1_201' title='bbox 862 3063 973 3124; x_wconf 88' lang='lat' dir='ltr'>aut</span> <span class='ocrx_word' id='word_1_202' title='bbox 1036 3059 1471 3144; x_wconf 87' lang='lat' dir='ltr'>pigrescendo.</span> <span class='ocrx_word' id='word_1_203' title='bbox 1549 3059 1702 3143; x_wconf 88' lang='lat' dir='ltr'>quid</span> <span class='ocrx_word' id='word_1_204' title='bbox 1765 3058 1964 3144; x_wconf 85' lang='lat' dir='ltr'>igitur</span> <span class='ocrx_word' id='word_1_205' title='bbox 2029 3059 2130 3124; x_wconf 92' lang='lat' dir='ltr'>hic</span> <span class='ocrx_word' id='word_1_206' title='bbox 2199 3060 2390 3125; x_wconf 88' lang='lat' dir='ltr'>faciat</span> <span class='ocrx_word' id='word_1_207' title='bbox 2455 3061 2758 3126; x_wconf 87' lang='lat' dir='ltr'>ecclesiae</span> 
     </span>
    </p>
   </div>
   <div class='ocr_carea' id='block_1_7' title="bbox 392 3165 2760 3249">
    <p class='ocr_par' dir='ltr' id='par_1_8' title="bbox 392 3165 2760 3249">
     <span class='ocr_line' id='line_1_28' title="bbox 392 3165 2760 3249; baseline 0 -17"><span class='ocrx_word' id='word_1_208' title='bbox 392 3194 417 3232; x_wconf 82' lang='lat'>5</span> <span class='ocrx_word' id='word_1_209' title='bbox 455 3167 771 3232; x_wconf 88' lang='lat' dir='ltr'>medicina</span> <span class='ocrx_word' id='word_1_210' title='bbox 829 3168 1104 3231; x_wconf 87' lang='lat' dir='ltr'>salutem</span> <span class='ocrx_word' id='word_1_211' title='bbox 1162 3165 1444 3230; x_wconf 91' lang='lat' dir='ltr'>omnium</span> <span class='ocrx_word' id='word_1_212' title='bbox 1500 3170 1783 3231; x_wconf 87' lang='lat' dir='ltr'>materna</span> <span class='ocrx_word' id='word_1_213' title='bbox 1849 3167 2112 3230; x_wconf 88' lang='lat' dir='ltr'>caritate</span> <span class='ocrx_word' id='word_1_214' title='bbox 2178 3167 2553 3249; x_wconf 86' lang='lat' dir='ltr'>conquirens</span> <span class='ocrx_word' id='word_1_215' title='bbox 2599 3171 2760 3232; x_wconf 88' lang='lat' dir='ltr'>tam-</span> 
     </span>
    </p>
   </div>
   <div class='ocr_carea' id='block_1_8' title="bbox 456 3272 2760 3464">
    <p class='ocr_par' dir='ltr' id='par_1_9' title="bbox 456 3272 2760 3464">
     <span class='ocr_line' id='line_1_29' title="bbox 456 3272 2760 3356; baseline 0 -18"><span class='ocrx_word' id='word_1_216' title='bbox 456 3293 646 3356; x_wconf 88' lang='lat' dir='ltr'>quam</span> <span class='ocrx_word' id='word_1_217' title='bbox 718 3274 881 3338; x_wconf 88' lang='lat' dir='ltr'>inter</span> <span class='ocrx_word' id='word_1_218' title='bbox 952 3273 1354 3355; x_wconf 89' lang='lat' dir='ltr'>phreneticos</span> <span class='ocrx_word' id='word_1_219' title='bbox 1430 3276 1495 3337; x_wconf 92' lang='lat' dir='ltr'>et</span> <span class='ocrx_word' id='word_1_220' title='bbox 1564 3272 1950 3356; x_wconf 88' lang='lat' dir='ltr'>lethargicos</span> <span class='ocrx_word' id='word_1_221' title='bbox 2024 3275 2366 3338; x_wconf 85' lang='lat' dir='ltr'>aestuans?</span> <span class='ocrx_word' id='word_1_222' title='bbox 2447 3275 2760 3356; x_wconf 89' lang='lat' dir='ltr'>numquid</span> 
     </span>
     <span class='ocr_line' id='line_1_30' title="bbox 456 3379 2756 3464; baseline 0 -19"><span class='ocrx_word' id='word_1_223' title='bbox 456 3384 875 3458; x_wconf 87' lang='lat' dir='ltr'>contemnere,</span> <span class='ocrx_word' id='word_1_224' title='bbox 924 3379 1232 3462; x_wconf 88' lang='lat' dir='ltr'>numquid</span> <span class='ocrx_word' id='word_1_225' title='bbox 1279 3379 1587 3444; x_wconf 86' lang='lat' dir='ltr'>desistere</span> <span class='ocrx_word' id='word_1_226' title='bbox 1635 3381 1740 3444; x_wconf 91' lang='lat' dir='ltr'>uel</span> <span class='ocrx_word' id='word_1_227' title='bbox 1787 3379 1975 3444; x_wconf 89' lang='lat' dir='ltr'>debet</span> <span class='ocrx_word' id='word_1_228' title='bbox 2019 3381 2127 3445; x_wconf 89' lang='lat' dir='ltr'>uel</span> <span class='ocrx_word' id='word_1_229' title='bbox 2165 3383 2420 3463; x_wconf 78' lang='lat' dir='ltr'>potest?</span> <span class='ocrx_word' id='word_1_230' title='bbox 2469 3381 2756 3464; x_wconf 90' lang='lat' dir='ltr'>utrisque</span> 
     </span>
    </p>
   </div>
   <div class='ocr_carea' id='block_1_9' title="bbox 454 3605 2766 4372">
    <p class='ocr_par' dir='ltr' id='par_1_10' title="bbox 454 3605 2760 3765">
     <span class='ocr_line' id='line_1_31' title="bbox 528 3605 2760 3677; baseline -0 -16"><span class='ocrx_word' id='word_1_231' title='bbox 528 3608 560 3661; x_wconf 80' lang='lat'><strong>3</strong></span> <span class='ocrx_word' id='word_1_232' title='bbox 597 3607 703 3660; x_wconf 88' lang='lat' dir='ltr'>iste</span> <span class='ocrx_word' id='word_1_233' title='bbox 744 3611 828 3660; x_wconf 87' lang='lat' dir='ltr'>est</span> <span class='ocrx_word' id='word_1_234' title='bbox 864 3606 961 3660; x_wconf 88' lang='lat' dir='ltr'>sed</span> <span class='ocrx_word' id='word_1_235' title='bbox 989 3606 1044 3658; x_wconf 92' lang='lat' dir='ltr'><em>P</em></span> <span class='ocrx_word' id='word_1_236' title='bbox 1148 3607 1180 3660; x_wconf 85' lang='lat'>5</span> <span class='ocrx_word' id='word_1_237' title='bbox 1220 3605 1287 3660; x_wconf 87' lang='lat' dir='ltr'>ab</span> <span class='ocrx_word' id='word_1_238' title='bbox 1329 3611 1393 3658; x_wconf 71' lang='lat' dir='ltr'>ea</span> <span class='ocrx_word' id='word_1_239' title='bbox 1428 3607 1528 3677; x_wconf 62' lang='lat' dir='ltr'>(ev</span> <span class='ocrx_word' id='word_1_240' title='bbox 1568 3605 1732 3672; x_wconf 74' lang='lat' dir='ltr'>erae.)</span> <span class='ocrx_word' id='word_1_241' title='bbox 1763 3605 1816 3658; x_wconf 92' lang='lat' dir='ltr'><em>P</em></span> <span class='ocrx_word' id='word_1_242' title='bbox 1911 3606 1944 3659; x_wconf 87' lang='lat'>8</span> <span class='ocrx_word' id='word_1_243' title='bbox 1983 3606 2077 3675; x_wconf 90' lang='lat' dir='ltr'>qui</span> <span class='ocrx_word' id='word_1_244' title='bbox 2101 3605 2164 3659; x_wconf 82' lang='lat' dir='ltr'><em>F</em></span> <span class='ocrx_word' id='word_1_245' title='bbox 2271 3606 2336 3661; x_wconf 91' lang='lat'>10</span> <span class='ocrx_word' id='word_1_246' title='bbox 2373 3607 2677 3660; x_wconf 79' lang='lat' dir='ltr'>sanctificet</span> <span class='ocrx_word' id='word_1_247' title='bbox 2704 3607 2760 3660; x_wconf 74' lang='lat' dir='ltr'><em>R</em></span> 
     </span>
     <span class='ocr_line' id='line_1_32' title="bbox 454 3695 2760 3765; baseline 0.001 -17"><span class='ocrx_word' id='word_1_248' title='bbox 454 3695 578 3749; x_wconf 77' lang='lat' dir='ltr'>edd.</span> <span class='ocrx_word' id='word_1_249' title='bbox 692 3696 759 3749; x_wconf 84' lang='lat'>12</span> <span class='ocrx_word' id='word_1_250' title='bbox 796 3696 937 3765; x_wconf 86' lang='lat' dir='ltr'>ipse]</span> <span class='ocrx_word' id='word_1_251' title='bbox 978 3695 1093 3764; x_wconf 83' lang='lat' dir='ltr'>ipse</span> <span class='ocrx_word' id='word_1_252' title='bbox 1132 3711 1189 3748; x_wconf 73' lang='lat' dir='ltr'>nc</span> <span class='ocrx_word' id='word_1_253' title='bbox 1229 3699 1309 3762; x_wconf 87' lang='lat' dir='ltr'>(se</span> <span class='ocrx_word' id='word_1_254' title='bbox 1347 3711 1467 3762; x_wconf 80' lang='lat' dir='ltr'>exp.</span> <span class='ocrx_word' id='word_1_255' title='bbox 1505 3711 1573 3747; x_wconf 83' lang='lat' dir='ltr'>m.</span> <span class='ocrx_word' id='word_1_256' title='bbox 1594 3697 1652 3760; x_wconf 83' lang='lat'>2)</span> <span class='ocrx_word' id='word_1_257' title='bbox 1690 3695 1746 3749; x_wconf 88' lang='lat' dir='ltr'><strong><em>R</em></strong></span> <span class='ocrx_word' id='word_1_258' title='bbox 1859 3695 1925 3750; x_wconf 86' lang='lat'>14</span> <span class='ocrx_word' id='word_1_259' title='bbox 1961 3695 2134 3748; x_wconf 86' lang='lat' dir='ltr'>multo</span> <span class='ocrx_word' id='word_1_260' title='bbox 2166 3695 2286 3749; x_wconf 74' lang='lat' dir='ltr'>MA</span> <span class='ocrx_word' id='word_1_261' title='bbox 2325 3695 2444 3749; x_wconf 81' lang='lat' dir='ltr'>edd.</span> <span class='ocrx_word' id='word_1_262' title='bbox 2473 3701 2760 3764; x_wconf 75' lang='lat' dir='ltr'>praetera</span> 
     </span>
    </p>

    <p class='ocr_par' dir='ltr' id='par_1_11' title="bbox 454 3783 2766 4372">
     <span class='ocr_line' id='line_1_33' title="bbox 531 3783 2757 3854; baseline 0.001 -17"><span class='ocrx_word' id='word_1_263' title='bbox 531 3802 621 3838; x_wconf 83' lang='lat' dir='ltr'>eos</span> <span class='ocrx_word' id='word_1_264' title='bbox 660 3801 763 3840; x_wconf 86' lang='lat' dir='ltr'>om.</span> <span class='ocrx_word' id='word_1_265' title='bbox 802 3784 926 3838; x_wconf 84' lang='lat' dir='ltr'>MP</span> <span class='ocrx_word' id='word_1_266' title='bbox 960 3783 1113 3850; x_wconf 80' lang='lat' dir='ltr'>(add.</span> <span class='ocrx_word' id='word_1_267' title='bbox 1150 3801 1221 3838; x_wconf 85' lang='lat' dir='ltr'>m.</span> <span class='ocrx_word' id='word_1_268' title='bbox 1241 3789 1290 3851; x_wconf 85' lang='lat'>1)</span> <span class='ocrx_word' id='word_1_269' title='bbox 1424 3784 1487 3838; x_wconf 87' lang='lat'>15</span> <span class='ocrx_word' id='word_1_270' title='bbox 1529 3801 1688 3854; x_wconf 84' lang='lat' dir='ltr'>quam</span> <span class='ocrx_word' id='word_1_271' title='bbox 1731 3783 1985 3854; x_wconf 87' lang='lat' dir='ltr'>quilibet]</span> <span class='ocrx_word' id='word_1_272' title='bbox 2027 3784 2332 3853; x_wconf 82' lang='lat' dir='ltr'>quamlibet</span> <span class='ocrx_word' id='word_1_273' title='bbox 2369 3783 2429 3837; x_wconf 81' lang='lat' dir='ltr'><em>F</em></span> <span class='ocrx_word' id='word_1_274' title='bbox 2568 3785 2613 3838; x_wconf 88' lang='lat' dir='ltr'>si</span> <span class='ocrx_word' id='word_1_275' title='bbox 2654 3802 2757 3840; x_wconf 86' lang='lat' dir='ltr'>om.</span> 
     </span>
     <span class='ocr_line' id='line_1_34' title="bbox 456 3872 2757 3942; baseline 0 -15"><span class='ocrx_word' id='word_1_276' title='bbox 456 3873 635 3928; x_wconf 74' lang='lat' dir='ltr'>MFA</span> <span class='ocrx_word' id='word_1_277' title='bbox 749 3874 814 3926; x_wconf 91' lang='grc'>16</span> <span class='ocrx_word' id='word_1_278' title='bbox 854 3875 1072 3942; x_wconf 90' lang='lat' dir='ltr'>oportet</span> <span class='ocrx_word' id='word_1_279' title='bbox 1106 3873 1161 3926; x_wconf 82' lang='lat' dir='ltr'><strong><em>A</em></strong></span> <span class='ocrx_word' id='word_1_280' title='bbox 1269 3873 1452 3942; x_wconf 83' lang='lat' dir='ltr'>potius</span> <span class='ocrx_word' id='word_1_281' title='bbox 1491 3890 1592 3928; x_wconf 83' lang='lat' dir='ltr'>om..</span> <span class='ocrx_word' id='word_1_282' title='bbox 1623 3872 1698 3926; x_wconf 88' lang='grc' dir='ltr'><strong>Μ</strong></span> <span class='ocrx_word' id='word_1_283' title='bbox 1805 3873 1870 3926; x_wconf 86' lang='grc'>17</span> <span class='ocrx_word' id='word_1_284' title='bbox 1911 3873 2202 3936; x_wconf 83' lang='lat' dir='ltr'>babtizare,</span> <span class='ocrx_word' id='word_1_285' title='bbox 2243 3889 2382 3928; x_wconf 74' lang='lat' dir='ltr'>corr.</span> <span class='ocrx_word' id='word_1_286' title='bbox 2421 3892 2486 3928; x_wconf 86' lang='lat' dir='ltr'>m.</span> <span class='ocrx_word' id='word_1_287' title='bbox 2509 3879 2540 3926; x_wconf 86' lang='lat'><strong><em>1</em></strong></span> <span class='ocrx_word' id='word_1_288' title='bbox 2575 3873 2757 3928; x_wconf 85' lang='lat' dir='ltr'>babti-</span> 
     </span>
     <span class='ocr_line' id='line_1_35' title="bbox 454 3962 2766 4028; baseline 0 -13"><span class='ocrx_word' id='word_1_289' title='bbox 454 3964 564 4016; x_wconf 88' lang='lat' dir='ltr'>zari</span> <span class='ocrx_word' id='word_1_290' title='bbox 602 3962 675 4015; x_wconf 81' lang='lat' dir='ltr'><strong><em>M</em></strong></span> <span class='ocrx_word' id='word_1_291' title='bbox 854 3962 918 4014; x_wconf 90' lang='grc'>18</span> <span class='ocrx_word' id='word_1_292' title='bbox 966 3963 1323 4016; x_wconf 79' lang='lat' dir='ltr'>accesseritml</span> <span class='ocrx_word' id='word_1_293' title='bbox 1373 3965 1509 4028; x_wconf 77' lang='lat' dir='ltr'>(rae.</span> <span class='ocrx_word' id='word_1_294' title='bbox 1556 3966 1696 4016; x_wconf 86' lang='lat'>1—2</span> <span class='ocrx_word' id='word_1_295' title='bbox 1742 3963 1800 4028; x_wconf 86' lang='grc' dir='ltr'>Ζ.)</span> <span class='ocrx_word' id='word_1_296' title='bbox 1850 3962 1972 4016; x_wconf 81' lang='lat' dir='ltr'>ideo</span> <span class='ocrx_word' id='word_1_297' title='bbox 2026 3966 2074 4028; x_wconf 91' lang='lat' dir='ltr'>(t</span> <span class='ocrx_word' id='word_1_298' title='bbox 2109 3963 2233 4016; x_wconf 91' lang='lat' dir='ltr'>ideo</span> <span class='ocrx_word' id='word_1_299' title='bbox 2271 3963 2334 4016; x_wconf 76' lang='lat' dir='ltr'>in</span> <span class='ocrx_word' id='word_1_300' title='bbox 2369 3979 2484 4016; x_wconf 74' lang='lat' dir='ltr'>ras,</span> <span class='ocrx_word' id='word_1_301' title='bbox 2523 3979 2590 4016; x_wconf 85' lang='lat' dir='ltr'>m.</span> <span class='ocrx_word' id='word_1_302' title='bbox 2613 3967 2663 4028; x_wconf 91' lang='grc'>1)</span> <span class='ocrx_word' id='word_1_303' title='bbox 2707 3962 2766 4015; x_wconf 69' lang='lat'>1⁴*</span> 
     </span>
     <span class='ocr_line' id='line_1_36' title="bbox 460 4049 2759 4116; baseline 0 -12"><span class='ocrx_word' id='word_1_304' title='bbox 460 4053 525 4106; x_wconf 90' lang='grc'>19</span> <span class='ocrx_word' id='word_1_305' title='bbox 565 4050 847 4104; x_wconf 83' lang='lat' dir='ltr'>descendit</span> <span class='ocrx_word' id='word_1_306' title='bbox 884 4049 1134 4106; x_wconf 88' lang='lat' dir='ltr'>columba</span> <span class='ocrx_word' id='word_1_307' title='bbox 1170 4049 1290 4106; x_wconf 83' lang='lat' dir='ltr'>edd.</span> <span class='ocrx_word' id='word_1_308' title='bbox 1448 4052 1515 4104; x_wconf 90' lang='lat'>21</span> <span class='ocrx_word' id='word_1_309' title='bbox 1556 4051 1703 4105; x_wconf 86' lang='lat' dir='ltr'>mala</span> <span class='ocrx_word' id='word_1_310' title='bbox 1740 4052 1794 4104; x_wconf 91' lang='lat' dir='ltr'><strong><em>P</em></strong></span> <span class='ocrx_word' id='word_1_311' title='bbox 1943 4053 2010 4106; x_wconf 83' lang='lat'>23</span> <span class='ocrx_word' id='word_1_312' title='bbox 2048 4051 2290 4116; x_wconf 67' lang='lat' dir='ltr'>mali-nt,</span> <span class='ocrx_word' id='word_1_313' title='bbox 2325 4051 2422 4104; x_wconf 78' lang='lat' dir='ltr'>sed</span> <span class='ocrx_word' id='word_1_314' title='bbox 2456 4053 2483 4103; x_wconf 87' lang='lat' dir='ltr'>t</span> <span class='ocrx_word' id='word_1_315' title='bbox 2518 4067 2584 4105; x_wconf 75' lang='lat' dir='ltr'>ex</span> <span class='ocrx_word' id='word_1_316' title='bbox 2620 4067 2759 4105; x_wconf 82' lang='lat' dir='ltr'>cor-r.</span> 
     </span>
     <span class='ocr_line' id='line_1_37' title="bbox 458 4138 2765 4210; baseline 0 -17"><span class='ocrx_word' id='word_1_317' title='bbox 458 4143 600 4208; x_wconf 84' lang='lat' dir='ltr'>(m.1</span> <span class='ocrx_word' id='word_1_318' title='bbox 638 4139 689 4207; x_wconf 75' lang='lat'>.?)</span> <span class='ocrx_word' id='word_1_319' title='bbox 729 4139 791 4193; x_wconf 80' lang='lat' dir='ltr'><strong><em>F</em></strong></span> <span class='ocrx_word' id='word_1_320' title='bbox 821 4139 1047 4208; x_wconf 88' lang='lat' dir='ltr'>maligni</span> <span class='ocrx_word' id='word_1_321' title='bbox 1074 4138 1149 4192; x_wconf 88' lang='lat' dir='ltr'><strong><em>M</em></strong></span> <span class='ocrx_word' id='word_1_322' title='bbox 1186 4142 1331 4204; x_wconf 62' lang='lat' dir='ltr'>(212.ss</span> <span class='ocrx_word' id='word_1_323' title='bbox 1368 4139 1581 4204; x_wconf 85' lang='lat' dir='ltr'>malint)</span> <span class='ocrx_word' id='word_1_324' title='bbox 1615 4140 1668 4193; x_wconf 83' lang='grc' dir='ltr'>Α.</span> <span class='ocrx_word' id='word_1_325' title='bbox 1819 4141 1888 4194; x_wconf 85' lang='grc'>24</span> <span class='ocrx_word' id='word_1_326' title='bbox 1926 4139 2061 4210; x_wconf 89' lang='lat' dir='ltr'>quid</span> <span class='ocrx_word' id='word_1_327' title='bbox 2097 4141 2290 4209; x_wconf 77' lang='lat' dir='ltr'>igitur]</span> <span class='ocrx_word' id='word_1_328' title='bbox 2332 4140 2426 4208; x_wconf 89' lang='lat' dir='ltr'>qui</span> <span class='ocrx_word' id='word_1_329' title='bbox 2466 4139 2664 4193; x_wconf 88' lang='lat' dir='ltr'>dicitur</span> <span class='ocrx_word' id='word_1_330' title='bbox 2689 4141 2765 4194; x_wconf 83' lang='lat' dir='ltr'><strong><em>M</em></strong></span> 
     </span>
     <span class='ocr_line' id='line_1_38' title="bbox 456 4227 2758 4297; baseline 0 -16"><span class='ocrx_word' id='word_1_331' title='bbox 456 4229 550 4297; x_wconf 88' lang='lat' dir='ltr'>qui</span> <span class='ocrx_word' id='word_1_332' title='bbox 591 4227 727 4282; x_wconf 86' lang='lat' dir='ltr'>dicit</span> <span class='ocrx_word' id='word_1_333' title='bbox 762 4229 818 4282; x_wconf 79' lang='lat' dir='ltr'><strong><em>A</em></strong></span> <span class='ocrx_word' id='word_1_334' title='bbox 960 4227 1127 4282; x_wconf 86' lang='lat' dir='ltr'>faciet</span> <span class='ocrx_word' id='word_1_335' title='bbox 1164 4227 1219 4280; x_wconf 84' lang='lat' dir='ltr'><em>R</em></span> <span class='ocrx_word' id='word_1_336' title='bbox 1328 4228 1397 4280; x_wconf 78' lang='lat'>25</span> <span class='ocrx_word' id='word_1_337' title='bbox 1436 4227 1760 4282; x_wconf 84' lang='lat' dir='ltr'>medicinam</span> <span class='ocrx_word' id='word_1_338' title='bbox 1788 4229 1864 4282; x_wconf 77' lang='lat' dir='ltr'><em>M</em></span> <span class='ocrx_word' id='word_1_339' title='bbox 1967 4230 2035 4283; x_wconf 87' lang='grc'>26</span> <span class='ocrx_word' id='word_1_340' title='bbox 2075 4229 2238 4297; x_wconf 89' lang='lat' dir='ltr'>inter]</span> <span class='ocrx_word' id='word_1_341' title='bbox 2274 4229 2328 4282; x_wconf 89' lang='lat' dir='ltr'>in</span> <span class='ocrx_word' id='word_1_342' title='bbox 2359 4227 2416 4282; x_wconf 79' lang='lat' dir='ltr'><em>R</em></span> <span class='ocrx_word' id='word_1_343' title='bbox 2524 4229 2590 4281; x_wconf 87' lang='grc'>27</span> <span class='ocrx_word' id='word_1_344' title='bbox 2633 4244 2758 4281; x_wconf 90' lang='lat' dir='ltr'>con·</span> 
     </span>
     <span class='ocr_line' id='line_1_39' title="bbox 456 4317 742 4372; baseline 0.014 -4"><span class='ocrx_word' id='word_1_345' title='bbox 456 4318 649 4370; x_wconf 80' lang='lat' dir='ltr'>sistere</span> <span class='ocrx_word' id='word_1_346' title='bbox 686 4317 742 4372; x_wconf 87' lang='lat' dir='ltr'><em>R</em></span> 
     </span>
    </p>
   </div>
  </div>
 </body>
</html>
