3184 4959
1009 471 1534 540 epistularum
1588 470 1787 524 XLIII.
1832 471 2020 526 XLIV.
2538 476 2665 539 109

364 666 680 730 carnalem
739 666 1050 747 superetis
1109 665 1408 730 affectum
1466 669 1530 730 et
1585 665 1901 731 amicitias
1958 667 2309 742 hominum,
2376 687 2535 750 quae
2597 668 2661 732 in

357 771 600 836 iudicio
659 770 758 837 dei
806 771 964 836 nihil
1008 771 1374 855 proderunt,
1422 791 1532 856 pro
1583 772 1943 838 deuitandis
1992 773 2395 858 sempiternis
2441 773 2661 856 poenis

359 897 480 942 non
541 878 826 943 timeatis
885 877 1212 944 offendere.
1283 897 1428 944 ecce
1485 879 1597 956 ite,
1646 880 1990 958 consulite3
2042 881 2195 964 quid
2242 883 2462 947 contra
2506 882 2663 946 haec

361 989 580 1050 nostra
641 986 895 1068 possint
957 985 1357 1068 respondere,
1423 986 1808 1070 cognoscite.
1876 987 1933 1052 si
1994 989 2325 1070 proferunt
2388 988 2661 1066 chartae,

291 1115 316 1150 ε.
359 1091 742 1176 proferimus
791 1094 1070 1170 chartam
1119 1093 1174 1158 si
1222 1093 1416 1158 falsas
1464 1097 1713 1158 nostras
1762 1112 1902 1159 esse
1960 1094 2202 1172 dicunt,
2251 1094 2373 1160 hoc
2418 1115 2533 1161 nos
2582 1094 2659 1158 de

361 1201 498 1266 suis
530 1200 736 1266 dicere
775 1219 896 1266 non
933 1199 1358 1284 indignentur.
1397 1219 1582 1265 nemo
1615 1200 1783 1265 delet
1812 1201 1889 1266 de
1922 1202 2097 1266 caelo
2138 1201 2657 1267 constitutionem

361 1308 484 1373 dei.
525 1327 708 1373 nemo
737 1308 912 1372 delet
947 1307 1022 1371 de
1060 1310 1228 1371 terra
1274 1307 1611 1372 ecclesiam
1662 1306 1793 1382 (ἰοῖς
1839 1307 1953 1372 ille
1996 1311 2207 1373 totum
2257 1308 2473 1375 orbem
2518 1327 2659 1392 pro-

358 1415 558 1489 misit,
581 1415 710 1480 ista
735 1416 944 1479 totum
977 1415 1190 1480 orbem
1222 1415 1493 1497 repleuit
1523 1417 1588 1478 et
1616 1414 1817 1480 malos
1847 1414 2043 1479 habet
2068 1418 2133 1479 et
2159 1415 2380 1493 bonos,
2404 1414 2512 1479 sed
2542 1434 2657 1480 nec

358 1522 422 1586 in
468 1523 654 1587 terris
703 1522 942 1587 amittit
986 1521 1111 1586 nisi
1155 1519 1358 1586 malos
1407 1539 1521 1585 nec
1567 1521 1631 1586 in
1672 1521 1915 1604 caelum
1957 1521 2239 1586 admittit
2274 1523 2396 1587 nisi
2432 1523 2655 1586 bonoS.

270 1645 318 1682 1⁰
362 1628 482 1693 erit
539 1633 749 1694 autem
808 1629 994 1692 uobis
1041 1629 1146 1692 hic
1195 1647 1422 1706 sermo,
1473 1647 1661 1710 quem
1712 1628 1789 1692 de
1836 1647 2095 1692 munere
2144 1628 2243 1692 dei
2292 1628 2477 1692 nouit
2520 1627 2657 1710 ipse

358 1739 594 1818 quanta
651 1739 716 1799 et
767 1736 943 1819 pacis
991 1738 1056 1801 et
1101 1739 1316 1799 uestra
1362 1733 1698 1799 dilectione
1747 1733 2279 1818 deprompsimus,
2328 1735 2655 1812 correctio,

358 1843 412 1906 si
457 1842 702 1920 uelitis,
749 1841 936 1906 testis
983 1861 1158 1918 uero,
1208 1841 1330 1906 etsi
1377 1840 1617 1906 nolitis.

1389 2034 1612 2098 XLIV.

423 2171 739 2228 DOMINIS
775 2173 1306 2228 DILECTISSIMIS
1345 2173 1438 2227 ΕΤ
1475 2173 2137 2229 PRAEDICABILIBUS
2172 2173 2577 2231 FRATRIBUS

265 2283 316 2321 15
647 2261 983 2326 ELEUSIO,
1024 2261 1296 2318 GLORIO
1335 2261 1424 2316 ΕΤ
1463 2261 1843 2318 FELICIBUS
1882 2261 2359 2318 AUGL‘STINUS.

179 2395 252 2458 11
437 2387 835 2465 Fortunium‚
886 2407 1074 2471 quem
1122 2389 1478 2453 Tubursicu
1519 2389 1769 2453 habetis
1809 2389 2198 2471 episcopum,
2238 2409 2348 2472 per
2386 2389 2645 2454 eandem

349 2495 678 2560 ciuitatem
735 2515 1116 2578 quamquam
1163 2496 1688 2560 festinantissime
1735 2515 1879 2560 cum
1928 2496 2009 2560 ad
2054 2493 2400 2562 cirtensem
2450 2497 2651 2562 eccle-

351 2602 510 2666 siam
569 2619 998 2686 pergeremu3‚
1057 2603 1294 2684 experti
1353 2621 1576 2667 sumus
1624 2603 1717 2666 ita
1764 2601 2037 2680 omnino,
2086 2605 2161 2666 ut
2204 2603 2281 2666 de
2328 2602 2438 2666 illo
2488 2604 2649 2668 sole-

351 2707 435 2773 tis
489 2707 952 2793 benignissime
999 2709 1306 2791 polliceri.
1357 2729 1494 2774 eam
1541 2709 1747 2791 ipsam
1798 2709 2033 2792 quippe
2080 2711 2358 2773 uestram
2407 2709 2482 2772 de
2530 2709 2640 2774 illo

260 2843 313 2882 ιο
349 2815 530 2880 nobis
597 2815 1186 2880 sermocinationem
1253 2835 1398 2881 cum
1465 2817 1522 2880 ei
1587 2815 2093 2881 renuntiaremus
2149 2815 2441 2880 uolentes
2499 2834 2643 2880 eum

345 2921 585 3002 uidere,
643 2941 764 2987 non
818 2921 1058 2987 abnuit.
1123 2923 1416 2987 uenimus
1463 2923 1679 3005 itaque
1730 2921 1805 2986 ad
1856 2941 2022 2999 eum,
2070 2922 2221 3004 quia
2264 2923 2459 2986 aetati
2506 2923 2645 2986 eius

348 3026 410 3090 id
457 3047 496 3090 a
541 3027 724 3093 nobis
772 3028 1180 3094 deferendum
1227 3027 1565 3093 uidebatur
1610 3029 1828 3110 potius
1878 3047 2067 3110 quam
2116 3029 2514 3112 exigendum,
2572 3035 2647 3092 ut

344 3133 482 3217 ipse
531 3135 610 3198 ad
655 3154 770 3200 nos
815 3135 1064 3200 ueniret
1117 3135 1304 3219 prior.
1361 3135 1747 3218 perreximus
1804 3154 1953 3219 ergo
2012 3135 2464 3200 comitantibus
2522 3155 2643 3200 nou

346 3241 588 3321 paucis,
647 3261 806 3324 quos
863 3243 1026 3308 forte
1081 3243 1460 3326 adgregatos
1517 3243 1699 3307 nobis
1755 3242 1918 3306 illud
1974 3245 2227 3324 tempus
2289 3243 2643 3307 inuenerat.

261 3373 314 3413 ιε,
350 3365 488 3410 cum
559 3352 770 3412 autem
837 3348 1006 3432 apud
1071 3369 1214 3414 eum
1279 3347 1816 3430 consedissemus,
1872 3368 2121 3413 rumore
2179 3349 2463 3432 disperso
2518 3367 2641 3413 non

416 3593 448 3645 2
486 3592 737 3662 pderunt.
777 3609 915 3648 corr.
956 3593 1190 3664 pderunt
1229 3593 1288 3647 1⁴⁷
1377 3596 1412 3648 4
1449 3599 1681 3664 possunt
1717 3595 1769 3646 A
1872 3597 1903 3648 5
1943 3593 2081 3647 falsa
2120 3596 2304 3647 nostra
2341 3593 2397 3647 P
2428 3597 2641 3646 nostras

347 3681 510 3735 falsas
547 3681 604 3736 R
749 3681 814 3736 de
853 3683 966 3736 suis
1003 3683 1104 3744 bis,
1146 3683 1380 3736 alterum
1421 3683 1520 3736 del.
1562 3681 1623 3734 F
1736 3685 1767 3736 6
1807 3683 2196 3736 constitutione
2234 3684 2288 3736 A
2396 3681 2429 3736 8
2468 3681 2639 3736 malos

349 3773 530 3839 (super
577 3789 607 3824 ο
655 3777 776 3827 m.1
813 3789 848 3825 u
887 3771 1016 3827 add.
1055 3771 1152 3826 sed
1188 3771 1352 3841 eras.)
1389 3772 1464 3825 M
1596 3771 1766 3826 bonos
1808 3774 1995 3840 (super
2020 3777 2165 3840 post.
2208 3789 2238 3824 o
2276 3776 2399 3825 m.1
2434 3788 2467 3824 u
2508 3771 2638 3824 add.

343 3858 438 3912 sed
461 3859 628 3928 eras.)
655 3859 731 3913 M
812 3862 845 3914 9
877 3859 1084 3914 amittit
1112 3860 1165 3913 A
1275 3859 1465 3915 malus.
1495 3877 1561 3912 m.
1587 3863 1627 3912 2
1660 3859 1831 3913 malos
1860 3860 1935 3912 M
2040 3859 2249 3912 amittit
2286 3859 2345 3912 F
2448 3859 2637 3916 bonus.

346 3963 409 4000 m.
431 3951 472 4000 2
507 3947 676 4002 bonos
713 3947 790 4001 M

517 4071 676 4125 Idem
713 4071 938 4136 codices,
976 4073 1073 4141 qui
1107 4073 1170 4126 in
1208 4089 1287 4141 ep.
1326 4071 1564 4126 XLIII.

415 4196 479 4250 16
515 4195 816 4259 tubursicu‚
853 4213 924 4252 m.
946 4201 986 4250 2
1019 4196 1298 4251 tubursicu
1335 4197 1410 4250 M
1441 4197 1723 4250 tubursicu
1758 4197 1851 4251 uel
1877 4197 2070 4264 potius
2106 4196 2391 4265 tubursicii
2428 4193 2483 4248 R
2530 4193 2635 4247 Tu-

343 4282 558 4338 bursicii
590 4301 674 4338 ae
701 4285 1054 4339 Tubursicum
1083 4291 1204 4340 cett.
1243 4286 1364 4342 edd.
1465 4287 1528 4341 19
1566 4287 1685 4356 ipse
1722 4285 1795 4339 M
1882 4287 1951 4339 22
1992 4301 2150 4354 quam
2190 4283 2245 4337 id
2285 4282 2551 4354 agendum
2582 4284 2636 4336 A

344 4373 412 4427 23
449 4373 652 4440 uenire,
692 4391 758 4426 m.
781 4377 822 4426 2
855 4374 1068 4427 ueniret
1107 4373 1160 4425 1’
