3184 4959
332 1087 359 1126 5

309 1619 359 1658 10

307 2155 359 2194 15

218 2877 298 2938 19

300 3217 353 3256 25

1162 441 1693 510 epistularum
1753 441 1945 496 xcm.
2565 444 2694 508 463

395 637 635 702 dicant:
684 636 837 700 ‘Iam
884 635 1007 700 hoc
1054 635 1457 710 nolebamus3
1508 635 1622 700 sed
1668 635 1786 700 deo
1833 635 2092 720 gratias,
2143 637 2252 718 qui
2299 637 2480 702 nobis
2519 655 2697 702 occa-

393 745 635 809 sionem
698 741 995 824 praebuit
1056 742 1179 805 iam
1238 742 1491 823 iamque
1546 741 1820 807 faciendi
1879 747 1943 807 et
1989 743 2366 808 dilationum
2413 745 2694 808 morulas

395 849 795 931 amputauit),
846 849 953 912 alii
1000 848 1241 912 dicant:
1292 848 1451 913 ‘Hoc
1510 867 1650 913 esse
1706 869 1930 914 uerum
1977 849 2104 914 iam
2155 849 2535 927 sciebamus,
2585 849 2696 913 sed

392 955 605 1022 nescio
685 975 813 1038 qua
882 953 1341 1020 consuetudine
1419 955 1827 1030 tenebamu1·;
1914 955 2152 1038 gratias
2229 955 2505 1032 domino,
2585 957 2692 1039 qui

396 1063 653 1128 uincula
708 1065 925 1126 nostra
980 1061 1257 1144 disrupit
1312 1065 1375 1125 et
1429 1079 1545 1126 nos
1597 1060 1676 1124 ad
1719 1060 1895 1144 pacis
1945 1061 2276 1126 uinculum
2321 1062 2691 1140 transtulit’,

396 1172 504 1236 alii
550 1169 791 1234 dicant:
850 1167 1330 1234 ‘Nesciebamus
1376 1167 1481 1232 hic
1530 1186 1671 1232 esse
1721 1168 2056 1232 ueritatem
2104 1185 2220 1232 nec
2267 1187 2406 1232 eam
2455 1169 2696 1233 discere

396 1277 795 1351 nolebamus3
838 1275 951 1340 sed
988 1293 1103 1339 nos
1142 1273 1223 1339 ad
1260 1291 1399 1338 eam
1428 1273 1932 1359 cognoscendam
1963 1276 2177 1338 metus
2215 1273 2369 1339 fecit
2393 1275 2698 1351 intentos,

394 1403 519 1466 quo
585 1382 941 1459 timuimus,
1010 1400 1085 1446 ne
1146 1381 1310 1447 forte
1376 1379 1512 1444 sine
1568 1381 1722 1446 ullis
1779 1399 1988 1446 rerum
2047 1383 2444 1446 aeternarum
2501 1381 2696 1446 lucris

394 1492 620 1557 damno
684 1507 893 1554 rerum
964 1488 1413 1571 temporalium
1488 1489 1846 1563 feriremur-3
1924 1486 2159 1572 gratias
2234 1488 2510 1566 domim,
2585 1490 2695 1572 qui

394 1596 866 1682 neglegentiam
932 1599 1213 1660 nostram
1280 1594 1544 1659 stimulo
1611 1595 1869 1660 terroris
1945 1595 2245 1674 excussit,
2321 1597 2400 1659 ut
2471 1595 2694 1660 saltem

394 1703 656 1770 solliciti
704 1720 1171 1784 quaereremus,
1222 1701 1389 1784 quod
1428 1701 1638 1766 securi
1677 1719 2021 1783 numquam
2059 1719 2248 1767 nosse
2287 1702 2697 1777 curauimus',

396 1811 503 1875 alii
570 1810 809 1875 dicant:
878 1809 1030 1874 ‘Nos
1094 1809 1273 1874 falsis
1340 1809 1702 1874 rumoribus
1768 1809 2164 1874 terrebamur
2226 1809 2478 1886 intrare,
2537 1828 2696 1892 quos

392 1917 589 1982 falsos
638 1935 781 1981 esse
830 1915 1243 1992 nesciremus,
1292 1916 1415 1981 nisi
1469 1916 1876 1995 intraremus,
1933 1933 2050 1980 nec
2109 1917 2509 1993 intraremus,
2575 1915 2696 1980 nisi

396 2043 791 2108 cogeremur-3
844 2023 1079 2107 gratias
1128 2023 1403 2098 domino,
1453 2023 1561 2104 qui
1599 2021 2085 2106 trepidationem
2123 2024 2408 2087 nostram
2443 2021 2696 2105 flagello

396 2129 683 2204 abstulit,
750 2133 1039 2211 expertos
1106 2129 1345 2204 docuit,
1414 2148 1604 2211 quam
1669 2147 1836 2194 uana
1901 2131 1966 2194 et
2029 2129 2240 2193 inania
2296 2128 2372 2192 de
2427 2127 2700 2194 ecclesia

396 2257 515 2302 sua
558 2236 825 2301 mendax
870 2237 1039 2300 fama
1084 2235 1450 2313 iactauerit;
1518 2236 1662 2300 hinc
1717 2235 1846 2300 iam
1903 2235 2222 2300 credimus
2271 2240 2335 2299 et
2380 2235 2492 2300 illa
2533 2235 2700 2300 falsa

396 2362 559 2420 esse,
628 2361 788 2426 quae
854 2349 1145 2408 auctores
1212 2343 1401 2407 huius
1467 2341 1748 2406 haeresis
1815 2341 2130 2406 criminati
2204 2345 2374 2417 sunt,
2451 2341 2698 2422 quando

393 2449 633 2533 posteri
699 2469 915 2515 eorum
979 2454 1111 2514 tam
1181 2449 1347 2514 falsa
1420 2453 1485 2513 et
1554 2450 1772 2531 peiora
1843 2449 2195 2524 finxerunt’,
2271 2449 2378 2512 alii
2455 2447 2693 2514 dicant:

393 2557 807 2621 ‘Putabamus
873 2556 1129 2639 quidem
1194 2555 1355 2620 nihil
1418 2554 1746 2632 interesse,
1817 2555 1924 2618 ubi
1981 2555 2170 2619 fidem
2231 2554 2468 2620 Christi
2524 2559 2696 2620 tene-

394 2683 636 2739 remus;
705 2663 815 2728 sed
873 2663 1109 2747 gratias
1167 2663 1443 2739 domino,
1502 2663 1612 2744 qui
1667 2680 1782 2727 nos
1841 2681 1876 2726 a
1931 2660 2246 2726 diuisione
2305 2661 2570 2746 collegit
2633 2665 2698 2725 et

393 2770 513 2834 hoc
558 2771 671 2834 uni
718 2770 835 2835 deo
886 2787 1249 2854 congruere,
1298 2773 1373 2833 ut
1418 2769 1480 2833 in
1532 2769 1774 2833 unitate
1823 2769 2088 2845 colatur,
2141 2767 2458 2833 ostendit’.

484 2877 601 2941 His
665 2895 785 2960 ego
850 2877 1189 2941 dominicis
1252 2876 1447 2940 lucris
1512 2875 1936 2958 impediendis
2003 2875 2082 2938 ad
2139 2873 2692 2939 contradicendum

391 3001 493 3048 me
561 3002 937 3066 opponerem
1006 2982 1271 3067 collegis
1334 2982 1518 3058 meis,
1594 3001 1670 3046 ne
1743 2981 1808 3046 in
1883 2981 2210 3046 montibus
2286 2984 2352 3045 et
2423 2979 2694 3044 collibus

395 3090 649 3166 uestris,
713 3089 777 3153 id
835 3092 933 3154 est
988 3089 1051 3153 in
1107 3089 1469 3152 tumoribus
1527 3087 1862 3171 superbiae
1919 3091 2170 3152 uestrae
2237 3085 2476 3152 Christi
2541 3105 2694 3150 oues

394 3201 671 3262 errantes
717 3197 782 3260 in
828 3197 1005 3279 pacis
1056 3196 1226 3261 ouile
1274 3194 1742 3279 colligerentur,
1789 3195 1900 3260 ubi
1948 3196 2047 3258 est
2101 3212 2306 3258 unus
2365 3212 2550 3276 grex
2617 3196 2697 3256 et

392 3323 597 3369 unus
664 3306 993 3386 pastor?
1042 3303 1133 3367 ita
1180 3320 1327 3368 sane
1388 3302 1536 3366 huic
1594 3300 1944 3384 prouisioni
2005 3299 2434 3364 contradicere
2483 3299 2694 3374 debui,

572 3513 639 3566 25
677 3511 795 3565 Ioh.
842 3511 923 3574 10,
966 3511 1031 3565 16

464 3639 487 3690 1
530 3637 637 3690 iam
677 3637 761 3690 bis
795 3636 921 3689 MA
1064 3635 1379 3688 uelebamus
1416 3635 1469 3688 A
1621 3636 1654 3686 2
1693 3633 1887 3686 tribuit
1924 3633 1976 3686 L
2119 3634 2226 3686 iam
2263 3633 2502 3702 iamque]
2545 3632 2680 3686 iani-

391 3741 493 3796 que
530 3724 723 3778 MAN
886 3725 919 3777 3
958 3725 1065 3777 iam
1103 3739 1205 3778 om.
1246 3723 1299 3776 L
1464 3723 1501 3776 4
1536 3723 1744 3791 nescio]
1783 3722 2052 3776 nescimus
2091 3721 2157 3774 N
2313 3723 2346 3776 5
2386 3719 2456 3774 ad
2492 3737 2595 3775 om.
2635 3721 2688 3772 A

390 3817 421 3869 6
460 3813 566 3880 hic,
602 3831 672 3869 m.
695 3817 735 3867 2
770 3813 911 3868 hanc
954 3813 1001 3866 C
1142 3814 1173 3866 7
1212 3812 1343 3866 fecit
1382 3828 1497 3866 esse
1536 3812 1780 3865 intentos
1816 3810 1872 3866 R
2028 3810 2094 3865 10
2133 3811 2258 3864 stilo
2300 3810 2512 3870 erroris,
2553 3825 2690 3862 corr.

389 3921 455 3957 m.
478 3909 508 3956 1
544 3902 765 3957 stimulo
806 3903 1026 3955 terroris
1062 3902 1137 3955 M
1326 3902 1385 3954 11
1429 3919 1527 3954 nos
1566 3900 1929 3954 securauimus
1969 3901 2046 3968 (se
2085 3915 2222 3952 cras.
2263 3903 2315 3952 et
2347 3913 2526 3966 supra
2559 3915 2628 3950 m.
2654 3903 2692 3950 :2

388 3993 563 4062 sequi)
596 3992 643 4044 C'
715 3993 780 4045 13
806 4007 891 4060 pr.
922 3991 1050 4059 nisi]
1092 3991 1135 4044 si
1175 4007 1284 4044 non
1314 3990 1405 4043 lm
1481 3990 1547 4044 15
1574 3990 1714 4052 ania,
1755 4005 1893 4042 corr.
1931 4005 1998 4042 m.
2021 3993 2052 4040 1
2090 3987 2274 4040 inania
2299 3987 2372 4040 M
2443 3987 2510 4040 16
2537 3986 2684 4040 fama

386 4097 489 4136 om.
532 4081 579 4134 G
704 4081 813 4133 iam
852 4097 953 4134 om.
994 4080 1059 4133 N
1165 4081 1227 4132 17
1267 4080 1414 4132 sunti
1453 4077 1667 4148 quando
1705 4077 1991 4145 posteriori
2030 4091 2212 4129 eorum
2249 4077 2302 4129 A
2417 4076 2484 4128 19
2523 4077 2684 4142 puta-

386 4187 503 4224 mus
540 4171 594 4222 A
740 4169 955 4239 quidem
995 4187 1096 4223 om.
1137 4170 1191 4222 A
1342 4171 1648 4222 teneremur
1690 4166 1738 4220 0
1877 4166 1940 4218 21
1985 4164 2088 4218 dno
2131 4165 2176 4216 (J
2318 4165 2388 4216 22
2427 4179 2527 4232 ego
2568 4179 2688 4216 cum

386 4275 497 4313 ras.
538 4263 569 4312 1
610 4259 644 4312 l.
682 4275 848 4327 super
885 4275 953 4328 eg
990 4257 1057 4311 N
1087 4275 1213 4326 ergo
1252 4255 1429 4311 MGR.
1466 4255 1587 4310 edd.
1718 4257 1786 4309 23
1827 4257 1904 4324 et]
1946 4257 2042 4308 aut
2077 4253 2134 4309 R
2270 4253 2340 4306 24
2377 4249 2688 4321 superbiae]

388 4366 443 4402 re
484 4349 601 4414 (sed
637 4347 765 4416 dez.)
802 4349 1088 4418 superbiae
1128 4347 1194 4400 N
1296 4348 1365 4401 25
1406 4363 1542 4398 unus
1583 4349 1668 4398 est
1703 4343 1768 4396 N
1917 4360 2068 4410 unos,
2107 4358 2244 4396 corr.
2283 4359 2352 4394 m.
2380 4345 2406 4394 1
2447 4355 2586 4394 unus
2623 4338 2696 4391 M
