3184 4959
1157 414 1684 483 epistularum
1740 414 1959 469 XXXII.
2619 420 2695 483 11

405 630 485 675 ne
532 629 814 675 uacuum
859 609 1168 673 fraternae
1213 608 1633 673 humanitatis
1681 610 1963 675 officium
2018 610 2362 685 uideretur,
2420 612 2497 675 de
2550 614 2703 677 buc-

411 718 644 781 cellato
692 716 1089 781 Christianae
1137 716 1574 797 expeditionis»,
1621 715 1685 780 in
1736 718 1918 782 cuius
1966 719 2298 799 procinctu
2347 718 2577 783 cotidie
2624 718 2702 782 ad

411 822 802 907 frugalitatis
850 841 1158 887 annonam
1205 822 1578 899 militamus,
1626 842 1818 905 panes
1867 822 2145 907 quinque
2192 824 2310 889 tibi
2356 826 2593 907 pariter
2640 829 2703 888 et

410 931 548 997 filio
594 934 808 995 nostro
857 929 1143 993 Licentio
1191 928 1513 1004 misimus:
1578 948 1697 993 non
1749 930 1913 993 enim
1960 930 2286 1013 potuimus
2336 952 2373 996 a
2416 930 2705 995 benedic-

349 1058 377 1099 s
413 1039 592 1102 tione
654 1056 995 1114 secernere,
1065 1056 1252 1117 quem
1317 1036 1613 1117 cupimus
1682 1037 1897 1101 eadem
1954 1036 2137 1101 nobis
2192 1037 2398 1121 gratia
2450 1037 2703 1120 penitus

416 1144 767 1209 adnectere.
815 1143 1036 1226 paucis
1084 1148 1292 1207 tamen
1341 1151 1406 1207 et
1450 1144 1529 1207 ad
1575 1143 1787 1227 ipsum
1839 1144 2191 1225 loquamur,
2240 1163 2317 1208 ue
2355 1147 2544 1225 neget
2582 1143 2703 1207 sibi

415 1251 746 1332 scripturn,
796 1250 962 1332 quod
1011 1250 1087 1313 de
1127 1268 1194 1313 se
1229 1249 1349 1313 tibi
1389 1250 1699 1333 scriptum
1735 1254 1854 1315 est.
1892 1250 2208 1315 Aeschino
2248 1251 2413 1314 enim
2453 1250 2704 1315 dicitur.

413 1356 588 1439 quod
633 1357 816 1421 audit
859 1356 1070 1420 Micio.
1123 1356 1234 1420 sed
1285 1357 1435 1439 quid
1484 1356 1558 1419 de
1608 1358 1833 1421 alienis
1870 1358 2113 1439 loquar,
2154 1376 2295 1421 cum
2338 1356 2415 1421 de
2453 1356 2703 1440 proprio

414 1466 642 1527 cuncta
687 1463 1012 1546 possimus
1061 1466 1126 1529 et
1169 1464 1374 1527 aliena
1417 1463 1594 1546 loqui
1643 1484 1763 1528 non
1816 1464 2019 1529 soleat
2064 1483 2203 1528 esse
2253 1462 2387 1527 sani
2436 1462 2705 1546 capitis?

330 1594 380 1633 ιο
418 1589 544 1652 quo
591 1569 692 1634 dei
749 1571 952 1653 gratia
1007 1590 1158 1635 sano
1216 1574 1282 1635 et
1337 1570 1514 1635 saluo
1574 1590 1818 1649 sumus»,
1878 1571 2109 1653 quibus
2165 1574 2359 1654 caput
2413 1568 2705 1635 Christus

415 1678 536 1741 est.
596 1676 984 1741 incolumem
1045 1680 1110 1741 te
1176 1680 1382 1741 aetate
1447 1696 1633 1759 quam
1700 1678 1967 1761 plurima
2038 1680 2101 1741 et
2146 1676 2404 1741 beatum
2460 1694 2708 1760 semper

419 1800 564 1846 cum
609 1786 750 1847 tota
793 1782 977 1847 domo
1016 1786 1146 1858 tua,
1187 1787 1262 1847 ut
1299 1784 1615 1865 cupimuS,
1655 1784 2000 1849 habeamus
2039 1784 2099 1848 in
2144 1783 2417 1860 christo,
2458 1783 2707 1848 domine

416 1890 608 1953 frater
653 1890 880 1953 merito
930 1889 1470 1955 honorandissime
1519 1894 1584 1954 et
1632 1890 2235 1957 desiderantissime.

293 2208 330 2268 4
505 2203 712 2269 Audi
774 2223 984 2287 erg0,
1040 2204 1196 2281 fili,
1257 2206 1518 2289 legem
1573 2207 1837 2289 patris
1896 2206 2039 2284 tui,
2088 2206 2153 2270 id
2202 2210 2301 2271 est
2345 2205 2535 2269 fidem
2582 2206 2709 2269 Au-

335 2330 384 2370 15
423 2310 666 2392 gustini
721 2313 794 2373 et
849 2310 1023 2374 noli
1071 2312 1477 2394 repellere
1527 2314 1889 2378 consilia
1942 2312 2226 2377 matris
2276 2316 2487 2388 tuae,
2538 2310 2706 2394 quod

420 2436 616 2499 aeque
663 2436 888 2481 nomen
934 2418 998 2481 in
1040 2422 1102 2481 te
1147 2419 1490 2502 Augustini
1536 2420 1740 2501 pietas
1788 2420 1921 2483 iure
1969 2420 2087 2483 sibi
2138 2418 2441 2497 uindicat,
2491 2418 2594 2501 qui
2642 2420 2707 2481 te

423 2524 744 2587 tantillum
793 2524 936 2587 sinu
985 2526 1268 2609 gestauit
1315 2544 1430 2589 suo
1481 2530 1546 2589 et
1593 2545 1629 2589 a
1674 2526 1958 2609 paruulis
2005 2527 2207 2609 primo
2252 2526 2419 2591 lacte
2467 2524 2709 2606 sapien-

421 2630 546 2693 tiae
621 2631 966 2695 saecularis
1041 2630 1366 2711 inbutum,
1403 2650 1566 2695 nunc
1632 2632 1823 2697 etiam
1890 2633 2284 2716 spiritalibus
2350 2632 2583 2695 lactare
2648 2634 2713 2694 et

425 2735 696 2801 enutrire
753 2737 1007 2801 domino
1067 2739 1266 2822 gestit
1319 2738 1643 2817 uberibuS,
1702 2739 1997 2821 quoniam
2054 2742 2118 2803 te
2168 2738 2457 2802 adultum
2505 2741 2709 2802 aetate

342 2864 390 2902 20
425 2862 720 2925 corporea
789 2844 852 2907 in
931 2844 1326 2927 spiritalibus
1401 2846 1605 2909 adhuc
1680 2845 2011 2911 cunabulis
2084 2846 2445 2928 uagientem
2510 2843 2709 2921 uidet,

424 2949 628 3014 adhuc
671 2950 977 3015 infantem
1026 2951 1220 3017 uerbo
1271 2952 1388 3029 dei,
1439 2952 1697 3016 uixdum
1748 2954 1809 3015 in
1861 2951 2112 3019 Christo
2152 2951 2373 3034 primis
2410 2948 2708 3032 passibus

601 3212 630 3263 7
670 3210 788 3265 Ter.
828 3210 930 3265 Ad.
969 3198 1180 3267 96—'97
1295 3214 1358 3267 14
1397 3212 1555 3266 Prou.
1599 3214 1646 3275 1,
1686 3213 1718 3265 8

495 3335 524 3387 1
562 3334 791 3397 uideret,
828 3336 978 3405 quod
1012 3353 1078 3389 ex
1115 3336 1316 3389 uiderit
1339 3337 1562 3404 factum
1600 3336 1717 3392 uid.
1760 3336 1821 3387 M
2004 3336 2127 3389 den
2168 3335 2261 3401 (bu
2299 3340 2462 3401 erae.)
2501 3336 2563 3388 in
2590 3334 2711 3402 fine

423 3440 477 3478 u.
513 3426 567 3477 A
711 3423 1031 3485 buccellato.
1071 3442 1208 3479 corr.
1247 3442 1314 3478 m.
1338 3430 1366 3478 1
1402 3424 1695 3478 buccillato
1743 3427 1787 3478 C
1819 3424 2115 3479 buccillato
2154 3424 2264 3478 AR
2300 3424 2559 3478 bucillato
2586 3424 2713 3477 MP

423 3513 458 3563 4
495 3528 527 3564 a
560 3512 1258 3583 benedictione-cupimus
1297 3530 1400 3567 om.
1430 3512 1494 3565 K
1565 3516 1597 3567 5
1636 3512 1861 3567 eandem
1903 3517 1955 3573 (n
1997 3529 2111 3581 exp.
2152 3528 2221 3563 m.
2243 3515 2303 3577 2)
2334 3512 2407 3564 M
2440 3510 2626 3564 eodem
2656 3512 2708 3563 A

426 3601 458 3653 6
495 3602 770 3654 annecti„
809 3602 850 3667 (i
887 3618 952 3655 ex
991 3620 1017 3655 e
1058 3618 1122 3657 m.
1146 3606 1204 3669 2)
1243 3602 1318 3654 M
1424 3604 1452 3655 7
1495 3602 1973 3671 quod—-scriptum
2013 3618 2138 3667 om„
2174 3618 2241 3653 m.
2265 3606 2295 3653 1
2321 3616 2362 3652 s.
2392 3616 2446 3652 u.
2480 3600 2610 3654 add.
2640 3600 2713 3652 M

495 3695 553 3742 e·
582 3690 630 3757 (τ
669 3694 833 3759 eras.)
872 3690 944 3743 M
1154 3691 1188 3743 8
1226 3690 1402 3753 mici0,
1439 3708 1507 3745 m.
1531 3694 1570 3743 2
1608 3690 1783 3744 mucio
1821 3689 1875 3743 P
1908 3690 2061 3743 mitio
2098 3689 2224 3743 MR
2262 3688 2379 3741 edd.
2410 3694 2637 3757 praeter
2675 3706 2710 3741 a

423 3776 577 3832 initio
619 3779 668 3832 0
843 3778 910 3833 de
935 3796 1036 3834 om.
1074 3778 1322 3833 MARK
1355 3778 1577 3832 Har-tel.
1762 3779 1905 3847 cum]
1944 3778 2033 3831 uel
2072 3794 2190 3831 cum
2236 3776 2281 3829 0
2463 3778 2526 3830 10
2566 3776 2711 3846 quod

424 3868 577 3921 codd.
617 3884 654 3921 a
763 3872 848 3922 est
884 3867 1132 3923 Christus
1172 3868 1290 3933 edd.
1406 3868 1466 3921 11
1509 3867 1741 3920 incolum
1786 3865 1897 3919 CK
1930 3870 2018 3933 (m.
2043 3870 2107 3932 2,·
2133 3866 2317 3935 sui-sse
2352 3866 2466 3919 uid.
2508 3866 2707 3928 incolu)

429 3958 492 4011 13
527 3957 982 4011 honorantissime
1019 3957 1118 4011 CR
1153 3956 1607 4027 honorantissime
1647 3960 1683 4024 (ι
1722 3962 1887 4022 eras.)
1926 3955 1980 4008 P
2160 3956 2223 4008 16
2262 3954 2533 4019 uindacat‚
2572 3970 2707 4008 corr.

421 4050 540 4101 mil
577 4046 822 4100 uindicat
855 4046 932 4101 M
1112 4048 1173 4099 17
1213 4046 1506 4107 tantillam,
1547 4062 1685 4099 corr.
1725 4062 1794 4100 m.
1820 4050 1849 4098 1
1886 4045 2163 4098 tantillum
2202 4044 2275 4097 M
2470 4044 2711 4112 gestauit

423 4136 546 4188 sinu
583 4134 703 4189 edd.
816 4135 881 4187 18
921 4135 1213 4203 singularis
1249 4134 1374 4189 MA
1489 4135 1709 4197 lactere,
1748 4151 1813 4187 m.
1836 4138 1877 4187 2
1914 4134 2115 4187 lactare
2152 4132 2227 4186 M
2258 4133 2461 4187 laetare
2496 4132 2561 4185 in
2596 4148 2709 4186 ra8.

421 4228 542 4277 m.1
584 4224 632 4277 Ο
739 4226 801 4279 19
844 4240 1002 4293 quam
1041 4222 1094 4277 R
1203 4224 1272 4278 20
1311 4241 1532 4294 corpora
1569 4226 1623 4276 A
1768 4224 1944 4277 adhuc
1982 4222 2265 4277 cunabulis
2303 4238 2402 4275 om.
2444 4224 2495 4274 A
2632 4222 2711 4274 ui-

425 4312 508 4365 dit
542 4314 598 4367 A
706 4314 772 4366 21
815 4312 990 4367 adhue
1028 4330 1127 4367 om.
1168 4313 1234 4367 K
1373 4314 1719 4383 passionibus
1758 4313 1873 4379 (oni
1910 4330 2031 4382 exp.
2066 4328 2135 4366 m.
2158 4316 2215 4381 2)
2254 4311 2309 4363 P
