3184 4959
573 461 701 525 226
886 437 890 442 ’
1293 461 1348 513 s.
1401 461 1677 516 Aureli
1731 463 2168 534 Augustini

573 659 646 722 de
695 659 804 724 illo
851 657 985 722 fieri
1033 657 1404 740 placuisset,
1452 657 1518 721 id
1573 677 1641 722 se
1698 658 1835 722 sine
1894 657 2086 722 dubio
2146 666 2538 726 secuturum.
2602 662 2865 744 proinde

570 767 851 848 petimus
927 769 992 829 et
1061 783 1176 847 per
1253 764 1580 828 caritatem
1656 763 1894 830 Christi
1977 765 2384 832 obsecramus
2467 768 2863 850 prudentiam

570 881 769 950 tuam,
816 877 891 936 ut
937 871 1242 950 omnium,
1293 891 1454 955 quae
1496 871 1699 936 locuti
1748 891 1991 949 sumuS,
2040 875 2403 939 memineris
2442 878 2506 940 et
2540 877 2863 960 rescriptis

569 982 702 1046 tuis
765 999 880 1046 nos
944 979 1268 1045 laetifices,
1357 979 1739 1044 debemus
1814 979 2015 1044 enim
2091 1000 2225 1044 nos
2303 981 2740 1060 firmiores,
2810 985 2863 1048 si

567 1091 779 1152 tamen
824 1088 990 1150 inter
1033 1089 1210 1151 tanta
1253 1087 1743 1169 temptationum
1780 1087 2061 1169 pericula
2102 1087 2221 1152 hoc
2261 1087 2465 1153 dicere
2502 1089 2861 1154 audendum
2926 1115 2949 1150 ε

571 1198 688 1270 est,
745 1195 918 1259 sicut
973 1194 1064 1258 ait
1117 1194 1470 1278 apostoluS‚
1533 1193 2051 1258 infirmorum
2123 1215 2365 1260 onera
2430 1197 2862 1265 sustinere.

566 1302 759 1366 frater
803 1301 1177 1365 Timotheus
1225 1299 1364 1364 ideo
1412 1321 1534 1366 non
1573 1301 1833 1385 scripsit
1874 1303 2198 1367 sanctitati
2235 1306 2405 1382 tuae,
2446 1303 2596 1386 quia
2634 1304 2863 1384 omnia,

568 1428 728 1491 quae
776 1411 962 1492 gesta
1007 1410 1176 1485 sunt,
1212 1411 1472 1472 sanctus
1509 1407 1700 1472 frater
1736 1409 1889 1472 tuus
1929 1408 2340 1493 significauit.
2388 1429 2630 1475 memor
2664 1411 2863 1476 nostri

565 1515 630 1580 in
681 1514 934 1579 domino
985 1514 1295 1598 glorieris,
1345 1514 1598 1579 domine
1645 1514 2013 1580 beatissime
2062 1519 2125 1581 et
2172 1516 2622 1581 uenerabiliter
2676 1517 2865 1582 caris-

571 1622 730 1686 sime
777 1625 842 1685 et
887 1621 1311 1686 sincerissime
1359 1622 1570 1686 frater.
2906 1650 2953 1688 ιο

1602 1815 1830 1879 LXIII.

569 1955 861 2010 DOMINO
901 1953 1333 2010 BEATISSIMO
1375 1955 1464 2008 ΕΤ
1502 1954 1949 2009 VENERABILI
1995 1955 2085 2008 ΕΤ
2126 1955 2631 2012 SINGERISSIMA
2668 1958 2863 2014 CARI-

571 2044 758 2098 TATE
805 2043 1341 2099 AMPLECTENDO
1389 2043 1656 2098 FRATRI
1699 2043 1790 2097 ΕΤ
1839 2043 2399 2100 CONSACERDOTI
2444 2046 2721 2102 SEVERO
2768 2047 2861 2102 ΕΤ

571 2134 698 2199 QUI
745 2134 988 2189 TECUM
1037 2133 1222 2188 SUNT
1269 2131 1681 2188 FRATRIBUS
1726 2132 2189 2189 AUGUSTINUS
2235 2133 2329 2188 ΕΤ
2376 2135 2699 2190 FRATRES
2740 2135 2867 2202 QUI

1057 2221 1318 2278 MECUM
1357 2221 1546 2276 SUNT
1583 2220 1667 2276 IN
1701 2220 1990 2276 DOMINO
2032 2221 2382 2277 SALUTEM.
2902 2257 2947 2296 15

482 2351 517 2413 1
661 2351 725 2417 Si
775 2349 1002 2428 dicam,
1053 2369 1211 2431 quae
1259 2369 1359 2412 me
1405 2349 1546 2430 ipsa
1593 2367 1786 2412 causa
1832 2349 2005 2432 cogit
2051 2348 2279 2428 dicere.
2321 2349 2433 2414 ubi
2472 2349 2591 2415 erit
2629 2351 2863 2415 sollici-

568 2458 724 2524 tudo
782 2455 1107 2522 caritatis?
1165 2456 1222 2520 si
1280 2457 1495 2519 autem
1551 2475 1675 2520 non
1735 2455 1963 2530 dicam,
2018 2456 2129 2520 ubi
2179 2455 2300 2519 erit
2342 2456 2601 2520 libertas
2650 2458 2863 2522 amici-

567 2567 738 2630 tiae?
786 2583 1009 2629 uerum
1055 2567 1268 2627 tamen
1314 2561 1633 2626 fluctuans
1680 2561 1933 2626 interim
1982 2562 2148 2646 elegi
2194 2583 2295 2627 me
2332 2582 2601 2647 purgare
2648 2565 2861 2647 potius

569 2692 758 2754 quam
815 2675 877 2735 te
935 2689 1212 2754 arguere.
1279 2669 1598 2752 scripsisti
1650 2672 1716 2734 te
1771 2669 1985 2733 mirari
2031 2689 2173 2734 cum
2227 2669 2439 2734 dolore
2486 2673 2702 2735 nostro
2750 2691 2865 2734 nos

568 2781 835 2844 tolerare
893 2777 1200 2853 uoluisse,
1261 2775 1428 2858 quod
1486 2777 1874 2840 correctione
1930 2776 2248 2841 emendari
2294 2777 2636 2860 potuisset,
2684 2779 2864 2860 quasi
2898 2807 2952 2844 ει,

567 2905 688 2950 non
755 2885 884 2948 sint
949 2883 1238 2959 dolenda,
1305 2902 1464 2965 quae
1518 2884 1683 2947 male
1738 2883 1905 2948 facta
1961 2886 2129 2960 sunt,
2188 2883 2378 2948 etiam
2428 2887 2503 2961 si,
2554 2889 2863 2967 quantum

567 2994 856 3074 possunt,
924 2992 1150 3071 postea
1215 2991 1635 3073 corriguntur,
1694 2993 1807 3054 aut
1859 3009 1979 3055 non
2036 2990 2103 3054 id
2150 2991 2419 3056 maxime
2464 2991 2863 3056 tolerandum

569 3098 672 3176 sit,
741 3096 932 3178 quod,
1000 3115 1143 3160 cum
1207 3097 1617 3161 manifestum
1684 3098 1771 3161 sit
1830 3116 2157 3180 perperam
2223 3098 2488 3174 factum,
2554 3099 2687 3163 fieri
2742 3118 2861 3164 non

565 3203 774 3286 possit
818 3203 1147 3268 infectum.
1197 3204 1410 3268 desine
1457 3204 1675 3286 itaque
1720 3203 1953 3278 mirari,
1992 3205 2185 3268 frater
2222 3204 2668 3271 sincerissime.
2718 3225 2859 3271 nam

568 3311 894 3375 ordinatus
945 3313 1044 3374 est
1089 3311 1257 3394 apud
1307 3309 1663 3375 Subsanam
1711 3311 2139 3376 subdiaconus
2188 3311 2561 3378 Timotheus
2616 3316 2861 3396 praeter
2896 3339 2947 3379 ιε»

565 3435 781 3481 meum
839 3417 1176 3482 consilium
1233 3421 1297 3482 et
1349 3418 1769 3496 uoluntatem,
1828 3437 1995 3496 cum,
2052 3418 2205 3501 quid
2262 3419 2337 3483 de
2385 3419 2495 3485 illo
2544 3420 2853 3504 agendum

569 3527 758 3602 esset,
833 3524 1038 3589 adhuc
1121 3525 1284 3590 inter
1363 3530 1615 3590 nostras
1699 3526 1971 3589 alternas
2055 3527 2402 3590 sententias
2488 3527 2855 3592 deliberatio

744 3735 780 3787 4
815 3733 969 3787 Rom.
1011 3735 1094 3798 15,
1137 3736 1162 3788 1

641 3858 667 3910 1
711 3855 905 3910 deinde
952 3856 1006 3911 U
1127 3858 1160 3910 2
1198 3857 1599 3928 prouidentiam
1637 3857 1749 3912 VU
1877 3861 1912 3912 4
1950 3859 2093 3912 enim
2128 3859 2249 3928 nos]
2290 3859 2427 3912 enim
2470 3861 2592 3924 (om.
2634 3863 2754 3924 nos)
2792 3855 2859 3910 H

557 3948 589 4000 5
632 3947 1038 4001 contentionum
1083 3945 1194 4001 VU
1330 3946 1508 4000 dicere
1545 3948 1651 4002 hoc
1696 3947 1745 4000 T
1780 3948 1899 4001 edd.
2046 3947 2378 4001 aud-endum
2418 3948 2458 4013 (i
2496 3951 2661 4013 eras.)
2710 3946 2759 3999 Τ

733 4070 890 4124 Idem
927 4070 1151 4132 codices,
1191 4071 1289 4140 qui
1323 4069 1386 4125 in
1423 4089 1501 4140 ep.
1539 4071 1699 4125 LXI
1728 4078 1779 4126 et
1814 4071 2017 4126 LXII.

629 4195 694 4248 14
733 4196 824 4264 qui
861 4210 1070 4248 mecum
1108 4200 1238 4248 sunt
1271 4193 1466 4248 fratres
1515 4195 1570 4248 U
1747 4195 1811 4248 19
1850 4196 1927 4263 te]
1970 4212 2001 4248 a
2038 4199 2093 4249 te
2140 4195 2193 4251 U
2368 4213 2469 4250 nos
2496 4201 2630 4265 post
2665 4199 2847 4250 nostro

553 4283 876 4352 interposui,
916 4283 1035 4337 edd.
1077 4289 1208 4337 ante
1234 4300 1354 4337 cum
1463 4285 1532 4338 20
1563 4284 1853 4338 noluissem
1894 4284 1948 4338 U
2049 4285 2114 4338 21
2157 4285 2303 4339 mala
2335 4284 2451 4338 ΤΗ
2457 4283 2507 4337 V
2618 4286 2686 4339 25
2726 4284 2849 4339 sub-

553 4387 794 4438 sannam,
833 4387 971 4426 corr.
1009 4389 1078 4428 m.
1099 4377 1129 4425 1
1167 4372 1454 4426 subsanam
1494 4371 1548 4426 R
