3184 4959
566 445 693 508 564
1294 442 1345 495 S.
1404 441 1680 496 Aureli
1738 440 2175 510 Augustini

562 637 903 716 ‘Minatur’‚
950 637 1179 720 inquit,
1237 637 1549 704 ‘Christus
1598 636 1721 701 sibi
1769 656 1891 700 non
1950 635 2352 701 credentibus
2411 641 2663 700 aeterna
2708 654 2858 718 sup-

562 744 755 826 plicia
819 747 883 808 et
948 744 1099 808 alibi
1164 745 1280 808 ait:
1345 744 1433 808 In
1499 762 1653 826 qua
1715 760 2091 807 mensura
2165 741 2420 807 mensi
2490 742 2854 819 fueriti8‚

558 851 639 915 in
704 871 789 916 ea
852 851 1343 916 remetietur
1430 851 1690 930 uobiS‚
1767 850 1949 928 satis,
2020 849 2250 932 inquit,
2325 849 2591 914 ridicule
2666 853 2854 932 atque

561 959 895 1034 contrarie;
972 977 1118 1022 nam
1184 958 1239 1023 si
1306 957 1383 1022 ad
1450 975 1810 1022 mensuram
1873 955 2236 1022 redditurus
2302 959 2402 1020 est
2460 975 2728 1039 poenam
2791 960 2855 1021 et

561 1065 764 1129 omnis
830 1083 1127 1130 mensura
1192 1063 1670 1147 circumscripta
1743 1066 1843 1128 est
1913 1062 2034 1128 fine
2097 1062 2428 1146 temporie,
2505 1062 2658 1146 quid
2731 1061 2852 1128 sibi
2914 1086 2940 1124 ε,

558 1173 789 1237 uolunt
832 1171 1043 1236 minae
1086 1170 1319 1235 infiniti
1366 1169 1729 1253 supplicii?'
1867 1236 1876 1244 ,

452 1277 537 1340 23
645 1279 845 1344 Istam
884 1278 1319 1361 quaestionem
1366 1295 1403 1341 a
1449 1277 1897 1358 qualicumque
1942 1276 2321 1360 philosopho
2359 1295 2501 1341 esse
2539 1276 2851 1342 obiectam

559 1389 750 1468 atque
796 1386 1188 1469 propositam
1235 1384 1495 1448 difficile
1544 1387 1644 1450 est
1690 1383 1962 1463 credere,
2011 1383 2241 1466 quippe
2289 1385 2396 1465 qui
2443 1383 2562 1448 ait:
2607 1382 2852 1450 ‘Omnis

556 1511 856 1558 mensura
902 1491 1445 1556 circumscribitur
1490 1491 1818 1573 tempore‚’
1874 1491 2054 1572 quasi
2100 1509 2222 1554 non
2279 1489 2482 1554 soleat
2526 1491 2650 1555 nisi
2695 1495 2848 1555 tem-

556 1619 782 1682 porum
842 1618 981 1663 esse
1036 1617 1334 1662 mensura
1398 1597 1568 1662 sicut
1633 1597 1927 1662 horarum
1983 1600 2050 1662 et
2105 1596 2347 1662 dierum
2405 1600 2470 1661 et
2523 1616 2846 1674 annorum,
2889 1617 2938 1656 ιο

556 1707 662 1770 uel
710 1707 880 1772 sicut
926 1705 1197 1769 dicimus
1252 1705 1513 1768 breuem
1562 1703 1872 1786 syllabam
1921 1703 2224 1788 simplum
2269 1703 2500 1768 habere
2545 1705 2848 1787 temporis

558 1813 636 1878 ad
686 1812 993 1895 syllabam
1050 1810 1326 1896 longam.
1382 1814 1537 1893 puto
1588 1810 1755 1875 enim
1803 1809 2050 1874 modios
2098 1813 2162 1874 et
2207 1810 2494 1889 rabones,
2549 1831 2738 1876 urnas
2783 1815 2849 1874 et

556 1919 889 2000 amphoras
962 1937 1085 1982 non
1158 1921 1515 2001 temporum
1592 1936 1732 1982 esse
1805 1936 2154 1984 mensuras,
2237 1936 2360 1999 quo
2437 1916 2626 1984 modo
2700 1937 2844 2003 ergo

556 2025 759 2090 omnis
824 2043 1121 2090 mensura
1184 2025 1727 2090 circumscribitur
1787 2028 2113 2107 tempore?
2177 2043 2377 2090 nonne
2441 2023 2566 2107 ipsi
2631 2024 2849 2089 dicunt

556 2132 756 2198 solem
821 2130 1021 2195 istum
1086 2131 1544 2214 sempiternum
1601 2134 1786 2196 esse?
1853 2131 1963 2213 qui
2015 2134 2227 2195 tamen
2287 2134 2561 2214 quantus
2629 2131 2716 2196 sit
2766 2130 2846 2195 ad
2883 2149 2938 2188 1⁵

553 2241 807 2316 terram,
854 2237 1165 2302 mensuris
1214 2237 1618 2322 geometricis
1665 2237 2052 2320 perscrutari
2089 2237 2325 2302 audent-
2361 2243 2426 2301 et
2470 2238 2841 2303 renuntiare.

553 2345 725 2428 quod
780 2347 917 2410 siue
973 2346 1181 2428 possit
1235 2345 1372 2409 siue
1427 2365 1551 2410 non
1615 2345 1842 2428 possit,
1911 2347 2159 2410 constat
2225 2364 2368 2410 eum
2435 2350 2644 2409 tamen
2706 2364 2843 2428 pro-

550 2452 752 2536 priam
800 2451 902 2516 sui
941 2451 1109 2517 orbis
1156 2451 1385 2516 habere
1431 2470 1813 2525 mensuram,
1863 2451 2014 2533 quia
2051 2455 2133 2527 et,
2181 2451 2238 2516 si
2283 2451 2840 2534 comprehendunt.

551 2564 825 2641 quantus
882 2559 987 2637 sit,
1051 2577 1414 2624 mensuram
1470 2557 1610 2622 eius
1668 2557 2211 2640 comprehendunt
2266 2561 2348 2634 et,
2416 2558 2472 2623 si
2537 2558 2656 2622 hoc
2721 2576 2839 2622 non

551 2664 1006 2748 adsequuntur,
1062 2683 1425 2730 mensuram
1482 2665 1621 2728 eius
1677 2665 1900 2746 utique
1952 2683 2074 2729 non
2134 2663 2678 2748 comprehendunt
2727 2683 2841 2729 nec
2879 2683 2934 2718 20

550 2771 690 2837 ideo
747 2770 923 2836 nulla
968 2773 1085 2849 est,
1144 2771 1295 2854 quia
1348 2771 1634 2836 homines
1683 2791 1819 2835 eam
1875 2790 2061 2836 nosse
2109 2790 2229 2837 non
2277 2775 2568 2853 possunt.
2627 2773 2842 2855 potest

549 2877 749 2962 igitur
794 2877 1036 2960 aliquid
1072 2881 1138 2942 et
1184 2877 1640 2960 sempiternum
1678 2896 1817 2941 esse
1865 2881 1930 2941 et
1967 2881 2198 2941 celtam
2249 2877 2350 2942 sui
2397 2877 2570 2942 modi
2614 2877 2840 2942 babere

549 3002 931 3049 mensuram.
989 2982 1339 3049 secundum
1392 2983 1567 3067 ipsos
1617 2983 1780 3047 enim
1829 2983 1906 3048 de
1964 2983 2118 3048 solis
2169 2983 2540 3048 aeternitate
2585 2983 2839 3048 locutus

549 3109 714 3170 sum,
788 3093 863 3155 ut
935 3108 1051 3154 sua
1122 3089 1436 3154 sententia
1500 3090 1954 3156 conuincantur
2027 3092 2220 3172 atque
2286 3090 2637 3155 concedant
2699 3109 2836 3155 esse

548 3215 737 3280 posse
803 3195 1044 3279 aliquid
1099 3214 1245 3260 cum
1308 3215 1604 3261 mensura
1669 3197 2149 3280 sempiternum.
2215 3215 2288 3262 ac
2353 3197 2444 3262 sic
2511 3217 2632 3262 non
2695 3197 2834 3264 ideo
2874 3215 2932 3255 2⁵

729 3407 912 3475 1‘1011.
950 3423 1003 3488 3,
1047 3423 1135 3488 18;
1175 3421 1375 3476 Matth.
1414 3423 1499 3485 25,
1536 3423 1608 3477 46

622 3546 647 3599 l
690 3545 881 3615 inquid
916 3547 1156 3600 minatur
1190 3547 1250 3600 Ε
1387 3562 1496 3599 non
1534 3562 1636 3601 om.
1675 3547 1737 3600 Ε
1876 3547 1908 3600 3
1948 3546 2002 3599 in
2042 3563 2163 3600 aere
2201 3546 2474 3610 metietur,
2511 3563 2581 3601 m.
2605 3551 2645 3600 2
2678 3547 2734 3600 in
2772 3562 2836 3600 ea

545 3633 862 3687 remetietur
902 3634 954 3690 G
993 3633 1178 3688 eadem
1218 3635 1535 3688 remetietur
1562 3635 1623 3688 E
1654 3635 1969 3690 remetietur
1995 3636 2050 3691 P
2088 3643 2177 3702 (ex
2211 3636 2534 3702 remitietur)
2575 3635 2699 3690 edd.
2733 3651 2832 3690 sec.

544 3737 686 3799 sacr.
726 3721 832 3776 litt.
938 3725 974 3778 5
1014 3723 1419 3792 circumscripta
1456 3726 1540 3776 est
1576 3727 1679 3789 (ae
1718 3740 1784 3778 ex
1818 3741 1929 3780 ras.
1969 3730 2020 3778 et
2058 3740 2195 3781 corr.
2232 3741 2303 3778 m.
2324 3729 2373 3792 1)
2409 3725 2486 3778 M
2588 3727 2622 3779 6
2657 3726 2834 3778 minae

546 3809 589 3884 (i
622 3827 735 3864 ras.
774 3816 825 3864 et
860 3827 999 3865 corr.
1038 3827 1105 3865 ex
1143 3815 1199 3877 u)
1237 3811 1293 3864 P
1325 3811 1383 3864 in
1420 3827 1671 3865 mensura
1697 3811 1756 3865 E
1861 3813 2078 3868 infinita
2103 3813 2165 3868 Ε
2251 3814 2283 3866 7
2322 3813 2620 3868 subiectam
2648 3813 2834 3868 ΗΜΛ

545 3897 579 3952 8
618 3899 948 3968 propositam
980 3914 1082 3952 om.
1112 3899 1173 3953 Ε
1245 3900 1309 3953 12
1338 3903 1823 3968 puto—mensuras
1861 3917 1964 3956 om.
1993 3908 2044 3956 et
2077 3901 2141 3956 in
2174 3918 2346 3972 πων-9.
2375 3900 2586 3971 (m.1.2)
2625 3901 2757 3956 add.
2792 3901 2840 3954 C

548 3988 616 4040 14
652 3985 887 4040 hominis
932 3987 983 4042 G
1168 3987 1232 4040 15
1271 3987 1441 4040 solem
1476 4012 1505 4038 ι
1542 3987 1710 4041 istum
1753 3987 1801 4041 Ο
1981 3991 2046 4044 16
2097 3989 2438 4060 geometrici·
2478 3994 2526 4054 (s
2565 3991 2728 4058 eras.)
2763 3989 2840 4042 M

550 4076 613 4129 17
654 4075 769 4130 siue
806 4093 875 4129 m.
898 4080 937 4130 2
974 4093 1041 4130 ex
1076 4075 1123 4129 si
1160 4079 1221 4129 ut
1257 4075 1314 4128 P
1496 4076 1708 4144 possit.
1731 4119 1743 4132 .
1769 4077 1990 4147 ,possin
2028 4093 2096 4130 m.
2118 4080 2159 4130 2
2193 4079 2438 4146 possint.
2463 4079 2742 4147 ..possint
2783 4078 2834 4132 G

544 4164 755 4233 possint
777 4206 791 4218 .
813 4165 1096 4235 ..possint
1130 4164 1191 4218 E
1222 4163 1342 4219 edd.
1475 4163 1541 4217 18
1580 4169 1638 4218 et
1675 4165 1744 4235 si]
1787 4165 1865 4219 sic
1901 4167 1963 4220 E
2095 4167 2160 4221 19
2199 4165 2852 4236 conprehendunt—eius,

544 4269 647 4306 om.
686 4259 735 4307 et
770 4253 833 4307 in
868 4269 1040 4322 mary.
1076 4271 1145 4308 m.
1167 4256 1207 4306 2
1244 4251 1376 4312 add,
1408 4251 1476 4306 Η
1566 4254 1638 4307 20
1667 4255 1856 4324 utiquo
1885 4255 2000 4308 eius
2029 4255 2088 4309 E
2181 4256 2245 4309 21
2290 4255 2434 4324 quod
2469 4254 2516 4308 Ο
2606 4257 2676 4309 24
2707 4271 2834 4310 con-

543 4341 791 4394 uincatur
823 4340 900 4393 M
1001 4342 1071 4396 25
1108 4343 1207 4412 sic]
1248 4342 1296 4396 si
1332 4341 1407 4394 M
1548 4342 1692 4412 ideo]
1736 4343 1894 4398 uideo
1932 4343 1987 4396 A
2247 4327 2254 4335 ’
