3184 4959
1243 451 1778 521 epistularum
1836 451 1952 506 (311.
2622 453 2749 517 557

455 667 601 712 cum
656 651 836 714 tanta
890 647 1400 713 manifestatione
1458 647 1533 712 de
1587 649 1700 713 illo
1759 650 2195 731 compleantur
2239 651 2570 734 praeconia
2613 671 2753 735 pro-

452 754 809 837 phetarum,
840 755 1009 820 nolle
1039 755 1245 819 adhuc
1280 754 1530 820 credere
1562 758 1628 820 et
1653 755 1843 820 malle
1881 755 2155 821 humana
2184 759 2420 823 astutia
2456 758 2754 824 resistere

456 881 642 944 quam
699 864 829 926 tam
889 863 1092 926 clarae
1150 865 1339 944 atque
1393 861 1766 944 perspicuae
1821 865 2079 946 tamque
2137 865 2395 929 sublimi
2446 869 2511 928 et
2557 864 2754 929 subli-

453 968 641 1033 miter
678 967 1037 1033 diffamatae
1077 967 1328 1032 diuinae
1369 968 1587 1032 cedere
1627 969 2012 1048 auctoritati,
2045 989 2235 1053 quam
2275 971 2379 1035 diu
2423 990 2657 1052 paruus
2689 973 2754 1034 et

394 1097 417 1136 ⁵
452 1075 736 1140 infirmus
794 1077 894 1140 est
944 1074 1312 1139 intellectus
1367 1073 1642 1139 hominis
1699 1075 1951 1140 diuinae
2009 1077 2228 1141 cedere
2275 1077 2552 1144 ueritati.
2601 1077 2752 1160 quid

459 1202 606 1267 ergo
636 1183 891 1262 mirum,
932 1183 987 1248 si
1016 1187 1147 1247 tam
1184 1181 1548 1246 infidelibus
1588 1183 1847 1264 plenum
1879 1184 2091 1247 orbem
2121 1187 2427 1248 terrarum
2460 1183 2754 1248 Christus

453 1289 769 1372 prioribus
844 1291 1118 1354 saeculis
1194 1293 1475 1367 nouerat,
1551 1293 1627 1353 ut
1700 1290 1790 1355 eis
1867 1309 2160 1374 apparere
2225 1291 2332 1355 1131
2405 1289 2752 1374 praedicari

455 1397 680 1461 merito
738 1397 957 1474 nollet,
1014 1415 1175 1479 quos
1230 1415 1345 1460 nec
1400 1397 1616 1462 uerbis
1663 1416 1778 1462 nec
1835 1397 2157 1462 miraculis
2215 1397 2352 1462 suis
2401 1397 2750 1462 credituros

458 1521 597 1568 esse
645 1503 1080 1586 praesciebat?
1126 1522 1327 1586 neque
1376 1504 1542 1568 enim
1590 1504 1954 1570 incredibile
2005 1507 2104 1570 est
2148 1505 2309 1569 tales
2357 1504 2554 1568 fuisse
2600 1506 2754 1568 tunc

369 1627 420 1666 10
460 1627 697 1686 omneS,
765 1607 983 1692 quales
1052 1608 1129 1672 ab
1187 1609 1325 1674 eius
1390 1609 1667 1674 aduentu
1733 1629 1938 1693 usque
1995 1609 2073 1674 ad
2136 1609 2258 1674 hoc
2313 1614 2566 1691 tempus
2619 1612 2753 1674 tam

458 1714 697 1780 multos
744 1715 944 1780 fuisse
992 1719 1182 1800 atque
1231 1735 1373 1782 esse
1418 1717 1741 1782 miramur.

284 1825 364 1886 15
545 1821 631 1886 Et
692 1823 902 1887 tamen
968 1821 1045 1886 ab
1109 1823 1293 1888 initio
1361 1824 1608 1907 generis
1674 1823 1936 1888 humani
2002 1823 2157 1888 alias
2214 1823 2527 1889 occultius
2595 1822 2752 1886 alias

460 1928 838 2009 euidentiuS,
906 1928 1079 1994 sicut
1133 1949 1477 2014 congruere
1532 1931 1930 2014 temporibus
1988 1931 2296 1995 diuinitus
2363 1929 2578 1994 uisum
2635 1932 2752 2006 est,

458 2054 573 2100 nec
627 2037 988 2120 prophetari
1044 2037 1295 2103 destitit
1350 2057 1482 2117 nec,
1540 2039 1651 2121 qui
1704 2039 1768 2102 in
1827 2058 1969 2102 eum
2021 2038 2360 2118 crederent,
2419 2037 2754 2102 defuerunt

370 2161 422 2202 15
460 2142 537 2207 ab
584 2143 786 2207 Adam
843 2162 1047 2226 usque
1105 2144 1184 2209 ad
1229 2146 1492 2228 Moysen
1550 2149 1616 2210 et
1666 2145 1732 2210 in
1785 2125 1926 2228 ipso
1982 2145 2218 2230 populo
2274 2144 2537 2224 Israhel,
2593 2161 2754 2226 quae

458 2251 719 2334 speciali
775 2252 1047 2334 quodam
1112 2254 1415 2336 mysterio
1482 2272 1638 2337 gens
1704 2254 2074 2336 prophetica
2138 2252 2281 2331 fuit,
2353 2255 2416 2315 et
2478 2251 2544 2316 in
2611 2249 2752 2314 aliis

458 2357 775 2442 gentibus,
844 2363 1180 2443 antequam
1245 2359 1532 2425 uenisset
1592 2361 1660 2424 in
1735 2379 1938 2425 carne.
2014 2379 2160 2424 cum
2234 2358 2400 2423 enim
2465 2355 2752 2421 nonnulli

458 2469 1035 2530 commemorantur
1093 2465 1158 2530 in
1226 2467 1466 2532 sanctis
1520 2467 1856 2532 Hebraicis
1921 2465 2102 2531 libris
2157 2467 2286 2530 iam
2343 2483 2416 2528 ex
2469 2469 2755 2544 tempore

456 2572 745 2638 Abrahae
798 2591 916 2637 nec
962 2573 1038 2637 de
1096 2573 1291 2657 stirpe
1340 2574 1541 2638 carnis
1590 2574 1728 2638 eius
1785 2592 1900 2637 nec
1947 2592 2019 2637 ex
2073 2573 2308 2656 populo
2355 2569 2598 2636 Israhel
2641 2587 2758 2632 1133

370 2702 421 2738 ,ιο
460 2679 819 2744 aduenticia
901 2680 1206 2745 societate
1288 2680 1350 2744 in
1433 2681 1673 2764 populo
1746 2681 2009 2758 Israhel,
2093 2680 2202 2762 qui
2275 2683 2486 2743 tamen
2561 2674 2756 2739 huius

464 2787 841 2852 sacramenti
903 2788 1246 2871 participes
1320 2789 1593 2864 fuerunt,
1676 2808 1789 2854 cur
1851 2807 1972 2853 non
2040 2787 2367 2852 credamus
2436 2783 2628 2849 etiam
2691 2781 2755 2844 111

462 2894 691 2958 ceteris
755 2894 873 2959 hac
928 2897 1120 2976 atque
1173 2895 1325 2960 11133
1391 2877 1686 2980 gentibus
1745 2897 1903 2960 alias
1961 2894 2118 2959 31133
2173 2893 2394 2972 fuisse,
2463 2889 2756 2973 quamuis

461 3019 569 3066 333
637 3005 1162 3067 commemoratos
1236 3001 1301 3066 in
1367 3002 1606 3066 eisdem
1675 3001 2162 3066 auctoritatibus
2227 3017 2347 3064 non
2421 2997 2756 3080 legamus?

460 3107 551 3171 ita
606 3109 780 3172 331113
835 3108 1158 3192 religionis
1204 3109 1419 3188 huius,
1475 3128 1587 3193 per
1633 3129 1822 3190 quam
1873 3110 2074 3173 solam
2121 3125 2338 3171 ueram
2387 3104 2559 3168 salus
2606 3121 2760 3166 uera

639 3266 833 3334 24—p.
873 3266 995 3332 558,
1034 3267 1067 3320 2
1105 3290 1174 3313 =
1214 3267 1352 3335 Aug.
1392 3268 1635 3321 Retract.
1674 3266 1732 3321 II
1768 3266 1833 3321 31

533 3371 565 3424 3
604 3373 849 3440 tamque]
890 3377 1003 3426 tam
1040 3373 1097 3426 A
1132 3378 1411 3443 tamquam
1448 3375 1507 3428 Ε
1632 3373 1853 3427 sublimi
1891 3376 1947 3427 et
1982 3389 2159 3427 om.m
2301 3373 2337 3425 4
2376 3369 2590 3424 credere
2628 3369 2750 3423 edd.

450 3468 749 3529 praeter-m
858 3479 1017 3532 quam
1047 3462 1437 3517 diu—ueritati
1476 3480 1576 3519 om.
1607 3465 1668 3517 E
1753 3467 1785 3517 5
1817 3466 1902 3518 est
1939 3466 1996 3517 et
2031 3462 2344 3516 intellectus
2376 3461 2422 3514 G
2528 3457 2746 3512 diuinae

463 3549 627 3604 debet
664 3550 927 3604 cederem
964 3552 1183 3605 diuinae
1222 3552 1387 3606 debet
1425 3552 1642 3607 credere
1680 3558 1798 3607 cett.
1830 3552 1950 3607 edd.
2062 3557 2192 3605 ante
2227 3550 2452 3604 ueritati
2479 3552 2598 3602 m.1
2625 3563 2668 3601 3.
2697 3564 2752 3602 α.

464 3639 593 3693 add.
623 3640 799 3694 nescit
825 3641 900 3694 M
970 3641 1001 3694 6
1032 3641 1077 3694 31
1105 3643 1241 3710 tam]
1273 3642 1381 3694 iam
1410 3643 1470 3696 Ε
1538 3642 1573 3696 8
1596 3642 1791 3696 merito
1822 3659 1924 3695 om.
1957 3639 2016 3693 E
2123 3656 2258 3709 quos
2283 3641 2403 3706 nec]
2435 3653 2566 3706 quo·
2595 3653 2663 3690 ne
2693 3635 2752 3687 H

461 3731 493 3783 9
530 3729 807 3783 inuisibile
843 3729 913 3782 H
1012 3734 1145 3784 tunc
1181 3731 1347 3784 fuisse
1375 3731 1438 3784 E
1542 3732 1606 3784 11
1649 3735 1705 3785 et
1742 3731 1863 3786 edd.
1977 3731 2044 3784 14
2083 3729 2338 3784 destituit
2373 3727 2428 3780 P
2463 3726 2683 3780 desistit
2714 3722 2762 3776 G

530 3837 599 3873 ne
642 3817 691 3872 0
866 3821 933 3874 15
972 3819 1063 3888 ab]
1106 3823 1161 3872 et
1198 3821 1265 3873 ab
1304 3821 1365 3873 E
1528 3821 1587 3874 in
1625 3821 1774 3891 ipsos
1812 3820 2040 3890 populos
2079 3820 2138 3873 Ε
2315 3819 2380 3870 16
2419 3813 2670 3886 speciali*
2705 3813 2762 3866 P

464 3908 533 3962 18
572 3912 1069 3968 commemorantur,
1108 3925 1176 3964 m.
1200 3913 1239 3962 2
1277 3914 1762 3963 commemorentur
1803 3909 1854 3964 G
1997 3913 2112 3962 tam
2147 3909 2210 3961 E
2307 3907 2370 3960 19
2408 3922 2509 3958 nec
2543 3919 2652 3957 non
2690 3901 2756 3955 de

462 3998 631 4068 stirpe
669 3998 730 4050 E
866 4015 967 4051 1133
1006 4013 1067 4051 ex
1106 3998 1419 4052 aduenticia
1454 3999 1576 4053 edd.
1684 3999 1754 4052 20
1790 3999 1975 4068 huius]
2015 3998 2074 4050 in
2109 3997 2269 4050 huius
2305 3995 2366 4048 E
2469 3993 2535 4046 21
2578 4009 2755 4046 sacra-

462 4089 677 4148 mentis,
714 4105 784 4140 m.
808 4091 847 4140 2
883 4086 1207 4142 sacramenti
1251 4087 1303 4141 G
1482 4088 1901 4158 participatione
1937 4087 1999 4141 E
2172 4086 2241 4140 22
2286 4084 2390 4137 hac
2427 4085 2594 4151 atque
2629 4081 2756 4135 illac

464 4177 743 4247 gentibus]
784 4177 884 4230 hec
923 4193 1059 4246 eque
1096 4177 1535 4246 intelligentibus
1570 4179 1634 4231 E
1843 4177 1954 4240 illa,
1992 4193 2062 4234 m.
2084 4179 2124 4229 2
2157 4175 2284 4228 illac
2319 4173 2444 4226 MP
2476 4171 2590 4235 illa,
2627 4186 2696 4223 m.
2717 4172 2758 4222 2

462 4267 587 4322 illac
621 4267 673 4321 G
782 4267 935 4330 aliaS,
972 4283 1041 4321 m.
1074 4267 1113 4320 2
1138 4265 1278 4320 tales
1309 4268 1359 4321 G
1468 4267 1539 4320 23
1568 4269 1984 4319 commemorato
2015 4250 2129 4318 sine
2155 4263 2328 4316 isdem
2367 4277 2504 4315 corr.
2542 4277 2610 4314 m.
2633 4262 2672 4313 2
2704 4258 2756 4312 G

463 4359 535 4411 24
572 4358 741 4412 solum
787 4355 834 4410 C
