3184 4959
1017 437 1544 507 epistularum
1606 436 1848 492 CXVIII.
2453 441 2581 506 689

289 642 495 702 tamen
547 636 704 699 dixit
749 653 902 713 rem,
953 653 1112 716 quae
1159 634 1328 712 illos,
1379 635 1435 699 si
1484 634 1788 717 euigilare
1834 639 2117 717 possent,
2166 636 2321 699 satis
2371 634 2582 700 admo-

290 750 479 821 neret,
529 762 728 820 omne,
779 741 948 824 quod
995 741 1168 805 sicut
1214 760 1442 823 corpus
1489 741 1717 805 uiuum
1764 741 1973 807 animo
2023 742 2316 819 occurrit,
2374 741 2583 825 magis

289 850 512 914 habere
577 850 846 913 animam
907 852 971 913 et
1026 868 1165 913 esse
1223 848 1477 925 animal,
1536 867 1724 930 quam
1791 847 2064 913 animam
2120 866 2263 913 esse
2320 848 2584 931 cogitari

293 959 590 1039 oportere.
639 957 760 1020 hoc
801 958 900 1021 est
937 955 1124 1034 enim,
1167 954 1334 1037 quod
1372 955 1488 1020 ait:
1529 955 1689 1019 ‘Erit
1734 955 1975 1036 aliquid
2020 956 2307 1029 interiuS.
2347 974 2419 1019 ex
2457 973 2580 1036 quo

232 1085 255 1124 5
289 1061 446 1126 illud
503 1062 734 1127 animal
789 1062 1186 1127 nominetur’.
1255 1062 1363 1125 sed
1423 1061 1741 1145 adiungit:
1800 1060 1992 1142 ‘Quid
2048 1065 2261 1127 autem
2316 1062 2583 1126 interius

291 1171 562 1234 mente}n
634 1188 756 1232 non
824 1186 972 1252 ergo
1045 1171 1262 1249 potest
1323 1187 1502 1233 mens
1568 1168 1797 1233 habere
1860 1168 2219 1232 interiorem
2286 1168 2580 1245 animam,

290 1281 360 1339 ut
425 1276 510 1339 sit
575 1275 826 1353 animal,
896 1274 1046 1358 quia
1109 1274 1251 1357 ipsa
1316 1278 1415 1339 est
1487 1274 1762 1340 interior.
1846 1292 1993 1357 ergo
2062 1293 2290 1358 corpus
2356 1274 2585 1339 habeat

290 1382 694 1461 extrinsecuS‚
744 1382 843 1447 cui
894 1383 981 1447 sit
1015 1381 1296 1459 interior,
1345 1384 1418 1446 ut
1455 1381 1542 1446 sit
1579 1381 1829 1446 animal.
1880 1381 2001 1445 hoc
2042 1384 2141 1445 est
2177 1381 2365 1457 enim,
2416 1380 2584 1464 quod

291 1489 401 1553 ait:
441 1488 770 1572 ‘Cingatur
807 1488 1006 1571 igitur
1043 1506 1300 1571 corpore
1339 1490 1634 1565 externo’,
1676 1488 1859 1571 quasi
1896 1488 2299 1571 Anaxagoras
2340 1488 2582 1565 dixerit,

208 1619 251 1655 ιο
289 1595 411 1659 nisi
447 1594 736 1659 animalis
775 1594 1046 1659 alicuius
1085 1598 1276 1669 esset,
1315 1598 1592 1659 mentem
1625 1612 1764 1659 esse
1801 1613 1923 1659 non
1962 1613 2171 1679 posse,
2212 1596 2265 1659 si
2303 1597 2580 1659 mentem

291 1702 489 1783 ipsam
539 1720 852 1766 summam
911 1701 1284 1783 sapientiam
1334 1721 1473 1765 esse
1522 1700 1857 1777 sentiebat,
1905 1720 2067 1784 quae
2112 1702 2352 1766 nullius
2400 1702 2583 1785 quasi

291 1808 624 1872 animantis
671 1808 924 1891 propria
963 1810 1082 1881 est,
1133 1807 1282 1889 quia
1321 1807 1615 1872 omnibus
1662 1807 1887 1871 animis
1936 1826 2004 1871 se
2049 1808 2176 1873 frui
2220 1809 2583 1873 ualentibus

288 1914 524 1978 ueritas
581 1912 1000 1978 communiter
1053 1916 1306 1995 praesto
1365 1916 1482 1978 est.
1550 1920 1617 1977 et
1670 1912 1811 1978 ideo
1870 1913 2039 1991 uide,
2098 1933 2286 1995 quam
2344 1914 2581 1979 urbane

291 2020 648 2085 concludat:
687 2016 892 2097 ‘Quod
930 2020 1225 2101 quoniam
1275 2038 1396 2084 non
1444 2020 1696 2102 placet‘‚
1734 2019 1961 2102 inquit,
2012 2056 2097 2067 —
2146 2020 2265 2085 hoc
2315 2023 2416 2085 est
2459 2040 2582 2085 non

203 2152 251 2191 ιε»
288 2127 496 2210 placet
539 2126 962 2211 Anaxagorae,
1019 2131 1094 2191 ut
1147 2126 1258 2190 illa
1313 2145 1516 2203 mens,
1573 2145 1764 2207 quam
1813 2125 1970 2190 dicit
2024 2125 2235 2202 deum,
2295 2128 2585 2211 cingatur

289 2252 542 2315 corpore
585 2238 858 2310 extern0,
899 2252 1022 2316 quo
1071 2233 1306 2297 animal
1346 2252 1486 2298 esse
1524 2233 1751 2315 possit,
1795 2270 1873 2279 —
1916 2236 2153 2315 ‘aperta
2192 2233 2585 2316 simplexque

284 2359 460 2403 mens
519 2342 694 2404 nulla
747 2360 814 2403 re
871 2339 1187 2413 adiuncta,
1240 2359 1363 2422 qua
1411 2340 1644 2405 sentire
1698 2340 1947 2421 possit‘,
2000 2376 2079 2387 -—
2128 2340 2195 2404 id
2252 2344 2351 2405 est
2404 2340 2581 2405 nullo

287 2464 540 2529 corpore
599 2445 915 2523 adiunctO,
973 2466 1084 2529 per
1127 2439 1310 2528 ‘quod
1366 2446 1594 2510 sentire
1642 2446 1870 2529 possit,
1920 2482 2007 2493 ——
2054 2447 2293 2530 ‘fugere
2339 2447 2583 2511 intelle-

285 2553 532 2636 gentiae
579 2556 830 2618 nostrae
877 2552 1008 2616 uim
1059 2556 1122 2616 et
1167 2552 1488 2617 notionem
1535 2553 1831 2619 uidetur’.

76 2660 173 2725 26
195 2682 248 2721 20
371 2659 553 2723 Nihil
607 2654 822 2723 uerius
872 2679 1059 2741 quam
1117 2660 1337 2743 fugere
1383 2660 1503 2723 hoc
1552 2659 1683 2724 uim
1736 2661 1801 2723 et
1846 2658 2164 2724 notionem
2212 2658 2583 2743 intellegen-

281 2766 408 2831 tiae
466 2764 822 2831 Stoicorum
882 2768 948 2829 et
1001 2766 1475 2848 Epicureorum,
1543 2766 1653 2847 qui
1720 2754 1857 2829 nisi
1900 2766 2247 2848 corporalia
2304 2767 2581 2849 cogitare

281 2892 401 2935 non
475 2874 767 2955 possunt.
846 2872 1014 2954 quod
1089 2876 1303 2936 autem
1377 2872 1468 2936 ait
1530 2874 1845 2950 ‘nostrae‘,
1920 2872 2232 2936 humanae
2295 2871 2582 2957 intellegi

281 2978 516 3051 uoluit;
568 2982 632 3043 et
675 2978 834 3043 bene
881 2998 1002 3043 non
1053 2978 1143 3043 ait
1187 2978 1396 3061 ‘fugit’
1445 2978 1555 3042 sed
1606 2978 1845 3062 ‘fugere
1890 2978 2196 3054 uidetur‘3
2246 2979 2365 3044 hoc
2414 2979 2581 3043 enim

281 3084 410 3148 illis
457 3085 715 3149 uidetur
761 3085 1078 3149 neminem
1125 3086 1245 3149 hoc
1293 3104 1481 3167 posse
1529 3085 1902 3170 intellegere
1951 3089 2015 3149 et
2058 3084 2201 3149 ideo
2248 3085 2411 3150 nihil
2454 3086 2582 3150 tale

189 3212 244 3251 25
282 3210 421 3255 esse
471 3190 870 3256 arbitrantur.
932 3190 1043 3255 sed
1091 3191 1483 3272 quorundam
1539 3190 2061 3274 intellegentiam,
2110 3196 2415 3273 quantum
2472 3192 2583 3257 ho-

279 3298 436 3361 mini
474 3297 691 3361 datum
733 3302 850 3375 est,
897 3317 1021 3362 non
1067 3298 1236 3381 fugit
1283 3317 1422 3362 esse
1472 3302 1753 3379 apertam
1803 3296 2285 3380 simplicemque
2336 3298 2578 3382 sapien-

279 3404 434 3469 tiam
485 3408 674 3487 atque
721 3406 1079 3483 ueritatem,
1129 3424 1288 3488 quae
1337 3405 1576 3469 nullius
1628 3405 1963 3469 animantis
2013 3404 2097 3469 sit
2142 3404 2411 3488 propria,
2470 3406 2583 3471 sed

459 3528 520 3591 4;
561 3527 619 3592 53
659 3528 719 3590 9;
764 3528 829 3582 14
867 3524 979 3581 Cic.
1021 3524 1086 3580 de
1124 3529 1237 3579 nat.
1278 3526 1328 3578 d.
1367 3525 1412 3589 I,
1453 3528 1538 3589 11,
1576 3527 1789 3581 26-27

357 3634 381 3687 1
423 3636 794 3687 ammonerent
827 3632 952 3687 MA
1169 3634 1201 3686 3
1241 3632 1476 3685 animam
1520 3631 1723 3685 habere
1760 3632 1881 3687 edd.
2100 3646 2217 3685 esse
2257 3631 2489 3685 animam
2526 3630 2581 3686 R

277 3724 312 3775 4
352 3726 436 3775 est
473 3738 575 3774 om.
613 3722 668 3773 A
847 3722 973 3790 erit]
1015 3726 1074 3774 ef·
1114 3720 1192 3773 P¹
1371 3721 1403 3773 6
1439 3722 1623 3775 mente
1660 3720 1841 3775 ΜΔΕ
2022 3721 2231 3789 potest*
2260 3720 2406 3785 (fuit
2442 3720 2489 3787 s)
2528 3721 2583 3772 A

278 3813 310 3863 9
353 3810 591 3877 cingitur
625 3826 679 3863 m
765 3810 831 3864 10
867 3810 932 3876 si,
967 3815 1091 3864 m.1
1124 3826 1298 3878 supra
1337 3808 1433 3862 sed
1470 3810 1524 3862 P
1616 3809 1682 3862 13
1722 3809 2075 3863 communiter
2110 3808 2313 3861 ueritas
2352 3808 2407 3861 V
2436 3807 2579 3862 ueri-

275 3904 368 3951 tas
404 3914 525 3967 om,
562 3916 630 3953 m.
668 3904 734 3952 ut
766 3898 884 3953 uid.
924 3902 964 3951 2
997 3899 1060 3951 in
1095 3914 1266 3967 mary.
1295 3904 1428 3965 post
1465 3898 1822 3951 communiter
1858 3898 1989 3952 add.
2027 3896 2101 3951 P¹
2181 3898 2248 3951 14
2288 3896 2581 3959 collaudat,

274 4006 348 4041 m.
371 3993 401 4041 1
439 4004 615 4056 supra
648 3987 676 4040 1
713 3987 1001 4041 concludat
1034 3987 1091 4042 R
1274 3989 1338 4041 17
1377 3988 1552 4057 mens]
1588 4004 1739 4041 mens
1780 4004 1917 4056 quae
1953 3986 2010 4041 R
2205 3993 2310 4055 qua
2346 3986 2403 4041 R
2442 4002 2579 4054 quae

280 4077 564 4131 Ciceronis
600 4076 755 4132 codd.
870 4076 936 4129 18
973 4076 1161 4145 fugere
1199 4076 1310 4146 (pr.
1351 4092 1380 4130 e
1419 4092 1486 4131 ex
1521 4091 1659 4130 corr.
1698 4092 1767 4133 m.
1790 4080 1848 4143 2)
1874 4075 1949 4129 M
2054 4077 2121 4129 19
2150 4092 2175 4128 [ι
2194 4076 2319 4129 mim
2357 4078 2580 4143 (parua

271 4166 414 4233 rae.)
451 4163 524 4217 Pl
637 4165 706 4221 20
743 4164 1144 4233 intelligentiae
1184 4164 1386 4233 (intelli
1423 4163 1527 4234 bis)
1565 4165 1618 4218 A
1656 4164 2038 4234 intellegentia
2073 4163 2148 4217 M
2252 4163 2317 4216 21
2350 4164 2579 4217 »stoico-

272 4270 395 4307 rum
435 4254 475 4319 (i
512 4270 652 4309 eras.
675 4251 727 4321 .9)
764 4254 834 4307 M
1061 4252 1170 4309 nisi
1205 4253 1565 4323 incorporalia
1602 4253 1675 4305 M
1902 4254 1971 4305 22
2008 4251 2277 4321 intelligit
2312 4251 2490 4306 uoluit
2525 4254 2579 4305 A

273 4344 348 4397 26
385 4342 495 4397 fuit
529 4342 604 4396 M
743 4345 990 4412 apertum
1027 4342 1103 4395 M
1244 4357 1346 4410 que
1383 4342 1446 4395 in
1473 4341 1594 4411 fine
1630 4358 1686 4396 u.
1726 4358 1827 4397 om.
1867 4344 1920 4396 A

329 4467 566 4520 XXXIIII,
595 4466 714 4517 Aug.
748 4470 858 4509 sect.
879 4466 926 4507 11
946 4476 1052 4515 paro
1071 4468 1115 4507 2.
2435 4449 2507 4501 44
