3184 4959
1087 436 1619 505 epistularum
1678 436 1862 492 CXXI.
2502 444 2631 508 729

339 634 404 694 et
449 630 859 695 meditatione
905 630 1168 707 uersari,
1209 631 1329 695 nisi
1369 632 1529 695 forte
1573 636 1833 715 propter
1875 634 2178 699 honorem
2214 634 2379 719 legis
2426 634 2632 717 ipsius

306 737 446 801 'uel
481 737 725 821 generis
755 736 1092 815 Abraham,
1132 740 1206 801 ut
1243 737 1436 803 etiam
1473 738 1536 802 in
1574 742 1753 820 parte
1790 742 2037 805 terrena
2075 740 2341 805 carnalis
2372 741 2633 805 seminis

339 844 496 922 eius,
537 863 698 927 quae
735 844 1035 908 uidentur
1071 844 1419 909 secundum
1468 845 1759 909 harenam
1811 847 2003 911 maris
2051 848 2422 931 computari,
2469 848 2635 933 legis

337 951 633 1033 antiquae
697 951 912 1016 littera
973 954 1358 1033 perseueret,
1433 970 1510 1015 ne
1584 952 1751 1017 forte
1816 953 2014 1037 aliqui
2090 954 2359 1037 legendo
2425 954 2634 1040 legem

279 1077 301 1113 ⁵
336 1057 795 1123 inluminentur
850 1057 928 1122 ad
982 1057 1173 1122 fidem
1230 1056 1486 1138 Christi,
1545 1059 1654 1141 qui
1711 1062 1775 1124 et
1837 1060 2000 1144 legis
2058 1064 2123 1126 et
2185 1062 2635 1145 prophetarum

339 1164 480 1229 finis
527 1167 628 1229 est
675 1166 740 1227 et
782 1164 846 1227 in
897 1164 1190 1229 omnibus
1240 1182 1456 1229 eorum
1502 1166 1685 1230 libris
1740 1166 2206 1251 praefiguratus
2254 1186 2325 1232 ac
2372 1168 2639 1252 prophe-

338 1275 509 1336 tatus
549 1272 800 1336 elucet?
839 1274 949 1335 aut
987 1271 1136 1354 quia
1173 1291 1247 1335 ex
1281 1272 1441 1355 ipsis
1477 1272 1697 1355 impiis
1738 1292 1955 1339 eorum
2006 1276 2323 1359 generatio
2372 1278 2642 1339 uentura

339 1383 437 1443 est
493 1380 860 1451 electorum,
928 1379 1036 1460 qui
1105 1379 1180 1443 de
1247 1379 1520 1463 singulis
1583 1380 1881 1445 tribubus
1948 1380 2134 1446 electi
2198 1382 2261 1445 in
2330 1381 2638 1447 duodenis

338 1484 600 1549 milibus
661 1485 1099 1569 signabuntur,
1161 1486 1392 1568 quibus
1449 1486 1585 1570 ipsa
1640 1488 1947 1553 reuelatio
2003 1488 2175 1553 beati
2220 1488 2520 1554 Iohannis
2569 1506 2641 1551 ex

256 1609 302 1647 ιο
341 1610 500 1656 uoce
531 1592 737 1675 angeli
774 1592 1268 1674 praenuntiantis
1299 1593 1419 1657 hoc
1457 1593 1897 1660 testimonium
1934 1595 2242 1677 perhibet,
2275 1595 2423 1677 quia
2451 1594 2639 1658 comi-

341 1697 506 1763 tatui
551 1698 722 1781 regis
770 1698 1006 1763 aeterni
1053 1698 1429 1764 familiarius
1479 1700 1911 1766 adhaerebunt
1962 1702 2219 1783 penitus
2274 1700 2643 1765 inmaculati

343 1809 408 1869 et
453 1805 760 1868 humanae
809 1803 1272 1870 coniunctionis
1321 1808 1648 1887 expertes?
1697 1806 1772 1870 de
1821 1808 2051 1888 quibus
2111 1806 2468 1889 specialiter
2524 1806 2640 1871 ait:

346 1908 807 1991 Sequentur
889 1928 1193 1993 agnum,
1282 1931 1789 1995 quocumque
1881 1914 2101 1991 ierit,
2188 1914 2377 1997 quia
2461 1932 2640 1978 cum

343 2016 834 2103 mulieribus
883 2036 966 2082 se
1005 2036 1154 2082 non
1194 2017 1975 2099 coinquinauerunt3
2026 2020 2395 2104 uirgines
2435 2020 2639 2085 enim

261 2142 308 2183 ιε
348 2127 552 2189 sunt.

213 2234 251 2295 8
432 2232 504 2297 In
553 2231 944 2315 sexagesimo
1003 2234 1178 2296 sexto
1232 2235 1482 2313 praeter
1527 2232 1653 2295 alia
1698 2231 1861 2296 illud
1908 2232 2437 2297 obscurissimum
2484 2233 2616 2297 mih

347 2342 465 2414 est,
507 2339 674 2422 quod
714 2340 826 2403 ait:
866 2340 1156 2403 Verum
1204 2342 1469 2403 tamen
1509 2337 1704 2402 deus
1744 2340 2333 2421 conquassabit
2368 2340 2645 2421 capita

346 2444 866 2509 inimicorum
916 2464 1241 2509 suorum
1289 2444 1690 2509 uerticem
1738 2444 2029 2529 capilli
2078 2445 2631 2529 perambulan-

347 2552 547 2615 tium
611 2551 688 2615 in
746 2549 1086 2615 delictis
1153 2550 1348 2625 suiS,
1405 2551 1560 2633 quid
1617 2552 1705 2617 sit
1768 2550 2073 2617 uerticem
2131 2550 2344 2634 capilli
2401 2569 2645 2634 peram-

258 2680 312 2719 ρο
345 2658 566 2722 bulare
611 2657 673 2721 iu
723 2656 993 2722 delictis.
1042 2675 1163 2721 non
1211 2658 1376 2722 enim
1427 2658 1582 2721 dixit
1620 2658 1947 2723 ‘uerticem
1995 2658 2246 2740 capitis’
2295 2658 2407 2722 sed
2456 2663 2646 2723 ‘uer-

530 2884 563 2938 3
595 2883 727 2939 Gen.
757 2885 844 2945 22,
878 2884 967 2948 17;
995 2884 1082 2951 32,
1113 2884 1178 2937 12
1287 2886 1318 2938 5
1349 2884 1498 2937 Rom.
1534 2884 1617 2947 10,
1646 2886 1681 2938 4
1792 2886 1821 2937 7
1851 2882 2018 2953 Apoc.
2050 2885 2100 2950 7,
2126 2882 2267 2939 5-8
2380 2884 2446 2937 13
2474 2882 2644 2954 Apoc.

358 2974 440 3039 14,
476 2974 512 3027 4
622 2975 687 3027 17
724 2974 814 3027 Ps.
853 2975 938 3036 67,
978 2974 1046 3027 22

430 3099 454 3151 1
495 3096 636 3151 forte
674 3114 796 3161 om,
833 3112 900 3149 m.
927 3100 964 3150 3
1003 3096 1078 3165 (ἓ)
1117 3096 1248 3151 add.
1293 3094 1340 3149 0
1424 3096 1458 3148 2
1497 3096 1696 3165 gentis,
1736 3112 1873 3150 corr.
1912 3100 2034 3149 m.1
2071 3096 2283 3165 generis
2326 3094 2374 3149 Ο
2458 3098 2491 3150 3
2531 3096 2645 3149 eius

354 3202 455 3239 om.
503 3188 556 3238 A
793 3185 1048 3240 uidentur
1095 3189 1150 3249 (n
1199 3185 1304 3241 del.
1351 3202 1417 3238 m.
1466 3190 1530 3239 ut
1573 3184 1690 3239 uid.
1719 3187 1779 3251 2)
1833 3184 1885 3240 G
1930 3184 2151 3239 uidetur
2196 3182 2309 3239 VK
2332 3202 2387 3238 m
2422 3183 2645 3238 Hartel.

427 3290 604 3337 arena,
643 3291 710 3327 m.
734 3278 774 3329 2
807 3274 1012 3327 harena
1045 3272 1103 3327 P
1277 3274 1312 3327 4
1353 3273 1582 3342 antiqui,
1619 3290 1689 3329 m.
1712 3276 1753 3327 2
1790 3273 2049 3342 antiquae
2092 3272 2144 3328 G
2347 3273 2561 3327 littei-na
2595 3274 2651 3326 P

427 3362 638 3433 aliquid
670 3363 738 3417 K
914 3366 946 3418 5
983 3363 1338 3416 inluminetur
1373 3362 1440 3416 K
1632 3363 1771 3432 legis
1810 3362 2211 3431 prophetarum,
2248 3379 2317 3417 m.
2340 3366 2379 3415 2
2412 3362 2552 3431 legis
2592 3366 2651 3415 et

355 3454 738 3523 prophetarum
777 3453 832 3505 A
975 3452 1010 3505 6
1049 3453 1132 3521 ac]
1172 3454 1267 3505 aut
1302 3452 1356 3504 A
1503 3452 1534 3505 7
1575 3452 1705 3521 qnia
1741 3467 1841 3504 om.
1881 3450 1937 3504 A
2089 3450 2123 3504 8
2161 3449 2389 3519 singulis
2427 3465 2550 3515 om.,
2586 3449 2650 3503 in

355 3558 524 3611 vna-ry.
563 3547 684 3595 m.1
722 3540 853 3595 add.
902 3540 954 3593 V
1090 3540 1266 3593 tribus
1304 3541 1358 3592 A
1514 3539 1677 3593 electi
1714 3556 1816 3593 om.
1858 3542 1911 3593 A
2058 3538 2343 3609 duodenis]
2386 3538 2648 3593 duodeni-

355 3632 456 3685 bus
499 3630 546 3685 Ο
650 3631 682 3684 9
721 3631 1020 3699 signantur,
1061 3644 1200 3682 corr.
1235 3632 1355 3684 m.1
1392 3628 1681 3697 signuntur
1717 3628 1765 3681 V
1802 3628 2158 3697 designantur
2184 3644 2238 3681 m
2378 3627 2648 3681 reualatio

359 3722 460 3773 bea
496 3719 748 3774 iohannis
786 3718 853 3772 K
949 3719 1017 3772 10
1054 3718 1208 3788 uoce]
1235 3717 1416 3772 uerbis
1447 3724 1538 3781 (m.
1559 3720 1600 3771 2
1624 3718 1688 3771 in
1712 3717 1898 3785 spatio
1924 3732 2107 3771 uacuo
2134 3716 2397 3785 scriptum
2422 3716 2565 3785 uid.)
2598 3715 2649 3769 G·

429 3808 794 3863 renuntiantis
833 3809 886 3862 A
921 3807 1392 3879 praenunciantes,
1431 3821 1571 3861 corr.
1612 3806 2053 3875 praenunciantis
2101 3804 2151 3858 V
2290 3804 2569 3875 perhibuit
2598 3806 2649 3857 A

364 3900 426 3952 12
467 3902 524 3952 et
561 3898 644 3953 bis
679 3897 746 3951 K
887 3896 1176 3967 speciliter‚
1216 3912 1354 3953 cor-r.
1393 3912 1460 3949 m.
1483 3899 1513 3948 1
1551 3895 1858 3965 specialiter
1894 3895 1944 3949 V
2054 3896 2119 3949 13
2156 3896 2458 3964 sequuntur
2486 3892 2651 3947 APG'

359 3988 480 4041 edd.
515 4002 617 4041 sec.
654 4002 797 4041 sacr.
838 3986 942 4039 litt.
1057 3987 1123 4040 14
1158 3985 1584 4054 inquinauerunt
1625 3984 1679 4039 G·
1789 3986 1853 4039 16
1893 3983 2011 4037 ΥΡ»
2049 3984 2116 4038 K
2148 3986 2297 4037 sexto
2336 3981 2544 4052 psalmo
2582 3982 2657 4035 M

359 4075 526 4129 v11m⁰
561 4076 770 4145 psalmo
817 4074 870 4127 V
899 4074 1130 4144 septimo
1170 4074 1290 4128 edd.
1509 4072 1794 4126 obscurum
1827 4070 1962 4125 mihi
2002 4074 2087 4125 est
2132 4070 2185 4123 V
2215 4070 2651 4125 obscurissimum

362 4169 446 4218 est
481 4164 646 4218 miehi
688 4162 736 4217 (J
765 4163 901 4217 mihi
939 4162 1378 4217 obscurissimum
1419 4166 1502 4217 est
1539 4162 1659 4216 edd.
1762 4162 1824 4215 17
1866 4161 2249 4230 conquassauit
2274 4158 2505 4214 MAGG
2531 4158 2649 4213 edd.

361 4254 718 4315 concassauit‚
757 4268 896 4307 corr.
937 4251 1325 4322 conquassauit
1362 4251 1417 4304 P
1542 4252 1607 4305 19
1647 4250 1757 4304 suis
1794 4267 1896 4304 om.
1941 4248 1989 4302 Ο
2128 4248 2222 4317 sit]
2264 4254 2293 4302 e
2330 4250 2385 4300 A
2528 4262 2649 4318 per-

361 4341 756 4395 ambulantium
797 4342 844 4395 G
878 4342 998 4395 edd.
1027 4346 1258 4410 praeter
1295 4358 1345 4393 m
