3184 4959
1144 453 1670 521 epistularum
1729 451 1934 505 LXXX.
2559 457 2686 518 349

392 651 645 726 extasi8‚
694 649 805 713 sed
853 649 1041 712 rebus
1090 648 1247 730 ipsis
1298 649 1733 712 accidentibus
1783 653 1848 712 et
1895 649 1970 712 ad
2019 648 2214 727 aliud,
2257 667 2446 730 quam
2487 653 2688 712 statu-

390 777 662 832 eramuS‚
712 755 1091 821 uocantibus
1140 755 1431 838 cogimur
1478 774 1819 840 agnoscere
1870 755 1970 820 dei
2017 755 2414 820 uoluntatem
2475 754 2685 822 aliam.

390 883 577 947 quam
626 867 759 928 erat
806 865 1041 940 nostra,
1102 866 1427 944 tamquam
1487 863 1540 926 si
1597 862 1914 946 proficisci
1971 865 2399 927 statueremus
2457 865 2521 926 et
2577 862 2686 925 ali-

388 971 539 1054 quid
586 973 889 1048 oreretur,
941 970 1109 1052 quod
1157 970 1451 1036 consulta
1498 969 1573 1034 de
1623 970 1829 1034 officio
1879 974 2094 1035 nostro
2143 969 2384 1034 ueritas
2439 973 2688 1033 uetaret

324 1103 349 1140 5
388 1077 691 1155 deserere,
779 1082 889 1143 aut
972 1077 1456 1142 decernentibus
1538 1078 1858 1142 inmanere
1943 1077 2342 1141 nuntiaretur
2422 1075 2682 1156 aliquid.

390 1185 557 1274 quod
622 1185 843 1249 eadem
901 1184 1168 1248 ueritate
1225 1183 1517 1248 consulta
1576 1203 1692 1248 nos
1751 1184 2161 1268 compelleret
2213 1181 2546 1265 proficisci.
2613 1201 2682 1246 ex

387 1292 507 1358 hoc
572 1293 759 1357 tertio
829 1311 1055 1375 genere
1122 1309 1453 1355 causarum
1519 1291 1858 1355 mutandae
1927 1290 2278 1356 sententiae
2344 1287 2496 1371 quid
2561 1287 2682 1352 tibi

388 1399 679 1464 uideatur
724 1402 871 1482 peto
920 1419 1171 1462 mecum
1219 1398 1469 1480 plenius
1520 1403 1584 1464 et
1631 1397 1960 1462 enodatius
2011 1398 2432 1481 conloquariS.
2495 1415 2684 1478 saepe

385 1524 498 1571 nos
548 1507 779 1588 quippe
830 1506 1166 1571 conturbat
1212 1511 1275 1570 et
1323 1505 1580 1570 difficile
1631 1509 1728 1570 est
1781 1524 1902 1570 non
1953 1505 2212 1588 aliquid.
2264 1504 2431 1587 quod
2477 1503 2684 1585 magis

296 1641 349 1680 ιο
383 1611 737 1696 faciendum
791 1616 943 1690 erat,
994 1613 1307 1690 omittere,
1358 1611 1511 1676 dum
1557 1613 1718 1678 illud
1767 1617 2010 1676 mutare
2059 1612 2378 1688 nolumus,
2437 1609 2500 1673 in
2557 1627 2682 1690 que

382 1718 557 1802 prius
622 1739 987 1801 permanere
1064 1722 1517 1796 statue1·amUS‚
1593 1739 1714 1784 non
1791 1718 2046 1802 quidem
2121 1718 2381 1795 malum,
2457 1734 2680 1780 uerum

379 1826 505 1890 iam
561 1827 703 1892 ideo
761 1826 1023 1904 malum,
1082 1825 1229 1909 quia
1282 1826 1367 1904 id,
1428 1825 1596 1908 quod
1651 1826 1868 1909 potius
1925 1824 2240 1909 agendum
2297 1827 2416 1901 est,
2465 1841 2680 1888 occur-

378 1953 519 1998 rens
568 1933 900 2011 deseritur,
950 1932 1119 2014 quod
1169 1933 1223 1997 si
1270 1953 1392 1996 non
1443 1935 1820 2008 occurreret,
1871 1951 1989 1996 non
2049 1931 2256 1996 solum
2315 1933 2450 1996 sine
2509 1930 2678 1994 uitu-

376 2041 697 2123 peratione
764 2040 874 2106 sed
942 2041 1131 2105 etiam
1199 2060 1343 2104 cum
1410 2041 1597 2105 laude
1664 2041 1724 2103 in
1783 2038 1894 2104 illo
1951 2039 2156 2121 priore
2213 2038 2676 2122 perduraretur.

289 2181 341 2220 25
378 2149 479 2212 hic
526 2167 645 2213 non
686 2148 825 2212 falli
866 2147 1121 2212 difficile
1160 2153 1277 2226 est,
1317 2148 1423 2214 hic
1462 2148 1716 2213 omnino
1756 2165 1879 2210 uox
1916 2145 2287 2228 prophetica
2321 2146 2678 2228 praeualet:

378 2255 707 2320 Delicta
752 2256 935 2338 quis
983 2255 1467 2339 intellegit?
1515 2253 1683 2330 hinc,
1735 2271 1864 2330 ore,
1911 2253 2283 2336 participem
2331 2271 2430 2316 me
2479 2251 2676 2318 facias

378 2362 837 2446 cogitationum
904 2365 1180 2438 tuarum,
1248 2363 1399 2445 quid
1466 2363 1527 2426 in
1586 2361 1824 2426 talibus
1881 2360 1989 2426 uel
2042 2359 2248 2425 facere
2307 2361 2514 2424 soleas
2571 2361 2674 2424 uel

375 2467 733 2534 faciendum
782 2489 923 2534 esse
970 2469 1262 2552 reperias,

559 2662 621 2715 16
658 2663 749 2714 ΡΒ.
792 2661 873 2719 18,
919 2661 981 2714 13

452 2785 474 2838 l
520 2785 742 2838 ecstasis
782 2784 901 2838 edd.
930 2791 1215 2853 praetera
1360 2785 1746 2840 accedentibus
1782 2785 1950 2839 ΓΑΒ
2058 2785 2090 2837 2
2131 2783 2316 2851 aliam]
2356 2797 2473 2835 esse
2512 2780 2672 2834 aliam

379 2873 398 2925 1
418 2889 515 2926 rm
624 2875 655 2927 3
694 2879 932 2928 nostram
975 2890 1133 2942 quam
1176 2875 1221 2928 si
1251 2874 1417 2929 FAR
1454 2878 1641 2928 nostra
1669 2872 1812 2942 quod
1842 2873 1888 2926 si
1915 2873 1988 2926 Ρι
2013 2873 2152 2941 aes
2161 2889 2191 2926 r
2226 2875 2413 2925 nostra
2451 2886 2558 2938 qua
2586 2869 2675 2922 sil

448 2962 711 3031 proficisci
753 2967 949 3030 (postr.
992 2963 1025 3016 l.
1064 2965 1127 3016 in
1164 2979 1278 3017 rae.
1316 2967 1461 3016 1--2
1498 2964 1557 3030 Ζ.)
1597 2963 1651 3015 Ρ
1811 2965 2190 3022 statueramus,
2229 2975 2364 3012 corr.
2405 2975 2470 3010 m.
2497 2962 2524 3010 1
2561 2959 2674 3011 sta-

373 3054 647 3106 tueremus
684 3051 739 3104 A
872 3054 908 3106 4
946 3052 1051 3106 or&
1086 3053 1241 3116 r&ur‚
1278 3069 1346 3106 m.
1370 3056 1410 3106 2
1446 3053 1676 3106 oriretur
1711 3053 1766 3106 P
1800 3053 2030 3106 oriretur
2065 3049 2252 3104 AP¹R
2287 3048 2406 3102 edd.
2519 3050 2552 3102 5
2590 3047 2672 3101 in—

374 3155 587 3193 mauere
637 3143 692 3203 (a
737 3143 869 3194 m.2
912 3141 975 3193 in
1018 3157 1131 3194 ras.
1180 3146 1210 3193 1
1258 3143 1313 3206 l.)
1354 3141 1409 3194 P
1452 3141 1529 3195 ibi
1574 3157 1792 3195 manere
1839 3140 1958 3194 edd.
2139 3139 2174 3194 6
2213 3140 2298 3207 ex}
2340 3137 2404 3190 de
2443 3137 2672 3204 eslrm

376 3227 407 3279 7
452 3228 769 3282 muntandae
822 3233 867 3295 (t
911 3247 981 3283 m.
1010 3233 1049 3282 2
1095 3247 1162 3282 ex
1209 3229 1264 3300 d)
1310 3229 1365 3282 Ρ
1540 3229 1575 3283 8
1621 3246 1831 3284 mecum
1876 3244 1980 3283 om.
2019 3227 2073 3283 R
2291 3223 2580 3280 enudacius
2617 3225 2678 3278 F

380 3315 447 3369 10
480 3316 731 3370 uolumus
769 3317 887 3372 edd.
922 3323 1217 3386 praeterm
1354 3317 1419 3372 14
1458 3319 1634 3388 priore
1673 3319 1713 3389 (i
1752 3318 1978 3384 dem-ita)
2018 3318 2072 3370 P
2207 3317 2272 3370 15
2311 3314 2496 3368 famelli
2536 3315 2669 3378 (ras.

374 3408 516 3458 1—-2
554 3406 612 3472 l.)
654 3405 713 3459 F
849 3406 1147 3479 prophetae
1183 3407 1257 3460 Ρ1
1371 3408 1434 3462 18
1474 3425 1591 3462 esse
1630 3425 1730 3461 om.
1774 3407 1828 3460 P
1862 3412 1945 3461 est
1981 3405 2042 3460 F
