3184 4959
1160 444 1688 514 epistularum
1742 445 1936 501 XCIII.
2567 451 2696 514 489

395 640 711 706 catholica
758 641 1029 706 ecclesia
1072 642 1407 707 nobiscum
1452 661 1575 707 non
1626 644 1806 708 estis.
1854 643 2009 708 haec
2057 643 2112 708 si
2170 643 2520 728 accipiatiS,
2575 664 2696 709 non

394 750 546 812 tunc
603 746 890 827 aderunt,
957 747 1070 813 sed
1124 751 1273 812 tunc
1341 749 1706 832 proderunt,
1777 769 1935 832 quae
2000 750 2273 817 habetis,
2339 769 2458 814 non
2527 770 2696 835 ergo,

394 853 565 919 sicut
617 854 883 936 putatiS,
950 855 1339 936 suscipimus
1394 858 1670 932 nesam,
1740 857 1850 922 sed
1917 856 2326 938 suscipiendo
2386 856 2698 922 efficimus

393 963 667 1040 nosth,
724 962 834 1044 qui
887 961 1193 1027 recedunt
1246 983 1282 1026 a
1338 963 1545 1042 uobiS,
1605 967 1677 1028 ut
1744 963 2178 1047 suscipiantur
2241 983 2276 1029 a
2331 964 2545 1043 nobis,
2611 967 2696 1045 et,

331 1093 354 1128 ι,
394 1071 466 1132 ut
512 1067 817 1151 incipiant
862 1087 1003 1134 esse
1050 1069 1269 1148 nostri,
1319 1071 1495 1154 prius
1545 1089 1688 1136 esse
1738 1070 2035 1136 desinunt
2080 1071 2302 1136 uestri.
2353 1089 2467 1136 nec
2513 1070 2696 1136 nobis

396 1175 697 1259 coniungi
771 1176 1216 1258 compellimus
1292 1177 1610 1259 operarios
1689 1167 1948 1256 erroris,
2024 1199 2212 1262 quem
2285 1179 2697 1254 detestamur,

397 1281 509 1346 sed
554 1281 697 1348 ideo
742 1282 925 1348 nobis
981 1283 1130 1348 illos
1187 1283 1475 1349 homines
1525 1285 1827 1368 coniungi
1877 1286 2199 1364 uolumus,
2256 1305 2332 1350 ne
2380 1286 2502 1351 hoc
2549 1285 2701 1364 sint,

397 1388 567 1472 quod
614 1389 1026 1454 detestamur.

218 1501 301 1564 47
486 1495 635 1561 ‘Sed
678 1494 1073 1579 baptizauit’,
1130 1497 1369 1580 inquis,
1424 1493 1598 1582 ‘post
1643 1498 1985 1564 Iohannem
2034 1499 2276 1563 Paulus
2324 1498 2699 1582 apostolus’.
2799 1485 2807 1493 ’

310 1627 359 1666 ιο
396 1601 705 1684 numquid
760 1605 910 1686 post
964 1603 1399 1669 haereticum?
1457 1608 1569 1669 aut
1624 1605 1680 1670 si
1738 1605 1900 1670 forte
1949 1606 2143 1672 audes
2189 1604 2372 1670 illum
2421 1606 2692 1670 amicum

398 1710 616 1794 sponsi
678 1709 1069 1774 haereticum
1129 1709 1336 1775 dicere
1394 1714 1457 1775 et
1510 1711 1575 1775 in
1633 1711 1876 1776 unitate
1933 1711 2238 1776 ecclesiae
2295 1730 2418 1775 non
2472 1711 2694 1788 fuisse,

396 1818 546 1882 uolo
604 1819 669 1881 et
732 1816 853 1881 hoc
918 1816 1179 1883 scribas.
1248 1816 1302 1882 si
1360 1821 1573 1883 autern
1641 1817 1762 1882 hoc
1818 1817 2373 1883 dementissimum
2431 1821 2530 1884 est
2589 1819 2698 1882 uel

398 1923 630 1988 sentire
677 1923 783 1988 uel
830 1922 1057 1999 dicere,
1106 1923 1233 1988 iam
1280 1927 1429 1988 tuae
1479 1924 1858 2005 prudentiae
1907 1927 2006 1989 est
2045 1925 2457 2003 considerare,
2508 1945 2698 2008 quare

395 2033 545 2114 post
598 2031 938 2095 Iohannem
996 2029 1239 2094 Paulus
1298 2031 1628 2113 apostolus
1693 2031 2134 2114 baptizauerit.
2202 2031 2256 2096 si
2323 2032 2484 2096 enim
2549 2035 2698 2116 post

314 2159 359 2196 ιε
398 2137 751 2220 aequalem,
799 2156 1015 2202 omnes
1054 2140 1201 2219 post
1237 2156 1355 2202 uos
1403 2137 1726 2220 baptizare
1763 2137 2038 2214 debetis;
2089 2137 2144 2202 si
2190 2141 2338 2221 post
2371 2139 2696 2216 maiorem,

399 2243 590 2308 debes
638 2247 705 2308 et
749 2247 821 2308 tu
874 2247 1025 2327 post
1069 2245 1421 2328 Rogatum;
1481 2245 1538 2308 si
1593 2249 1742 2326 post
1788 2244 2116 2322 minorem,
2167 2244 2387 2309 debuit
2442 2249 2588 2328 post
2633 2249 2698 2310 te

397 2349 705 2434 Rogatus,
756 2369 900 2415 cum
946 2350 1278 2434 presbyter
1322 2351 1738 2434 baptizasses
1797 2350 1853 2414 si
1899 2355 2112 2416 autem
2159 2351 2538 2433 baptismus,
2589 2352 2698 2434 qui

398 2476 562 2522 nunc
620 2457 824 2532 datur,
881 2456 1021 2524 ideo
1080 2456 1319 2538 pariter
1376 2459 1551 2522 ualet
1615 2458 1678 2521 in
1748 2457 1862 2535 eis,
1921 2457 2151 2541 quibus
2218 2457 2419 2527 datur,
2476 2477 2698 2541 quam-

400 2564 501 2628 uis
567 2563 697 2629 sint
758 2564 993 2646 inparis
1070 2564 1301 2641 meriti,
1366 2583 1479 2648 per
1544 2583 1704 2646 quos
1781 2564 1985 2643 datur,
2053 2565 2201 2648 quia
2267 2563 2503 2630 Christi
2577 2569 2696 2636 est,

312 2689 364 2730 πο
402 2689 524 2735 non
574 2689 813 2748 eorum,
872 2689 908 2734 a
956 2669 1187 2752 quibus
1244 2670 1662 2750 ministratur,
1720 2675 1896 2754 puto,
1955 2671 2123 2754 quod
2175 2671 2301 2735 iam
2359 2671 2696 2754 intellegas

399 2776 541 2841 ideo
614 2776 885 2841 Paulum
961 2775 1213 2842 dedisse
1290 2777 1674 2860 quibusdam
1747 2777 2140 2861 baptismum
2215 2775 2473 2853 Christi,
2549 2776 2698 2859 quia

399 2882 699 2947 Iohannis
763 2883 1083 2967 baptismo
1149 2884 1399 2948 fuerant
1462 2883 1790 2966 baptizati,
1867 2903 1987 2949 non
2055 2883 2320 2959 Christi;
2399 2883 2696 2948 Iohannis

401 2988 633 3072 quippe
697 2991 807 3054 ille
870 2989 1233 3073 baptismus
1290 2990 1499 3055 dictus
1557 2995 1678 3069 est,
1745 2991 1914 3055 sicut
1978 2991 2200 3054 multis
2262 2990 2424 3055 locis
2483 2989 2698 3054 diuina

402 3094 715 3176 scriptura
761 3098 1057 3174 testatur,
1115 3095 1285 3179 quod
1331 3098 1397 3161 et
1450 3083 1589 3179 ipse
1639 3096 1933 3160 dominus
1982 3096 2166 3161 dicit:
2224 3096 2696 3179 Baptismus

312 3220 364 3260 25
399 3201 790 3266 Iohannis
858 3202 1061 3267 unde
1129 3205 1345 3268 erat?
1420 3202 1510 3268 de
1579 3204 1805 3268 caelo
1873 3222 1962 3267 an
2030 3223 2114 3268 ex
2179 3201 2695 3267 hominibus?

577 3430 610 3484 6
648 3427 675 3482 1
712 3427 889 3482 Mach.
929 3429 981 3496 3,
1020 3430 1053 3484 6
1190 3431 1223 3484 9
1262 3429 1385 3484 Act.
1428 3429 1513 3496 19,
1555 3430 1694 3483 1-5
1834 3429 1901 3485 10
1937 3429 2056 3484 Ioh.
2094 3429 2143 3494 3,
2184 3429 2253 3484 29
2390 3429 2460 3482 24
2497 3429 2695 3483 Matth.

399 3518 485 3582 21,
526 3519 593 3571 25

476 3642 501 3694 1
543 3641 773 3696 ecclesia
810 3641 1081 3696 catholica
1121 3642 1169 3697 0
1310 3659 1418 3696 non
1456 3643 1587 3696 estis
1627 3642 1904 3696 nobiscum
1943 3641 2019 3695 M
2149 3643 2182 3696 3
2221 3641 2517 3711 suscipitis,
2556 3655 2694 3694 corr.

398 3735 517 3786 m.1
554 3731 875 3800 suscipimus
904 3731 981 3784 M
1084 3733 1115 3785 5
1154 3730 1414 3784 desinunt
1452 3747 1567 3786 esse
1607 3730 1728 3786 edd.
1877 3730 2146 3797 desinant,
2185 3746 2322 3786 cor-r.
2362 3729 2620 3783 desinunt
2648 3727 2698 3779 L

470 3818 626 3873 uobis
662 3817 719 3873 R
899 3821 933 3873 6
971 3821 1152 3890 quem]
1194 3835 1329 3889 quos
1365 3819 1420 3873 L
1540 3821 1571 3873 7
1610 3819 2118 3874 sed—detestamur
2151 3818 2215 3872 in
2241 3818 2362 3888 fine
2387 3835 2448 3887 p.
2487 3834 2589 3872 om.
2627 3816 2702 3870 M

402 3908 469 3964 10
506 3925 629 3963 eum
663 3908 721 3964 R
861 3909 925 3963 12
964 3911 1043 3978 et]
1085 3911 1149 3963 ut
1184 3907 1238 3962 L
1380 3909 1483 3964 hoc
1520 3925 1624 3964 om.
1663 3908 1779 3962 AN
1918 3909 1983 3962 14
2019 3907 2216 3977 paulus
2253 3906 2531 3976 apostolus
2571 3911 2696 3975 post

398 3997 689 4051 iohannem
726 3995 783 4051 R
893 3996 971 4050 sic
999 3999 1053 4049 A
1131 3997 1196 4052 16
1224 4000 1351 4066 post
1386 3999 1467 4066 te]
1507 3999 1666 4067 poste
1703 3995 1750 4050 G
1823 3995 2125 4066 18'parum,
2153 4013 2224 4050 m.
2244 3999 2276 4049 1
2299 4011 2475 4064 supra
2497 3994 2525 4047 λ’
2550 3993 2694 4064 pari-

397 4091 483 4140 ter
508 4085 565 4142 R
643 4086 707 4140 19
744 4085 965 4156 imparis
1002 4085 1182 4140 meriti
1221 4085 1333 4140 sint
1362 4085 1429 4139 N
1528 4103 1624 4156 per
1654 4085 1815 4154 quod,
1843 4103 1912 4139 m.
1931 4089 1968 4140 2
1992 4101 2091 4154 per
2119 4101 2253 4155 quon
2283 4085 2338 4137 P
2443 4082 2693 4137 christus.

396 4191 466 4230 m.
488 4179 521 4227 1
555 4190 693 4229 corr.
736 4173 927 4228 christi
962 4175 1019 4227 A
1128 4175 1198 4228 20
1236 4191 1269 4228 a
1304 4190 1408 4230 om.
1444 4173 1570 4230 MA
1717 4173 2076 4243 ministratur]
2119 4173 2278 4227 datur
2315 4172 2368 4226 L
2475 4172 2543 4226 21
2575 4173 2695 4240 qui-

398 4262 626 4317 busdam
678 4261 895 4318 dedisse
932 4263 988 4319 R
1167 4263 1235 4317 22
1288 4265 1421 4333 non]
1476 4268 1532 4317 et
1576 4281 1686 4317 non
1732 4263 1788 4318 R
1967 4263 2038 4318 23
2085 4261 2387 4332 baptismus
2432 4260 2526 4314 ille
2574 4259 2695 4314 edd.

468 4351 648 4406 dictus
684 4368 801 4408 ras.
842 4368 909 4406 ex
946 4350 1141 4406 ductus
1178 4351 1234 4406 R
1379 4353 1523 4408 sicut
1558 4352 1615 4407 in
1655 4352 1841 4407 multis
1877 4351 1986 4407 RL
2129 4351 2397 4422 scriptura
2434 4348 2622 4403 diuina
2654 4347 2702 4402 C
