3184 4959
1078 431 1607 500 epistularum
1665 431 1929 488 LXXXII.
2527 436 2654 498 363

368 631 761 694 sacramenta
824 646 939 692 nec
1006 629 1331 708 tamquam
1388 626 1743 690 necessaria
1799 625 2024 691 debere
2082 628 2292 710 appeti
2338 647 2452 692 nec
2500 632 2662 692 tam-

368 756 557 820 quam
604 735 913 819 sacrilega
960 733 1185 798 debere
1234 732 1533 798 damnari.

174 855 255 917 13
458 841 582 906 Sed
647 841 999 906 cauendum
1068 843 1167 906 est
1220 841 1523 913 uidelicet
1574 841 1638 904 in
1696 843 1812 906 hac
1869 840 2320 923 disputatione,
2367 861 2444 906 ne
2491 842 2662 906 sicut

367 948 733 1032 philosophi
808 949 1117 1032 quaedam
1193 949 1362 1014 facta
1434 951 1763 1014 hominum
1838 949 2048 1012 media
2130 949 2416 1014 dicamus
2499 949 2662 1014 inter

306 1083 331 1120 ⁵
371 1061 537 1122 recte
585 1057 827 1122 factum
874 1059 939 1120 et
982 1060 1339 1138 peccatum,
1390 1077 1547 1138 quae
1607 1076 1810 1139 neque
1871 1057 1930 1120 in
1987 1060 2156 1120 recte
2212 1055 2398 1120 factis
2454 1075 2658 1138 neque

368 1164 431 1228 in
475 1164 753 1246 peccatis
800 1167 1229 1240 numerentur,
1279 1168 1344 1227 et
1388 1182 1730 1247 urgeamur
1776 1183 1870 1242 eo,
1920 1163 2089 1246 quod
2127 1163 2462 1228 obseruare
2495 1163 2660 1246 legis

371 1270 793 1335 caeremonias
857 1289 977 1336 non
1046 1273 1261 1352 potest
1324 1289 1465 1335 esse
1519 1271 1880 1336 indifferens
1936 1271 2046 1336 sed
2104 1274 2216 1334 aut
2267 1271 2506 1336 bonum
2553 1275 2664 1335 aut
2731 1341 2744 1362 ,

370 1377 631 1456 malum,
698 1381 791 1454 ut,
861 1378 915 1441 si
971 1377 1209 1442 bonum
1265 1376 1629 1457 dixerimus,
1687 1397 1792 1443 eas
1851 1397 1964 1443 nos
2025 1397 2278 1459 quoque
2327 1378 2662 1442 obseruare

372 1503 691 1567 cogamur,
740 1483 797 1548 si
842 1487 1053 1548 autem
1100 1484 1361 1562 malum,
1410 1504 1527 1550 non
1568 1503 1716 1549 uere
1755 1485 1868 1549 sed
1904 1485 2202 1549 simulate
2241 1484 2317 1548 ab
2357 1484 2662 1567 apostolis

284 1620 335 1659 ιο
371 1591 741 1655 obseruatas
790 1609 929 1656 esse
978 1591 1329 1655 credamus.
1378 1609 1495 1676 ego
1542 1611 1694 1656 uero
1743 1591 2050 1674 apostolis
2097 1611 2216 1656 non
2276 1594 2406 1655 tam
2463 1611 2666 1656 exem-

371 1699 547 1781 plum
594 1698 1119 1780 philosophorum
1165 1699 1383 1776 timec,
1436 1697 1684 1780 quando
1735 1702 1798 1762 et
1845 1698 1939 1762 illi
1977 1699 2038 1762 in
2081 1717 2196 1762 sua
2233 1697 2662 1781 disputatione

372 1805 507 1868 ueri
554 1804 793 1887 aliquid
842 1805 1079 1884 dicunt,
1129 1825 1317 1888 quam
1366 1807 1708 1871 sorensium
1767 1806 2238 1882 aduocatorum,
2297 1805 2546 1886 quando
2602 1805 2664 1868 in

374 1911 713 1976 alienarum
782 1931 1115 1977 causarum
1185 1914 1428 1978 actione
1492 1913 1906 1977 mentiuntur.
1975 1933 2240 1994 quorum
2309 1911 2664 1976 similitudo

374 2017 429 2082 si
483 2017 547 2082 in
601 2020 738 2102 ipsa
796 2020 1183 2102 expositione
1242 2021 1551 2102 epistulae
1611 2020 1688 2084 ad
1739 2019 1996 2084 Galatas
2055 2019 2132 2084 ad
2181 2018 2664 2085 confirmandam

286 2155 337 2192 15
376 2125 845 2191 simulationem
889 2127 1065 2191 Petri
1112 2130 1178 2191 et
1222 2127 1403 2192 Pauli
1449 2130 1676 2209 putata
1723 2130 1822 2190 est
1877 2127 2168 2190 decenter
2221 2125 2455 2204 induci,
2515 2123 2666 2204 quid

376 2252 492 2316 ego
542 2233 707 2316 apud
755 2237 819 2298 te
862 2233 1125 2298 timeam
1170 2253 1395 2299 nomen
1442 2234 1989 2318 philosophorum,
2037 2233 2302 2314 quinon
2341 2235 2669 2312 propterea

375 2341 523 2405 uani
587 2345 755 2418 sunt,
822 2341 971 2424 quia
1036 2342 1247 2406 omnia
1308 2342 1471 2406 falsa
1535 2341 1774 2415 dicunt,
1833 2341 1947 2405 sed
2003 2340 2148 2420 quia
2205 2341 2268 2402 et
2312 2338 2492 2402 falsis
2540 2337 2665 2419 ple·

374 2448 588 2530 risque
654 2449 981 2514 confidunt
1044 2453 1127 2526 et,
1193 2449 1305 2512 ubi
1368 2467 1519 2512 uera
1579 2447 1992 2512 inueniuntur
2055 2445 2282 2522 dicere,
2340 2465 2376 2508 a
2433 2443 2666 2508 Christi

376 2559 595 2645 gratia,
645 2557 754 2638 qui
801 2560 903 2620 est
945 2557 1085 2637 ipsa
1129 2557 1388 2634 ueritaS,
1438 2554 1626 2620 alieni
1675 2557 1864 2618 sunt?

180 2671 265 2733 14
284 2689 337 2730 20
466 2665 591 2731 Cur
653 2669 866 2729 autem
930 2683 1050 2727 non
1118 2663 1319 2727 dicam
1384 2667 1721 2744 praecepta
1783 2661 1894 2726 illa
1957 2663 2246 2724 ueterum
2321 2675 2668 2722 sacramen-

374 2779 585 2839 torum
660 2792 773 2837 nec
846 2771 1012 2836 bona
1084 2789 1245 2844 esse,
1314 2769 1463 2851 quia
1526 2787 1647 2833 11011
1714 2767 1804 2832 eis
1869 2767 2156 2832 homines
2222 2764 2666 2838 iustificantur,

377 2881 637 2944 umbrae
700 2883 851 2943 sunt
915 2878 1079 2942 enim
1133 2877 1646 2958 praenuntiantes
1703 2875 1992 2959 gratiam,
2050 2892 2172 2954 qua
2225 2871 2666 2946 iustificatum,

377 3007 489 3052 nec
535 2991 745 3051 tamen
794 2986 981 3050 mala.
1031 2985 1179 3066 quia
1227 2983 1537 3048 diuinitus
1584 2986 1920 3065 praecepta
1965 2984 2114 3045 sunt
2149 2977 2420 3060 tempori
2459 2995 2668 3060 perso-

558 3269 699 3322 3-ιό
740 3267 805 3320 cf.
846 3283 897 3336 p.
938 3266 1060 3324 311,
1104 3265 1242 3316 1-8
1428 3263 1636 3316 13—15
1677 3260 1741 3314 cf.
1785 3260 2003 3313 Hieron.
2044 3259 2098 3312 iu
2138 3259 2295 3313 Pauli
2337 3275 2419 3328 ep.
2450 3257 2518 3312 ad
2550 3257 2666 3312 Gal.

379 3357 433 3410 11
478 3358 537 3411 11
581 3373 697 3426 sqq.
739 3354 945 3423 (Migne
984 3353 1179 3422 patrol.
1219 3350 1312 3404 lat.
1356 3351 1529 3405 XXVI
1566 3369 1618 3420 p.
1660 3349 1782 3414 340,
1821 3349 2052 3404 24-38)

455 3553 477 3604 1
518 3550 818 3620 tamquam]
856 3553 1041 3601 tamen
1080 3547 1145 3600 H
1323 3544 1838 3600 debere—damnari
1875 3561 1977 3600 om.
2022 3545 2086 3598 H
2226 3546 2258 3596 3
2300 3543 2598 3598 eabendum
2637 3544 2675 3595 I

379 3642 415 3694 4
450 3639 657 3692 homini
692 3641 747 3692 A
858 3638 1001 3690 inter
1038 3641 1181 3690 recte
1222 3653 1321 3690 om.
1363 3635 1539 3689 PMA
1648 3636 1680 3687 5
1721 3634 1774 3686 in
1813 3634 1975 3688 rectis
2013 3634 2068 3686 P
2183 3633 2330 3686 facta
2366 3633 2407 3686 I
2511 3635 2542 3686 6
2583 3649 2668 3684 111·-

383 3743 605 3796 guemur
630 3725 895 3780 HPIAR
934 3728 989 3792 (u
1030 3725 1163 3778 med.
1204 3726 1365 3790 erae.)
1406 3739 1662 3793 urgemur
1689 3723 1831 3776 ΜΡι
1871 3739 2156 3792 urgeamur
2194 3721 2312 3774 edd.
2426 3722 2511 3788 eo]
2554 3724 2608 3774 et
2637 3721 2672 3772 Ι

383 3819 415 3869 9
454 3815 523 3870 ad
559 3817 821 3886 apostolis
863 3816 1022 3880 (εἰσί)
1062 3814 1119 3866 Ρ
1228 3815 1293 3866 10
1331 3813 1664 3878 obseruateS‚
1703 3827 1840 3865 corr.
1880 3815 2000 3866 m.1
2040 3811 2353 3866 obseruatas
2381 3809 2452 3864 M
2489 3809 2671 3862 obser-

383 3909 513 3958 uata
549 3904 591 3958 I
722 3905 788 3958 12
828 3919 951 3956 uere
990 3903 1167 3956 PMA
1312 3901 1548 3970 quando]
1590 3917 1752 3970 quam
1781 3900 1903 3953 PM
1937 3900 2024 3968 (m.
2047 3897 2120 3954 1?
2156 3916 2292 3954 corr.
2335 3898 2447 3966 qui)
2487 3897 2580 3966 qui
2619 3897 2672 3949 A

386 3994 450 4048 13
490 4009 707 4047 causare
736 3995 777 4046 I
874 3993 938 4046 15
970 3991 1125 4060 quid]
1166 4007 1321 4060 quem
1350 3990 1419 4044 H
1452 4007 1612 4059 quem
1642 3994 1696 4042 et
1725 3990 1767 4044 I
1863 3991 1928 4043 16
1967 4005 2164 4042 nomen
2200 4005 2302 4042 om.
2331 3987 2386 4040 P
2495 3988 2559 4040 17
2591 3985 2672 4039 di-

386 4084 535 4150 cunt]
576 4087 707 4136 sunt
740 4083 781 4136 Ι
990 4081 1233 4150 plerique
1273 4082 1341 4134 H
1544 4079 1612 4132 18
1653 4078 1852 4148 dicere]
1889 4079 2068 4132 dicere
2107 4078 2200 4146 qui
2237 4079 2279 4131 I
2310 4076 2444 4130 dicit
2481 4076 2574 4144 qui
2610 4073 2678 4128 H

457 4190 489 4225 a
524 4187 626 4226 om.
664 4172 839 4225 PMA
1006 4169 1301 4224 christiana
1340 4169 1392 4223 R
1524 4171 1588 4222 19
1628 4185 1732 4238 que
1771 4169 1810 4220 I
1929 4167 2123 4237 20—p.
2164 4168 2288 4234 364,
2328 4166 2394 4218 15
2431 4165 2533 4218 uix
2571 4165 2673 4234 leqi

373 4266 611 4329 possunt
647 4260 712 4314 H
854 4261 919 4312 21
958 4259 1080 4327 nec]
1116 4275 1223 4312 11011
1261 4259 1303 4311 I
1476 4275 1583 4311 11011
1623 4258 1678 4311 in
1719 4256 1796 4311 eis
1833 4257 1942 4311 Ml
2081 4257 2150 4310 22
2187 4254 2376 4308 umbra
2411 4253 2486 4308 M
2519 4264 2606 4319 (m.
2645 4257 2674 4305 1

386 4367 523 4405 corr.
564 4349 801 4408 umbrae)
840 4351 894 4403 A
1006 4349 1145 4402 enim
1188 4351 1317 4402 sunt
1355 4349 1475 4402 edd.
1584 4348 1969 4418 prenuntiante
2006 4348 2060 4400 P
2131 4346 2198 4398 23
2237 4345 2572 4416 temporibus
2600 4342 2674 4398 P²
