3184 4959
422 431 547 496 154
1143 428 1196 483 S.
1251 427 1527 482 Aureli
1583 427 2015 496 Augustini

417 624 830 702 MelchiadeS,
907 621 1246 688 Melchiadi
1331 622 1657 699 Siluester‚
1744 621 2052 688 Siluestro
2136 621 2415 700 Marcus,
2496 621 2710 688 Marco

419 731 645 808 Iulius,
722 729 886 793 Iulio
960 728 1272 806 Liberius,
1346 729 1594 793 Liberio
1668 729 2008 812 Damasus,
2083 729 2357 794 Damaso
2425 729 2709 810 Siricius,

421 837 660 928 Siriciq
712 836 1109 901 Anastasius.
1177 836 1242 898 in
1308 835 1429 900 hoc
1495 835 1712 900 ordine
1770 835 2197 900 successionis
2244 836 2460 902 nullus
2507 837 2711 904 Dona-

416 946 574 1010 tista
627 942 966 1025 episcopus
1021 941 1360 1006 inuenitur.
1418 941 1532 1006 sed
1587 961 1660 1006 ex
1712 945 2075 1006 transuerso
2142 961 2214 1007 ex
2276 943 2491 1008 Africa
2554 943 2713 1009 ordi-

418 1055 636 1116 natum
675 1043 1024 1128 miserunt,
1080 1048 1191 1130 qui
1244 1047 1464 1130 paucis
1519 1047 1885 1131 praesidens
1940 1049 2111 1113 Afris
2166 1050 2229 1113 in
2293 1051 2448 1115 urbe
2512 1051 2713 1116 Roma
2772 1069 2800 1110 ⁵

417 1158 847 1223 Montensium
893 1156 1003 1222 uel
1049 1155 1534 1239 cutzupitarum
1579 1156 1965 1220 uocabulum
2012 1155 2409 1240 propagauit.

332 1264 372 1326 3
511 1267 579 1329 In
635 1264 820 1330 illum
879 1269 1090 1330 aut-em
1151 1262 1430 1328 ordinem
1478 1264 1943 1346 episcoporum,
1994 1263 2103 1345 qui
2150 1262 2405 1327 ducitur
2450 1263 2527 1328 ab
2572 1264 2711 1347 ipso

417 1372 608 1436 Petro
673 1388 876 1454 usque
943 1368 1022 1433 ad
1085 1370 1515 1445 Anastasium,
1592 1370 1704 1452 qui
1778 1388 1943 1434 nunc
2018 1369 2279 1434 eandem
2353 1371 2711 1435 cathedram

421 1480 622 1558 sedet,
653 1479 846 1544 etiam
877 1477 933 1542 si
972 1478 1310 1560 quisquam
1347 1475 1613 1541 traditor
1648 1495 1759 1560 per
1792 1477 1906 1542 illa
1942 1479 2227 1561 tempora
2265 1477 2712 1558 subrepsisset,

419 1587 579 1652 nihil
633 1585 1094 1670 praeiudicaret
1148 1583 1456 1648 ecclesiae
1517 1587 1580 1648 et
1634 1582 2077 1649 innocentibus
2135 1581 2529 1658 Christianis,
2579 1584 2711 1666 qui·
2753 1603 2803 1645 ιο

419 1693 543 1757 bus
609 1691 906 1758 dominus
969 1691 1306 1774 prouidens
1363 1690 1454 1753 ait
1509 1689 1586 1753 de
1641 1689 2021 1772 praepositis
2078 1689 2291 1754 malis:
2351 1690 2563 1771 Quae
2611 1690 2713 1755 di—

425 1804 638 1877 cunt,
712 1799 1004 1872 facite3
1084 1816 1282 1880 quae
1347 1799 1613 1860 autem
1681 1797 2022 1876 faciunt,
2087 1799 2355 1862 facere
2419 1798 2727 1874 nolite3-

371 1907 710 1972 ,dicunt
774 1907 979 1969 enim
1047 1909 1131 1969 et
1191 1924 1340 1969 non
1407 1905 1752 1983 faciunt,
1808 1907 1885 1968 ut
1938 1906 2107 1968 certa
2162 1904 2249 1968 sit
2294 1923 2439 1986 spes
2485 1904 2713 1982 fidelis,

425 2031 585 2097 quae
659 2031 778 2076 non
857 2013 922 2077 in
995 2011 1254 2076 homine
1327 2011 1439 2075 sed
1509 2011 1572 2076 in
1650 2011 1904 2076 domino
1982 2013 2309 2076 conlocata
2370 2030 2713 2094 numquam

423 2122 808 2202 tempestate
865 2118 1159 2202 sacrilegi
1215 2119 1578 2183 schismatis
1638 2117 2003 2202 dissipetur,
2054 2119 2222 2184 sicut
2266 2118 2377 2182 isti
2423 2117 2715 2201 dissipati
2752 2136 2803 2175 ιε»

424 2230 594 2304 sunt,
653 2227 760 2309 qui
814 2226 1039 2310 legunt
1090 2225 1152 2288 in
1211 2224 1540 2290 codicibus
1598 2206 1832 2290 sanctis
1890 2225 2215 2300 ecclesiae,
2272 2225 2504 2307 quibus
2572 2243 2713 2306 apo-

425 2333 578 2398 stoli
634 2332 1041 2415 scripserunt,
1102 2335 1166 2397 et
1220 2332 1464 2396 nullum
1522 2333 1584 2396 in
1655 2333 1744 2396 eis
1812 2331 2045 2396 habent
2108 2332 2495 2415 episcopum.
2565 2332 2714 2415 quid

425 2443 636 2504 autem
695 2441 1058 2523 peruersius
1105 2443 1170 2504 et
1213 2435 1498 2504 insanius
1546 2457 1737 2522 quam
1780 2438 2131 2503 lectoribus
2180 2439 2429 2504 easdem
2479 2441 2714 2522 epistu-

421 2547 518 2611 las
573 2546 936 2630 legentibus
993 2545 1228 2610 dicere:
1287 2545 1434 2610 ‘Pax
1489 2546 1728 2611 tecum'
1782 2547 1846 2610 et
1900 2544 1977 2609 ab
2034 2565 2248 2611 earum
2304 2546 2714 2610 ecclesiarum

421 2673 580 2735 pace
628 2653 922 2736 separari,
972 2653 1204 2735 quibus
1251 2652 1428 2736 ipsae
1477 2651 1790 2735 epistulae
1837 2653 2109 2735 scriptae
2158 2655 2349 2717 sunt?
2750 2669 2802 2708 2⁰

245 2762 380 2826 114
515 2761 748 2825 Tamen
804 2779 880 2824 ne
939 2759 1061 2824 sibi
1117 2760 1308 2824 etiam
1368 2759 1444 2824 de
1501 2759 2031 2838 constantinensi,
2086 2758 2207 2823 hoc
2270 2762 2370 2822 est
2434 2758 2713 2824 ciuitatis

422 2871 672 2932 uestrae
729 2867 1171 2952 episcoporum
1228 2867 1443 2931 ordine
1497 2865 1879 2944 blandiatur,
1922 2865 2127 2930 recita
2168 2865 2266 2929 illi
2323 2870 2503 2950 gesta
2548 2867 2715 2949 apud

422 2974 782 3039 Munatium
865 2973 1164 3050 Felicem,
1250 2973 1566 3038 flaminem
1648 2974 2045 3056 perpetuum,
2130 2975 2485 3037 curatorem
2564 2977 2739 3036 tunc.

607 3235 670 3288 11
711 3223 912 3288 Matth.
951 3234 1042 3290 23.
1080 3234 1112 3287 3

501 3361 526 3412 1
567 3356 852 3412 meltiades
887 3356 1135 3411 meltiadi
1164 3357 1239 3410 M
1280 3356 1560 3410 milciades
1598 3356 1839 3412 milciadi
1868 3359 1921 3409 A
1959 3355 2235 3409 miltiades
2274 3353 2519 3408 miltiade
2558 3355 2715 3424 (corr.

425 3452 545 3502 m.1
589 3445 848 3512 miltiadi)
899 3443 962 3498 F
997 3445 1278 3500 Miltiades
1327 3445 1565 3500 Miltiadi
1599 3445 1680 3512 fl
1696 3461 1797 3499 rm
1986 3446 2019 3498 2
2068 3441 2340 3498 damasius
2388 3443 2430 3512 (i
2477 3447 2620 3511 emp)
2668 3443 2723 3496 P

499 3535 722 3589 Siricius
759 3551 880 3598 om„
918 3553 987 3587 m.
1010 3537 1050 3588 2
1087 3535 1217 3588 add.
1257 3535 1313 3588 P
1415 3536 1449 3587 5
1487 3534 1673 3603 paucis
1716 3534 1756 3597 (i
1792 3549 1859 3586 m.
1884 3537 1951 3598 2;
1987 3549 2054 3587 ex
2090 3549 2121 3586 o
2143 3532 2196 3602 ἓ)
2230 3531 2309 3586 Μ
2447 3547 2627 3585 romae
2664 3529 2725 3585 F

427 3628 460 3680 6
500 3624 896 3686 montemsium,
933 3641 1002 3678 m.
1025 3628 1065 3677 2
1098 3624 1459 3678 montensium
1487 3623 1562 3676 M
1702 3623 2071 3692 cuzupitarum
2094 3623 2149 3676 R
2259 3622 2288 3674 7
2327 3620 2383 3674 in
2409 3620 2507 3675 illo
2538 3625 2719 3674 autem

429 3713 616 3768 ordine
655 3715 708 3766 A
817 3713 850 3766 8
887 3713 945 3766 in
983 3712 1209 3766 eandem
1249 3713 1559 3766 cathedram
1596 3713 1672 3767 M
1702 3712 1756 3765 in
1798 3711 1987 3765 eadem
2026 3709 2282 3766 cathedra
2305 3708 2368 3763 F
2468 3711 2503 3764 9
2540 3709 2717 3778 sedet]

427 3803 524 3857 sed
550 3803 608 3858 R
715 3803 1052 3872 subrepisset
1077 3801 1204 3856 MP
1239 3805 1328 3867 (m.
1351 3805 1392 3855 2
1429 3801 1815 3871 subrepsisset)
1914 3801 1975 3855 11
2016 3797 2338 3870 praeuidens
2364 3799 2439 3852 Μ
2528 3799 2593 3852 14
2621 3798 2721 3852 ho-

425 3890 596 3945 mines
633 3889 689 3945 R
801 3891 866 3944 15
905 3888 1183 3959 sacrilegis
1222 3890 1419 3959 (po-atr.
1460 3889 1494 3942 l.
1535 3905 1655 3957 exp.
1694 3905 1762 3942 m.
1786 3893 1845 3956 2)
1883 3888 1959 3942 M
2098 3887 2405 3957 dissipetur,
2442 3889 2573 3940 m.2
2610 3885 2721 3939 dis-

427 3979 636 4050 sipatur
672 3979 727 4032 P
795 3979 860 4032 21
904 3977 1385 4048 constantinenlsi
1424 3982 1586 4043 (erae.
1628 3977 1673 4029 si
1710 3993 1779 4033 m.
1803 3979 1841 4030 2
1878 3975 2359 4044 constantinensis)
2396 3974 2451 4027 P
2528 3976 2597 4028 22
2624 3991 2719 4028 ue-

345 4127 376 4143 &
427 4047 538 4122 stri
566 4067 636 4120 M
777 4067 889 4131 illa,
929 4083 1066 4120 cor-r.
1105 4084 1158 4120 m
1205 4070 1235 4119 1
1271 4067 1355 4120 illi
1385 4066 1438 4118 P
1544 4067 1613 4120 23
1650 4065 1984 4120 mannatium
2014 4065 2070 4120 R
2210 4063 2429 4118 flauium
2466 4079 2561 4133 per
2595 4080 2721 4133 pro-

409 4145 725 4210 curatorem
765 4157 836 4210 M
839 4155 1000 4210 FAP
1032 4153 1250 4208 flauium
1287 4158 1690 4225 procuratorem
1718 4153 1773 4208 R
1810 4153 1929 4208 edd.
1960 4157 2187 4222 praeter
2212 4169 2265 4206 m
2302 4152 2571 4206 flaminem
2600 4169 2721 4222 per·

427 4241 648 4314 p'etuum
704 4247 1002 4298 curatorem
1041 4261 1094 4298 m
1133 4260 1200 4298 eae
1247 4243 1387 4298 libro
1434 4248 1631 4298 contra
1684 4241 2031 4297 Cres-conium
2074 4258 2303 4311 yramm.
2342 4241 2491 4294 Don.
2532 4241 2643 4294 III
2676 4257 2722 4297 c.

429 4337 524 4396 29.
567 4337 644 4387 33

654 4419 714 4480 δτι

667 4489 710 4524 ar
