3184 4959
539 410 666 473 742
1256 409 1308 463 S.
1366 408 1647 462 Aureli
1702 410 2138 479 Augustini

536 602 732 668 deus
797 603 1282 668 misereatur
1347 602 1471 667 mei
1530 622 1643 687 per
1698 604 2015 670 orationes
2072 608 2213 671 tuas
2271 608 2337 671 et
2398 606 2857 672 inluminet

535 710 856 775 uultum
916 730 1146 775 suum
1206 730 1448 793 super
1501 730 1604 775 me
1660 730 1773 792 per
1825 711 2145 777 lucernam
2201 712 2383 777 uerbi
2439 713 2554 790 tui,
2622 716 2853 780 sancte

534 816 806 895 domine,
855 816 1220 882 beatissime
1259 818 1450 882 frater
1484 817 1549 882 in
1589 816 1839 883 domino
1882 817 2131 883 Christo
2172 818 2487 897 unanime,
2534 817 2857 903 magister

533 942 718 988 meus
763 923 826 987 in
863 921 988 987 fide
1025 923 1317 988 ueritatis
1358 925 1422 989 et
1469 928 1806 1006 susceptor
1842 942 2025 989 meus
2062 924 2125 989 in
2162 925 2518 991 uisceribus
2559 924 2850 990 caritatis

536 1028 795 1122 Christi.
2916 1057 2945 1094 5

1555 1223 1809 1289 CXXII.

638 1361 1172 1418 DILECTISSIMIS
1211 1362 1618 1419 FRATRIBUS
1658 1360 2137 1419 CONCLERICIS
2173 1364 2267 1418 ΕΤ
2308 1364 2719 1419 UNIVERSAE

897 1452 1116 1507 PLEBI
1152 1451 1618 1507 AUGUSTINUS
1654 1452 1737 1507 IN
1772 1450 2067 1508 DOMINO
2108 1452 2463 1509 SALUTEM.

621 1580 693 1643 In
749 1578 970 1662 primis
1025 1581 1176 1662 peto
1237 1578 1565 1644 caritatem
1634 1581 1915 1644 uestram
1974 1582 2038 1643 et
2106 1598 2220 1663 per
2271 1580 2486 1646 Iesum
2552 1579 2845 1657 obsecro,

533 1704 612 1749 ne
677 1704 796 1749 uos
861 1703 1002 1749 mea
1066 1684 1402 1749 contristet
1475 1684 1763 1751 absentia
1829 1686 2193 1768 corporalis.
2268 1704 2413 1751 nam
2478 1684 2708 1767 spiritu
2776 1688 2847 1749 et
2888 1706 2945 1745 ιο

533 1790 740 1857 cordis
789 1792 1020 1856 affectu
1066 1795 1222 1874 puto
1270 1810 1390 1856 uos
1437 1811 1558 1857 non
1609 1791 1899 1857 dubitare
1956 1792 2133 1857 nullo
2180 1791 2369 1857 modo
2416 1810 2519 1859 me
2568 1810 2605 1855 a
2650 1791 2843 1857 uobis

533 1916 724 1981 posse
781 1897 1128 1974 discedere,
1184 1899 1478 1980 quamuis
1543 1918 1645 1963 me
1706 1898 1979 1981 amplius
2039 1899 2373 1964 contristet
2428 1916 2621 1981 quam
2674 1898 2843 1964 forte

535 2023 652 2070 uos
709 2004 907 2088 ipsos,
959 2004 1127 2087 quod
1182 2004 1516 2070 infirmitas
1562 2024 1707 2069 mea
1764 2005 2053 2070 sufficere
2108 2025 2229 2071 non
2284 2007 2500 2097 potest
2544 2004 2843 2070 omnibus

535 2111 727 2186 curiS‚
797 2132 951 2194 quas
1018 2110 1096 2176 de
1159 2131 1262 2177 me
1329 2113 1589 2198 exigunt
1654 2113 1937 2178 membra
1994 2111 2251 2191 Christi,
2318 2112 2551 2195 quibus
2612 2130 2717 2175 me
2776 2114 2845 2175 et

529 2218 722 2283 timor
777 2218 914 2282 eius
983 2221 1048 2283 et
1113 2219 1342 2284 caritas
1409 2220 1649 2285 seruire
1714 2220 2061 2303 compellit.
2128 2218 2293 2284 illud
2357 2218 2525 2284 enim
2588 2217 2843 2283 nouerit
2882 2240 2935 2277 ιι,

534 2329 750 2389 uestra
796 2324 1052 2391 dilectio
1099 2346 1448 2409 numquam
1495 2346 1597 2391 me
1645 2326 1971 2391 absentem
2024 2327 2225 2393 fuisse
2270 2326 2605 2393 licentiosa
2646 2324 2839 2389 liber·

535 2434 664 2496 tate
732 2431 844 2496 sed
908 2432 1260 2497 necessaria
1326 2432 1659 2513 seruitute,
1719 2452 1879 2516 quae
1936 2452 2124 2516 saepe
2181 2436 2433 2499 sanctos
2488 2433 2712 2497 fratres
2772 2434 2839 2496 et

535 2536 811 2620 collegas
857 2557 1036 2605 meos
1076 2540 1268 2604 etiam
1314 2540 1562 2605 labores
1609 2540 1884 2605 marinos
1924 2543 1990 2606 et
2024 2538 2475 2604 transmarinos
2522 2538 2839 2620 compulit

533 2645 866 2721 sustinere,
944 2666 981 2710 a
1045 2646 1276 2728 quibus
1341 2665 1443 2711 me
1519 2664 1769 2728 semper
1830 2665 1955 2711 non
2030 2646 2354 2710 indeuotio
2419 2644 2651 2709 mentis
2718 2643 2834 2709 sed

529 2750 742 2817 minus
788 2752 1016 2818 idonea
1059 2752 1348 2819 ualitudo
1389 2753 1668 2835 corporis
1707 2753 2051 2819 excusauit.
2098 2750 2380 2835 proinde,
2430 2750 2833 2817 dilectissimi
2872 2766 2933 2805 20

709 2962 736 3014 1
779 2960 867 3016 Ps.
907 2962 994 3017 66.
1035 2962 1067 3015 2

602 3084 626 3137 1
669 3085 1026 3139 miseraeatur
1060 3084 1174 3153 (pr.
1215 3101 1246 3137 a
1285 3089 1428 3153 exp.)
1478 3084 1530 3139 V
1705 3086 1737 3139 3
1778 3083 2016 3154 domine]
2058 3085 2093 3137 d
2130 3083 2196 3137 K
2375 3081 2590 3137 Christo
2628 3098 2733 3137 om.
2774 3082 2827 3133 A

597 3174 899 3237 unanimes,
933 3188 1070 3227 corr.
1109 3190 1174 3225 m.
1197 3178 1229 3225 1
1269 3174 1540 3227 unanimis
1579 3174 1650 3227 M
1735 3175 1771 3227 4
1808 3174 2081 3243 ueritatis]
2123 3172 2366 3227 caritatis
2404 3172 2459 3227 A
2549 3174 2582 3227 5
2620 3169 2825 3226 Christi

527 3277 629 3316 om.
678 3261 729 3314 V
761 3261 879 3316 edd.
1063 3262 1302 3331 Explicit
1339 3262 1579 3332 epistula
1616 3261 1826 3331 paulini
1864 3261 1934 3317 ad
1970 3265 2215 3316 sanctum
2256 3260 2605 3330 augustinum
2640 3258 2826 3313 MPK

527 3350 750 3420 explicit
777 3350 1014 3419 epistula
1043 3351 1248 3421 paulini
1277 3350 1324 3405 0
1347 3351 1569 3420 explicit
1598 3350 1833 3421 epistula
1860 3349 2069 3420 paulini
2099 3334 2169 3404 ad
2196 3352 2439 3403 sanctum
2470 3347 2823 3419 augustinum

527 3454 682 3493 amen
726 3438 778 3493 G
817 3438 1037 3509 explicit
1071 3439 1223 3493 beati
1261 3440 1470 3510 paulini
1507 3438 1578 3493 ad
1617 3442 1865 3493 sanctum
1904 3442 2118 3509 august.
2168 3438 2219 3491 V

741 3562 797 3613 P
842 3585 910 3607 =
950 3562 1065 3616 cod.
1103 3562 1407 3617 Parisinus
1442 3578 1729 3641 mazaca.
1769 3564 1926 3615 1443
1962 3578 2006 3615 ε.
2044 3560 2289 3615 IX—X.

736 3650 809 3703 M
845 3674 911 3695 =
950 3651 1068 3705 cod.
1105 3650 1466 3705 Monacensis
1508 3654 1670 3705 6266
1704 3667 1747 3705 s.
1786 3652 1861 3705 X.

736 3738 797 3791 F
845 3763 912 3785 =
953 3740 1072 3797 cod.
1109 3738 1548 3811 Salisburyensis
1583 3740 1649 3793 X
1683 3742 1764 3793 29
1797 3756 1842 3795 s.
1882 3740 2001 3793 X—
2015 3738 2122 3792 XI.

735 3828 790 3881 A
847 3852 914 3873 =
955 3828 1072 3882 cod.
1111 3828 1732 3898 Andomaropozz'tanus
1774 3831 1865 3891 76,
1909 3832 1963 3893 8,
1999 3830 2034 3881 9
2069 3844 2113 3883 8.
2151 3828 2394 3882 X—XI.

735 3917 810 3971 Ρι
845 3942 912 3963 =
953 3917 1070 3973 cod.
1109 3917 1407 3972 Parisinus
1441 3934 1572 3971 nou.
1616 3934 1732 3985 aeq.
1772 3920 1930 3971 1444
1964 3934 2008 3971 s.
2047 3916 2158 3971 XI.

733 4006 790 4061 R
847 4031 914 4051 =
953 4006 1069 4061 cod.
1108 4006 1258 4064 Mus.
1296 4006 1442 4059 Brit.
1481 4006 1613 4077 Rey.
1660 4009 1693 4059 5
1728 4006 1790 4061 D
1834 4006 1925 4061 VI
1952 4024 1994 4061 s.
2034 4005 2350 4060 XI—XII.

595 4132 624 4185 7
665 4128 876 4184 clericis
911 4130 968 4185 R
1147 4130 1180 4184 8
1221 4131 1544 4201 augustinus
1584 4130 1869 4201 episcopus
1904 4131 1961 4185 in
2000 4130 2053 4185 P
2228 4132 2261 4187 9
2302 4128 2503 4199 Iesum]
2553 4130 2817 4184 christum

520 4218 647 4273 PP¹
671 4220 868 4287 flrm
1051 4220 1117 4273 12
1157 4218 1360 4275 discere
1397 4219 1459 4273 F
1606 4220 1897 4273 contristat
1934 4220 1992 4273 F
2168 4220 2235 4275 14
2274 4222 2333 4273 et
2368 4220 2566 4273 caritas
2605 4220 2722 4273 eius
2760 4226 2819 4273 et

521 4308 685 4362 timor
720 4310 775 4363 R
887 4309 951 4363 16
992 4307 1212 4363 dilectio
1252 4313 1437 4363 uestra
1474 4310 1594 4363 edd.
