3184 4959
450 442 582 505 432
1161 437 1213 490 S.
1266 435 1543 489 Aureli
1597 435 2038 504 Augustini

446 634 795 719 episcopali
866 638 930 698 et
984 632 1142 698 dicis
1203 632 1469 715 patriam
1524 635 1704 698 tuam
1761 649 1884 696 non
1939 631 2072 696 leui
2127 630 2348 717 populi
2405 630 2508 696 sui
2555 635 2756 696 errato

448 743 833 825 prolapsam.
895 738 1087 822 ‘quod
1151 739 1407 822 quidem
1472 739 1529 804 si
1592 738 1750 804 iuris
1814 739 2056 822 publici
2115 739 2324 823 rigore
2397 737 2756 816 metiamur,

448 847 642 913 debet
698 848 896 932 plecti
954 847 1270 912 seueriore
1328 864 1620 921 censura;
1689 846 1804 912 sed
1861 845 2273 930 episcopum'‚
2347 844 2582 927 inquis,
2641 844 2756 908 ‘fas

448 973 575 1020 non
620 958 723 1020 est
766 954 894 1018 nisi
939 954 1215 1019 salutem
1261 951 1628 1018 hominibus
1666 951 1990 1037 impertire
2029 957 2094 1018 et
2131 973 2242 1037 pro
2283 955 2458 1018 statu
2497 950 2758 1016 meliore

446 1061 661 1126 causis
728 1061 949 1125 adesse
1018 1064 1082 1124 et
1144 1057 1317 1142 apud
1384 1060 1880 1140 omnipotentem
1938 1059 2130 1124 deum
2183 1057 2438 1124 ueniam
2483 1056 2752 1122 aliorum
2819 1079 2847 1116 5

446 1167 674 1232 mereri
742 1167 1038 1232 delictis’.
1104 1166 1224 1232 hoc
1292 1165 1547 1230 omnino
1617 1185 1869 1232 seruare
1937 1185 2254 1243 conamur,
2309 1169 2384 1230 ut
2438 1163 2756 1230 seueriore

448 1291 718 1338 censura
792 1291 975 1339 nemo
1042 1273 1360 1356 plectatur
1422 1291 1626 1356 neque
1684 1293 1720 1336 a
1773 1273 1954 1338 nobis
2021 1291 2220 1356 neque
2287 1271 2363 1336 ab
2430 1271 2556 1335 alio
2621 1269 2754 1334 ullo

447 1379 987 1446 intercedentibus
1016 1380 1219 1457 nobie,
1260 1382 1325 1444 et
1362 1379 1634 1444 salutem
1675 1379 2040 1444 hominibus
2080 1380 2374 1464 cupimus
2411 1377 2755 1460 impertire,

449 1505 613 1568 quae
687 1487 898 1568 posita
970 1490 1071 1551 est
1142 1487 1205 1550 in
1279 1488 1449 1551 recte
1525 1486 1786 1551 uiuendi
1859 1486 2188 1564 felicitate,
2263 1505 2387 1552 non
2462 1485 2526 1550 in
2591 1482 2754 1547 male

448 1592 720 1658 faciendi
768 1593 1131 1658 securitate.
1178 1592 1430 1658 ueniam
1482 1611 1734 1675 quoque
1781 1612 1902 1658 non
1948 1597 2198 1658 tantum
2247 1591 2484 1658 nostris
2529 1609 2752 1656 uerum
2795 1612 2850 1650 ιο

450 1704 518 1764 et
573 1699 841 1764 aliorum
898 1700 1210 1764 instamus
1268 1699 1521 1764 delictis
1576 1700 1826 1777 mereri,
1875 1700 2045 1783 quod
2091 1701 2426 1783 impetrare
2472 1697 2598 1764 nisi
2641 1716 2752 1780 pro

452 1806 752 1872 correctis
829 1807 1083 1872 omnino
1158 1826 1279 1872 non
1354 1827 1724 1892 possumus,
1804 1808 2098 1892 adiungis
2173 1807 2366 1873 etiam
2433 1810 2498 1872 et
2563 1806 2752 1872 dicis:

452 1911 724 1991 ‘Quanta
768 1931 1033 1996 possum
1081 1914 1543 1996 supplicatione
1592 1914 1888 1999 deposcO‚
1947 1919 2040 1994 ut,
2099 1916 2156 1980 si
2211 1913 2601 1980 defendenda
2651 1931 2754 1977 res

454 2023 573 2094 est,
658 2019 946 2084 innoxius
1033 2019 1423 2099 defendatur,
1510 2021 1587 2086 ab
1672 2021 2114 2087 innocentibus
2197 2021 2496 2086 molestia
2577 2038 2754 2102 sepa-

454 2128 666 2192 retur‘.
2797 2147 2844 2184 ιε»

542 2233 777 2315 Accipe
822 2232 1117 2310 breuiter,
1168 2253 1329 2316 quae
1378 2235 1720 2300 commissa
1765 2235 1914 2312 sint,
1963 2239 2028 2300 et
2073 2236 2290 2300 noxios
2339 2235 2415 2299 ab
2465 2235 2754 2300 innocen·

452 2338 629 2403 tibus
676 2340 813 2423 ipse
861 2340 1161 2405 discerne.
1208 2344 1427 2406 contra
1469 2341 1940 2406 recentissimas
1977 2341 2153 2426 leges
2192 2340 2500 2406 Kalendis
2553 2341 2753 2406 Iuniis

452 2446 617 2510 festo
691 2465 1079 2530 paganorum
1156 2448 1467 2532 sacrilega
1544 2449 1940 2514 sollemnitas
2016 2449 2258 2532 agitata
2329 2452 2428 2514 est
2509 2447 2754 2512 nemine

454 2553 827 2633 prohibente
890 2560 1021 2618 tam
1090 2554 1389 2619 insolenti
1456 2573 1637 2632 ausu,
1695 2559 1788 2632 ut,
1847 2556 2016 2638 quod
2071 2575 2184 2620 nec
2230 2555 2465 2621 Iuliani
2511 2559 2753 2637 tempo-

452 2658 630 2724 ribus
694 2659 933 2724 factum
1001 2664 1120 2735 est,
1178 2661 1698 2743 petulantissima
1753 2662 1938 2726 turba
1993 2664 2364 2728 saltantium
2417 2663 2480 2726 in
2531 2661 2756 2727 eodem
2789 2685 2844 2724 20

454 2785 712 2848 prorsus
778 2768 921 2831 uico
978 2771 1123 2832 ante
1179 2768 1346 2832 fores
1402 2769 1700 2834 transiret
1755 2769 2079 2835 ecclesiae.
2137 2789 2328 2852 quam
2373 2789 2505 2834 rem
2551 2769 2754 2833 inlici-

452 2873 771 2938 tissimam
818 2877 1008 2955 atque
1054 2874 1562 2958 indignissimam
1611 2876 1862 2940 clericis
1907 2877 2242 2959 prohibere
2287 2875 2752 2959 temptantibus

453 2979 727 3044 ecclesia
771 2978 1053 3061 lapidata
1099 2985 1219 3045 est.
1268 2980 1489 3046 deinde
1536 2987 1686 3064 post
1731 2983 1866 3047 dies
1911 2983 2108 3048 ferme
2157 2986 2321 3060 octe,
2371 3002 2518 3048 cum
2574 2982 2750 3065 leges

452 3085 819 3150 notissimas
868 3087 1205 3168 episcopus
1256 3087 1457 3153 ordini
1503 3089 1877 3170 replicasset
1925 3093 1989 3154 et
2035 3089 2186 3154 dum
2235 3109 2326 3164 ea,
2376 3107 2538 3172 quae
2575 3089 2754 3152 iussa

450 3193 623 3272 sunt,
689 3191 872 3256 uelut
934 3193 1197 3276 implere
1262 3195 1626 3276 disponunt,
1687 3196 1918 3262 iterum
1974 3198 2246 3262 ecclesia
2297 3195 2578 3280 lapidata
2631 3197 2748 3260 est.
2787 3218 2842 3256 ετ»

450 3297 759 3380 postridie
816 3302 1051 3365 nostris
1108 3301 1189 3366 ad
1243 3301 1671 3384 inponendum
1717 3303 1982 3385 perditis
2027 3309 2295 3382 metum,
2353 3303 2524 3386 quod
2577 3302 2750 3367 uide-

636 3544 771 3596 1-6
811 3567 878 3588 ==
916 3561 968 3612 p.
1008 3544 1129 3606 426.
1174 3547 1435 3610 14-427,
1480 3549 1505 3600 1
1625 3549 1832 3603 13-15
1873 3574 1940 3595 ==
1979 3567 2031 3620 p.
2069 3551 2192 3612 427,
2233 3551 2372 3604 2-3

532 3721 557 3772 1
600 3719 746 3773 dices
773 3723 827 3774 A
928 3721 961 3774 2
999 3722 1045 3774 si
1084 3723 1237 3792 iuris]
1276 3723 1433 3776 siuris
1470 3724 1544 3778 M
1576 3725 1624 3779 si
1663 3725 1795 3779 uiris
1831 3725 1887 3779 P
1981 3728 2018 3780 4
2055 3727 2324 3796 impertiri
2359 3728 2415 3783 R
2523 3729 2556 3781 5
2589 3727 2748 3782 deum

448 3809 887 3878 omnipotentem
926 3811 981 3866 R
1127 3813 1159 3865 6
1198 3812 1443 3866 delictis·
1470 3813 1545 3865 M
1685 3816 1990 3869 saeueriora
2027 3816 2098 3868 M
2239 3817 2271 3870 7
2307 3833 2484 3886 neque
2523 3835 2556 3872 a
2593 3817 2750 3872 nobis

448 3913 557 3951 om.
596 3898 651 3950 A
858 3898 993 3970 ullo]
1035 3899 1217 3970 aliquo
1256 3901 1312 3956 R
1490 3901 1524 3955 8
1560 3903 1828 3972 impertiri
1865 3903 1921 3958 R
2105 3906 2166 3958 11
2209 3906 2402 3959 mereri
2441 3905 2657 3960 delictis
2697 3906 2750 3959 R

456 3987 521 4039 12
561 3985 815 4056 adiungis
854 3989 924 4055 (is
963 4005 1029 4042 az:
1066 4005 1201 4043 corr.
1242 4007 1309 4043 m.
1332 3995 1387 4057 1)
1428 3991 1501 4043 M
1671 3993 1736 4046 13
1777 3991 1934 4046 defen
1985 3993 2070 4060 da,
2109 4012 2178 4048 m.
2203 3999 2242 4048 2
2280 3995 2663 4060 defenfdenda
2699 3997 2755 4049 P

455 4076 521 4128 14
560 4076 805 4130 innoxios
844 4077 910 4130 K
1017 4079 1083 4132 16
1122 4083 1251 4132 sunt
1284 4078 1341 4133 R
1462 4082 1525 4134 l‘o'
1564 4081 1684 4152 ipse
1720 4082 1784 4134 in
1809 4082 1930 4150 fine
1965 4101 2020 4139 u.
2060 4099 2161 4136 om.
2201 4086 2255 4138 A
2487 4085 2750 4140 kalendas

449 4165 627 4219 iunias
666 4166 720 4220 P
868 4169 931 4221 18
968 4167 1111 4222 festa
1148 4169 1221 4222 M
1365 4169 1429 4223 19
1468 4170 1756 4225 insolenti*
1787 4177 1842 4236 (a
1879 4174 2043 4242 erae.)
2081 4191 2182 4228 usu
2221 4175 2277 4228 Ρ
2416 4175 2484 4229 23
2525 4174 2742 4243 deinde]

452 4253 686 4324 denique
724 4255 779 4308 R
888 4257 957 4309 24
994 4258 1281 4312 notissima
1306 4258 1373 4311 K
1513 4260 1707 4320 ordini.
1747 4277 1884 4315 corr.
1925 4279 1993 4318 m.
2023 4267 2054 4316 1
2095 4262 2282 4317 ordine
2313 4265 2384 4318 M
2476 4266 2544 4320 25
2573 4264 2748 4319 ueluti

451 4342 641 4396 MAK
749 4347 816 4398 26
856 4351 981 4414 post
1017 4345 1179 4401 tridie
1218 4347 1461 4401 MFPK
1490 4352 1712 4419 postera
1749 4351 1836 4404 die
1875 4351 1984 4407 AR
2127 4352 2358 4422 proditis
2397 4353 2452 4408 R
