3184 4959
450 411 581 474 540
1160 413 1213 464 S.
1270 411 1543 466 Aureli
1599 412 2034 483 Augustini

448 609 555 673 uel
613 609 750 674 'sine
804 607 1039 673 nostris
1093 608 1327 672 litteris
1376 607 1670 674 disceret.
1718 610 1818 673 est
1864 608 2030 674 enim
2075 629 2189 692 per
2233 615 2523 678 nostrum
2565 612 2750 676 mini-

450 715 719 780 sterium
792 735 914 781 non
988 715 1221 780 litteris
1295 715 1449 792 illis,
1536 734 1694 798 quas
1769 715 2091 780 uariarum
2168 719 2338 784 serui
2408 719 2750 785 libidinum

446 821 741 888 liberales
780 826 1031 901 uocant,
1082 823 1195 888 sed
1233 822 1549 888 dominico
1585 841 1746 906 pane
1783 823 2086 904 nutritus,
2128 829 2404 907 quantus
2443 831 2501 890 ei
2536 828 2752 910 potuit

448 948 559 1013 per
605 932 855 994 nostras
904 931 1235 1014 angustias
1282 929 1656 1013 dispensari.

362 1032 400 1094 2
542 1035 710 1117 Quid
776 1037 943 1102 enim
1008 1037 1185 1102 aliud
1240 1036 1578 1102 dicendum
1639 1041 1740 1101 est
1794 1038 1906 1115 eis,
1976 1039 2086 1121 qui
2142 1058 2288 1104 cum
2354 1040 2486 1106 sint
2543 1041 2750 1123 iniqui
2810 1065 2840 1106 ⁵

450 1148 514 1208 et
557 1143 760 1227 impii,
804 1144 1155 1209 liberaliter
1200 1143 1325 1208 sibi
1370 1143 1672 1209 uidentur
1717 1143 1970 1223 eruditi,
2017 1145 2142 1209 nisi
2189 1147 2360 1228 quod
2404 1147 2468 1212 in
2513 1147 2748 1212 litteris

449 1270 600 1317 uere
637 1251 1010 1316 liberalibus
1047 1250 1359 1335 legimus:
1410 1250 1491 1316 Si
1527 1269 1674 1316 uos
1711 1250 1952 1318 filius
1991 1252 2508 1334 liberauerit,
2555 1259 2750 1322 tunc

449 1378 636 1423 uere
691 1357 943 1423 liberi
991 1357 1277 1424 eritis?
1332 1377 1444 1440 per
1491 1377 1639 1424 eum
1684 1377 1954 1441 namque
2008 1363 2388 1442 praestatur,
2443 1366 2521 1428 ut
2571 1363 2748 1446 ipsae

450 1465 663 1543 etiam,
731 1483 893 1548 quae
952 1465 1249 1531 liberales
1314 1465 1684 1548 disciplinae
1750 1466 1828 1530 ab
1895 1465 2008 1545 eia,
2088 1467 2195 1551 qui
2259 1468 2323 1532 in
2383 1469 2746 1536 libertatem

448 1572 663 1636 uocati
724 1591 847 1638 non
914 1574 1082 1652 sunt,
1158 1573 1575 1656 appellantur,
1646 1573 1800 1655 quid
1861 1573 1923 1638 in
1991 1593 2061 1639 se
2126 1574 2400 1640 habeant
2461 1575 2745 1655 liberale,
2783 1597 2841 1638 ιο

449 1681 765 1746 noscatur.
840 1697 1044 1762 neque
1110 1677 1277 1744 enim
1339 1679 1577 1744 habent
1642 1698 1990 1763 congruum
2057 1680 2358 1758 libertati,
2407 1681 2531 1746 nisi
2577 1683 2750 1766 quod

448 1785 685 1851 habent
730 1804 1081 1870 congruum
1117 1785 1394 1851 ueritati.
1440 1786 1610 1851 unde
1658 1786 1768 1851 ille
1813 1785 1952 1868 ipse
2006 1785 2209 1854 filius:
2265 1789 2364 1853 Et
2405 1789 2744 1867 ueritaS,

448 1891 678 1973 inquit,
716 1890 1116 1956 liberabit
1152 1909 1319 1955 uos,
1358 1910 1481 1956 non
1520 1909 1669 1974 ergo
1706 1890 1854 1956 illae
1881 1890 2374 1958 innumerabiles
2413 1897 2480 1959 et
2511 1893 2746 1976 impiae

448 1996 723 2074 fabulae,
780 1997 1011 2080 quibus
1059 2015 1367 2062 uanorum
1414 1998 1602 2080 plena
1647 2000 1800 2063 sunt
1855 1999 2134 2064 carmina
2195 2004 2548 2082 poetarum,
2613 2000 2744 2065 ullo

448 2101 636 2166 modo
684 2106 937 2167 nostrae
984 2105 1334 2168 consonant
1376 2102 1680 2180 libertati,
1729 2122 1852 2168 non
1913 2107 2230 2169 oratorum
2275 2105 2494 2171 inflata
2539 2110 2603 2171 et
2646 2126 2746 2172 ex·
2785 2131 2840 2174 ιε

449 2209 650 2293 polita
692 2208 1038 2287 mendacia,
1076 2227 1201 2274 non
1250 2209 1519 2291 denique
1564 2209 1852 2291 ipsorum
1887 2211 2411 2295 philosophorum
2459 2215 2747 2296 garrulae

451 2316 756 2400 argutiae,
814 2316 924 2399 qui
988 2317 1095 2382 uel
1160 2315 1345 2380 deum
1400 2335 1660 2398 prorsus
1719 2336 1840 2380 non
1900 2322 2338 2404 cognouerunt
2388 2321 2515 2399 uel,
2575 2339 2746 2386 cum

450 2423 1047 2508 cognouissent
1112 2423 1359 2498 deum,
1429 2442 1577 2488 non
1647 2422 1867 2489 sicut
1922 2424 2151 2489 deum
2217 2424 2748 2508 glorificaue-

448 2534 636 2594 runt
691 2533 829 2596 aut
884 2530 1198 2615 gratias
1254 2533 1617 2616 egerunt,
1669 2530 1808 2595 sed
1864 2535 2370 2597 euanuerunt
2413 2533 2490 2597 in
2539 2534 2748 2618 cogi-

450 2636 920 2702 tationibus
988 2637 1164 2702 suis
1232 2642 1311 2701 et
1377 2636 1908 2703 obscuratum
1969 2640 2094 2702 est
2148 2638 2554 2721 insipiens
2619 2658 2750 2704 cor
2785 2666 2846 2707 20

451 2760 719 2808 eorum
788 2746 866 2808 et
930 2743 1302 2808 dicentes
1371 2763 1451 2808 se
1517 2762 1695 2808 esse
1753 2744 2178 2826 sapientes
2237 2745 2487 2810 stulti
2545 2745 2748 2810 facti

451 2851 641 2913 sunt
708 2852 787 2913 et
847 2849 1469 2914 inmutauerunt
1533 2849 1880 2932 gloriam
1943 2850 2412 2933 incorrupti
2479 2852 2606 2918 dei
2670 2852 2747 2916 in

452 2955 1094 3021 similitudinem
1156 2955 1539 3041 imaginis
1609 2957 2198 3041 corruptibilis
2264 2958 2614 3023 hominis
2672 2960 2750 3022 et

454 3063 880 3128 uolucrum
952 3066 1030 3128 et
1094 3062 1704 3147 quadrupedum
1763 3065 1842 3128 et
1907 3065 2408 3143 serpentium
2477 3064 2582 3129 uel
2639 3063 2744 3146 qui

631 3309 661 3362 7
700 3307 816 3362 Ioh.
856 3307 908 3370 8,
948 3307 1017 3362 36
1132 3307 1195 3360 12
1234 3307 1348 3362 Ioh.
1388 3307 1440 3376 8,
1478 3307 1548 3362 32
1662 3307 1726 3361 17
1764 3307 1919 3360 Rom.
1963 3308 2009 3372 1,
2050 3307 2264 3362 21—23

525 3431 551 3483 1
592 3431 731 3500 sine]
772 3431 821 3484 si
856 3447 965 3484 non
1002 3430 1064 3484 F
1199 3431 1405 3486 litteris
1442 3431 1644 3486 nostris
1683 3431 1804 3486 edd.
1951 3430 2202 3494 disceret,
2241 3447 2381 3486 corr.
2419 3449 2488 3487 m.
2508 3437 2539 3486 1
2576 3431 2748 3487 diece-

451 3518 607 3574 deret
630 3518 705 3576 Μ
842 3537 939 3590 per
973 3521 1242 3590 nostrum]
1282 3535 1527 3590 paruum,
1564 3535 1704 3574 corr.
1741 3537 1812 3574 m.
1842 3524 1873 3573 1
1901 3536 1996 3590 per
2031 3521 2274 3574 nostrum
2302 3521 2377 3575 M
2472 3522 2506 3576 3
2543 3520 2750 3590 diuino,

451 3625 519 3663 m.
540 3611 582 3662 2
618 3606 886 3662 dominico
924 3608 999 3662 Ρι
1142 3624 1315 3678 poene
1352 3608 1426 3662 Μ
1459 3611 1545 3671 (m.
1570 3613 1610 3662 2
1646 3612 1809 3679 pane)
1847 3607 1958 3663 FA
2103 3612 2365 3678 quantum
2391 3607 2448 3663 R
2547 3611 2580 3664 6
2617 3611 2748 3664 inn-

451 3698 529 3768 pii
564 3697 621 3750 P
760 3698 818 3751 in
856 3715 957 3752 om.
995 3696 1071 3752 Ρι
1179 3697 1213 3751 8
1250 3713 1379 3752 uero
1417 3697 1479 3751 F
1615 3696 1775 3752 liberi
1815 3701 2012 3766 (postr.
2053 3698 2088 3751 Ζ.
2126 3703 2247 3752 m.1
2279 3699 2344 3752 in
2377 3713 2494 3755 ras.
2531 3703 2572 3752 2
2608 3699 2667 3765 Ζ.)
2697 3699 2756 3752 Ρ

451 3787 671 3843 liberati
708 3787 769 3842 F
906 3789 1049 3858 eum]
1090 3788 1185 3841 uni
1220 3786 1282 3840 F
1417 3788 1535 3858 ipse
1574 3787 1745 3844 ARa
1883 3787 1949 3842 10
1985 3787 2234 3852 liberare,
2271 3803 2342 3842 m.
2363 3791 2404 3841 2
2437 3786 2662 3842 liberale
2696 3787 2754 3841 P
2871 3841 2878 3846 .

456 3877 517 3930 11
548 3876 769 3931 liberati
792 3875 925 3930 ΜΡ
1021 3877 1087 3931 13
1114 3875 1373 3931 liberauit
1398 3877 1453 3930 P
1478 3879 1565 3942 (m.
1589 3879 1630 3930 2
1663 3875 1943 3942 liberabit)
1969 3875 2033 3930 F
2055 3878 2216 3946 (corr.
2245 3893 2314 3929 m.
2334 3879 2366 3928 1
2389 3875 2668 3943 liberabit)
2695 3878 2749 3931 A

457 3966 525 4019 14
560 3965 673 4019 sint
697 3965 759 4021 F
852 3967 917 4020 15
955 3969 1257 4020 consonant
1292 3969 1511 4020 nostrae
1537 3965 1594 4020 R
1702 3963 1921 4020 liberati
1949 3965 2004 4019 Α.
2113 3966 2172 4018 et
2205 3979 2328 4028 om„
2356 3967 2485 4018 m.2
2512 3963 2645 4018 add.
2675 3965 2748 4018 Ρι

526 4054 791 4124 expoliata
825 4054 1005 4108 PFP¹
1043 4054 1313 4125 expoliata
1348 4055 1403 4109 Α.
1587 4055 1652 4109 16
1699 4055 2040 4124 garrulitatis
2087 4053 2319 4122 argutia,
2357 4071 2426 4108 m.
2447 4058 2479 4107 1
2513 4069 2690 4124 cupra
2724 4054 2754 4107 λ’

458 4143 705 4213 garrulae
751 4143 999 4212 argutiae
1035 4143 1091 4199 R
1276 4144 1339 4198 17
1386 4159 1606 4214 prorsus
1653 4143 1814 4198 deum
1850 4141 1906 4198 R
2085 4142 2152 4196 21
2193 4141 2375 4212 stulti]
2413 4146 2468 4196 et
2505 4143 2663 4198 stulti
2697 4145 2755 4199 P

454 4233 525 4286 22
560 4232 859 4302 incorrupti
896 4231 983 4287 dei
1020 4249 1124 4288 om.
1162 4232 1236 4286 Μ
1410 4232 1876 4303 incorruptibilem
1905 4231 1960 4284 P
2115 4232 2188 4286 24
2226 4236 2284 4286 et
2319 4231 2750 4303 quadrupedum]

454 4323 620 4390 atque
658 4319 1066 4390 quadrupedum
1102 4321 1221 4375 edd.
