3184 4959
567 437 699 500 214
1279 431 1330 486 S.
1388 430 1669 484 Aureli
1724 428 2162 499 Augustini

569 629 867 694 continuo
931 628 1189 693 reddere
1255 627 1438 710 potui
1500 645 1615 691 nec
1672 626 1793 691 tibi
1848 629 2059 691 tamen
2120 625 2361 691 diutius
2410 625 2621 690 deberi
2668 625 2869 702 uolui,

569 735 738 819 quod
783 739 1004 818 posset
1049 739 1114 799 et
1157 754 1258 799 me
1307 734 1578 798 habente
1628 733 1963 798 redhiberi.
2030 733 2293 816 proinde
2350 733 2677 797 carissimo
2740 731 2869 796 filio

567 842 938 925 presbytero
1005 840 1237 923 Optato
1296 840 1608 924 delegaui‚
1658 842 1733 904 ut
1790 841 1881 904 eis
1940 839 2135 918 horiS,
2186 857 2340 922 quas
2398 839 2517 902 tibi
2573 842 2871 921 opportu-

569 948 775 1014 niores
848 948 1107 1034 uideris,
1183 950 1396 1011 tecum
1471 948 1645 1030 legat
1710 965 1801 1022 ea,
1871 965 2031 1028 quae
2094 945 2424 1028 pollicitus
2491 965 2656 1011 sum.
2723 962 2869 1008 cum

568 1058 778 1120 totum
825 1056 960 1120 fieri
1005 1074 1194 1140 posse
1240 1055 1643 1137 persenserit,
1692 1055 1813 1118 hoc
1872 1054 2061 1118 etiam
2121 1053 2446 1117 eximietas
2501 1055 2613 1117 tua
2680 1070 2872 1134 quam
2934 1073 2961 1111 ⁵

571 1167 746 1246 grate
813 1163 1144 1246 acceperit,
1212 1165 1342 1226 tam
1408 1162 1658 1244 inpigre
1727 1165 1916 1243 atque
1984 1161 2212 1226 acriter
2275 1159 2479 1224 facere
2554 1158 2870 1224 suadebit.

571 1273 879 1353 quantum
945 1273 1157 1334 autem
1223 1272 1287 1332 te
1355 1268 1617 1352 diligam
1684 1267 2173 1350 salubribusque
2244 1266 2473 1330 studiis
2540 1266 2605 1329 in
2659 1285 2872 1329 rerum

571 1377 929 1442 diuinarum
976 1379 1166 1458 atque
1213 1376 1627 1439 humanarum
1680 1374 2043 1458 cognitione
2092 1373 2394 1438 oblectari
2458 1376 2648 1456 atque
2706 1391 2871 1436 exer-

572 1485 698 1548 ceri
745 1482 962 1560 uelim,
1013 1482 1218 1560 credo,
1269 1481 1436 1563 quod
1488 1481 1727 1564 optime
1775 1481 2136 1565 intellegas.

663 1589 1005 1655 Caritatem
1063 1589 1257 1654 officii
1313 1589 1438 1652 mei
1497 1589 1551 1653 si
1608 1607 1729 1652 non
1790 1591 2164 1671 aspernariS,
2224 1607 2405 1670 spero
2453 1587 2515 1650 in
2562 1587 2704 1670 ipsa
2746 1585 2870 1649 fide
2910 1607 2960 1645 ιο

574 1696 930 1761 Christiana
995 1699 1059 1760 et
1120 1696 1184 1760 in
1247 1696 1532 1760 moribus
1591 1696 1717 1759 iam
1773 1696 1867 1759 ita
1922 1696 2305 1760 constitutae
2359 1713 2665 1777 personae
2726 1695 2873 1756 tuae

574 1803 869 1886 congruis
936 1802 1096 1868 tales
1161 1807 1225 1867 te
1289 1805 1635 1884 prouectus
1702 1802 2093 1881 habiturum,
2162 1805 2237 1866 ut
2300 1801 2491 1866 huius
2550 1801 2711 1866 fumi
2770 1799 2875 1863 uel

573 1911 826 1994 uaporis
873 1910 1263 1992 temporalis,
1315 1927 1474 1992 quae
1519 1910 1657 1974 uita
1705 1910 1982 1974 humana
2030 1910 2284 1986 dicitur,
2332 1909 2634 1972 ultimum
2682 1907 2872 1983 diem,

575 2036 759 2099 quem
828 2017 987 2081 nulli
1052 2018 1418 2082 mortalium
1496 2017 1733 2081 euitare
1816 2016 2200 2095 conceditur,
2277 2017 2382 2080 uel
2466 2015 2695 2079 auidus
2770 2013 2877 2078 1191

577 2109 838 2188 securus
903 2125 1010 2188 uel
1078 2127 1246 2188 certe
1313 2142 1434 2188 non
1502 2123 1830 2205 desperate
1897 2123 2213 2188 sollicitus
2281 2142 2403 2187 non
2469 2123 2532 2186 in
2588 2121 2871 2186 uanitate
2909 2139 2957 2180 15

577 2230 802 2296 erroris
861 2230 974 2295 sed
1030 2230 1092 2293 in
1150 2230 1472 2294 soliditate
1529 2230 1821 2294 ueritatis
1882 2233 2193 2314 expectes.
2244 2249 2433 2313 quam
2481 2231 2725 2293 certum
2774 2231 2874 2291 est

577 2337 743 2402 9111111
797 2338 916 2401 tibi
973 2339 1190 2402 uiuere
1246 2341 1330 2415 te,
1388 2340 1521 2402 tam
1579 2337 1665 2402 sit
1722 2341 1963 2402 certum
2023 2336 2309 2402 doctrina
2367 2337 2631 2401 salutari
2679 2335 2875 2399 istam

577 2445 796 2520 uitam,
855 2464 1016 2527 quae
1069 2445 1134 2508 in
1191 2444 1436 2508 deliciis
1494 2444 1950 2527 temporalibus
2009 2444 2237 2528 agitur,
2295 2443 2357 2508 in
2408 2442 2874 2525 comparatione

577 2551 748 2616 uitae
785 2569 790 2574 “
823 2555 1134 2631 aeternae,
1203 2571 1361 2634 quae
1427 2551 1611 2616 nobis
1677 2570 1790 2634 per
1854 2551 2179 2617 Christum
2244 2554 2432 2633 atque
2496 2551 2561 2613 in
2622 2547 2873 2614 Christo

577 2658 988 2742 promittitur,
1037 2678 1160 2723 non
1217 2658 1416 2723 uitam
1477 2657 1588 2722 sed
1644 2661 1913 2722 mortem
1982 2677 2123 2722 esse
2188 2656 2632 2740 deputandam.
2698 2654 2874 2718 nullo
2912 2677 2962 2717 20

577 2765 764 2830 modo
841 2769 1054 2830 autem
1121 2765 1545 2829 dubitauerim
1618 2764 1694 2828 de
1758 2764 1969 2829 indole
2038 2769 2169 2842 tua,
2228 2763 2399 2847 quod
2444 2763 2571 2826 ista
2618 2779 2877 2826 consue-

578 2871 796 2936 tudine
851 2872 1330 2936 Donatistarum
1395 2871 1699 2936 facillime
1763 2875 1827 2937 te
1894 2871 2201 2947 extrahes,
2275 2870 2330 2934 si
2392 2867 2877 2953 religiosissime

576 2979 780 3061 ipsam
829 2977 1251 3043 Christianam
1298 2978 1644 3060 puritatem
1691 2998 1813 3043 non
1866 2978 2362 3061 paruipenderis.
2420 2996 2609 3059 quam
2666 2975 2879 3039 incon-

580 3084 785 3149 cussis
842 3085 1006 3148 enim
1055 3085 1570 3150 documentorum
1622 3085 2029 3149 firmamentis
2078 3105 2246 3150 error
2290 3085 2398 3149 ille
2447 3083 2877 3158 conuincatur,

579 3211 700 3255 non
758 3210 1058 3275 magnum
1115 3194 1216 3255 est
1280 3195 1470 3256 etiam
1527 3191 1726 3256 tardis
1791 3192 2067 3277 ingenio,
2136 3192 2192 3255 si
2258 3194 2505 3255 tantum
2568 3190 2879 3273 patienter
2912 3211 2962 3252 85

580 3301 767 3380 atque
803 3297 1043 3362 intente
1082 3297 1417 3376 audierint,
1457 3299 1810 3382 peruidere.
1861 3299 1969 3363 sed
2020 3299 2097 3363 ad
2146 3297 2509 3362 sectandam
2554 3297 2875 3362 insolitam

579 3403 1022 3468 rectitudinem
1089 3406 1364 3472 usitatae
1432 3407 1614 3489 quasi
1669 3406 1999 3470 familiaris
2054 3405 2491 3488 peruersitatis
2549 3403 2879 3468 uinculum
2926 3445 2948 3450 -

582 3510 950 3593 abrumpere
1007 3513 1316 3578 maiorum
1375 3515 1610 3578 uirium
1670 3517 1786 3578 est.
1858 3517 1920 3578 et
1974 3531 2370 3595 nequaquam
2420 3510 2877 3594 desperandum

583 3615 921 3684 adiuuante
978 3623 1166 3702 atque
1225 3623 1592 3684 exhortante
1648 3620 1789 3702 ipso
1841 3619 2091 3684 domino
2142 3619 2257 3683 deo
2304 3622 2518 3684 nostro
2570 3618 2646 3681 de
2696 3635 2878 3701 gene-

762 3844 831 3897 12
871 3844 976 3898 Iac.
1017 3845 1070 3910 4,
1111 3845 1176 3898 15

661 3986 686 4038 1
727 4001 826 4038 nec
861 3985 966 4038 tibi
1001 3987 1184 4038 tamen
1218 3984 1445 4052 scripsi,-
1479 3999 1564 4036 1119
1604 3983 1708 4036 tibi
1744 3987 1929 4038 tamen
1974 3983 2140 4038 TVU
2173 3983 2291 4038 edd.
2332 4000 2417 4036 me
2455 3987 2639 4038 tamen
2676 3983 2779 4038 tibi
2820 3983 2885 4037 H

655 4072 839 4127 deberi
877 4073 1035 4144 (corr.
1077 4071 1293 4138 debere)
1334 4071 1486 4124 uolui
1525 4069 1577 4122 V
1610 4069 1805 4124 debere
1844 4070 1995 4124 nolui
2022 4071 2141 4126 edd.
2246 4072 2279 4125 2
2318 4071 2491 4141 possit
2536 4071 2589 4125 U
2685 4073 2751 4126 15
2783 4071 2875 4125 de—

583 4177 797 4230 sperare
835 4161 902 4214 H
911 4160 1018 4216 VU
1123 4163 1189 4216 16
1231 4164 1526 4230 exspectas,
1567 4175 1705 4213 corr.
1744 4175 1813 4212 m.
1836 4165 1868 4212 1
1906 4164 2183 4230 exspectes
2222 4161 2287 4215 H
2416 4160 2479 4214 18
2520 4160 2703 4230 agitur
2738 4163 2877 4214 tem-

582 4250 857 4320 poralibus
892 4251 1065 4320 siquis
1101 4266 1239 4305 corr.
1287 4249 1338 4302 V
1468 4249 1536 4302 26
1576 4248 1887 4302 audiuerint
1922 4249 2208 4318 prouidere
2256 4249 2369 4304 VU
2492 4251 2558 4304 27
2604 4251 2783 4318 quasi]
2826 4253 2883 4303 et

589 4339 745 4408 quasi
781 4339 901 4395 edd.
1011 4339 1079 4392 29
1119 4338 1436 4392 cohortante
1483 4337 1586 4392 VU
