3184 4959
1181 404 1711 474 epistularum
1768 402 1877 460 CV.
2550 409 2677 471 599

247 597 290 660 6
471 597 554 662 Et
617 601 830 662 tamen
898 597 1052 680 quid
1117 601 1217 662 est
1289 597 1542 677 meliuS‚
1620 599 1893 681 proferre
1968 617 2151 664 ueras
2226 598 2681 683 imperatorum

383 703 700 770 iussiones
755 723 867 788 pro
923 704 1168 768 unitate
1223 723 1300 768 an
1357 705 1552 770 falsas
1601 704 2033 790 indulgentias
2080 725 2192 788 pro
2238 707 2681 788 peruersitate,

385 810 555 894 quod
610 831 726 876 uos
791 811 1036 876 fecistis
1097 813 1162 876 et
1213 811 1540 876 mendacio
1600 815 1815 878 uestro
1874 812 2087 878 subito
2144 815 2345 877 totam
2403 812 2678 877 Africam

384 919 746 1002 implestis?
812 918 874 982 in
951 937 1070 1000 quo
1135 919 1305 984 facto
1363 919 1523 984 nihil
1579 919 1757 983 aliud
1815 918 2185 984 ostendistis
2261 919 2383 984 nisi
2438 921 2679 1000 partem

320 1047 352 1087 s
387 1024 622 1092 Donati
669 1045 918 1108 semper
955 1026 1032 1090 de
1081 1025 1406 1092 mendacio
1452 1030 1965 1109 praesumentem
2006 1027 2177 1092 omni
2226 1030 2415 1092 uento
2463 1023 2681 1091 iactari

388 1135 454 1197 et
516 1130 924 1202 circumferri,
993 1131 1165 1196 sicut
1228 1132 1536 1214 scriptum
1604 1143 1729 1197 est:
1800 1130 1949 1211 Qui
2013 1131 2213 1198 fidit
2276 1133 2349 1196 in
2415 1131 2681 1210 falsi8‚

387 1239 516 1306 hic
574 1240 845 1324 pascit
898 1243 1210 1304 uentos.
1264 1238 1440 1305 sicut
1485 1240 1653 1304 enim
1712 1259 1863 1304 uera
1916 1239 2041 1306 fuit
2094 1239 2221 1304 ista
2266 1237 2683 1322 indulgentia,

386 1346 481 1412 sio
517 1365 668 1412 uera
705 1350 856 1410 sunt
893 1346 1154 1412 crimina
1183 1345 1526 1413 Caeciliani
1563 1350 1630 1411 et
1666 1345 1920 1412 traditio
1958 1346 2189 1411 Felicis
2226 1344 2683 1428 Aptungensis,

387 1473 499 1536 per
545 1472 734 1535 quem
791 1453 1118 1519 ordinatus
1174 1456 1290 1528 est,
1351 1457 1414 1520 et
1469 1453 1773 1536 quicquid
1828 1453 2003 1518 aliud
2058 1455 2278 1518 contra
2334 1450 2685 1516 catholicos

299 1581 352 1620 ιο
389 1559 596 1624 dicere
654 1559 1034 1634 consuestis,
1093 1564 1166 1623 ut
1219 1579 1258 1626 a
1310 1579 1464 1644 pace
1512 1559 1821 1626 ecclesiae
1870 1559 2108 1628 Christi
2162 1558 2449 1624 infelices
2508 1575 2684 1639 sepa-

387 1665 540 1730 retis
597 1668 660 1728 et
713 1664 1051 1730 infeliciter
1103 1665 1503 1748 separemini.
1561 1665 1638 1729 de
1692 1665 1871 1730 nulla
1926 1663 2183 1748 quidem
2238 1682 2353 1728 nos
2410 1662 2685 1729 hominis

388 1773 706 1854 potestate
771 1772 1262 1856 praesumimus,
1311 1772 1604 1855 quamuis
1670 1771 1895 1854 utique
1950 1771 2153 1836 multo
2210 1771 2299 1836 sit
2355 1770 2685 1835 honestius

389 1896 789 1958 praesumere
856 1879 930 1943 de
992 1877 1482 1960 imperatoribus
1548 1897 1739 1961 quam
1802 1895 2205 1961 praesumere
2271 1877 2347 1942 de
2406 1875 2687 1942 Circum-

389 1967 788 2062 cellionibuS,
833 2005 1236 2069 praesumere
1285 1985 1360 2050 de
1407 1986 1660 2070 legibus
1708 2005 1899 2068 quam
1946 2003 2345 2068 praesumere
2402 1984 2477 2049 de
2526 1982 2687 2048 sedi-

305 2117 356 2160 ιε
389 2091 704 2166 tionibus;
763 2092 876 2157 sed
921 2093 1330 2158 meminimus
1379 2094 1691 2175 scriptum
1739 2111 1910 2158 esse:
1975 2093 2477 2158 Maledictus
2544 2111 2688 2156 om·

391 2199 534 2278 nis,
593 2201 727 2280 qui
793 2217 1010 2282 spem
1077 2219 1297 2264 suam
1359 2199 1591 2283 ponit
1657 2199 1733 2264 in
1810 2199 2233 2264 hominem.
2306 2198 2470 2264 unde
2538 2215 2685 2281 ergo

387 2306 876 2389 praesumimus,
955 2307 1012 2371 si
1083 2306 1286 2371 uultis
1349 2325 1560 2384 nosse,
1626 2307 1813 2372 illum
1870 2305 2166 2390 cogitate,
2234 2305 2311 2370 de
2367 2323 2493 2388 quo
2549 2323 2687 2388 pro-

389 2413 584 2496 pheta
617 2413 1092 2496 praenuntiauit
1129 2412 1370 2478 dicens:
1411 2413 1887 2480 Adorabunt
1933 2431 2105 2478 eum
2144 2431 2411 2478 omnes
2451 2430 2686 2495 reges

391 2523 687 2598 terrae,
772 2538 1042 2585 omnes
1126 2523 1411 2602 gentes
1498 2519 1873 2584 seruient
1954 2518 2109 2583 illi.
2197 2523 2263 2583 et
2342 2518 2484 2584 ideo
2569 2517 2687 2582 hac

296 2655 350 2694 so
389 2625 696 2694 ecclesiae
749 2629 1068 2708 potestate
1125 2625 1384 2704 utimur,
1443 2645 1631 2709 quam
1691 2626 1748 2690 ei
1804 2626 2096 2692 dominus
2154 2630 2219 2691 et
2272 2624 2569 2707 promisit
2622 2627 2687 2689 et

389 2731 582 2798 dedit.

251 2847 291 2910 7
473 2839 894 2923 Imperatores
933 2839 1100 2904 enim
1149 2837 1204 2904 si
1249 2839 1314 2903 in
1354 2857 1558 2904 errore
1598 2843 1831 2916 essent,
1880 2837 2047 2922 quod
2096 2838 2285 2913 absit,
2332 2858 2443 2922 pro
2484 2856 2685 2902 errore

385 2965 504 3010 suo
533 2950 750 3012 contra
776 2945 1116 3012 ueritatem
1145 2946 1323 3031 leges
1365 2946 1609 3024 darent,
1638 2965 1748 3031 per
1786 2965 1942 3028 quas
1980 2945 2137 3010 iusti
2176 2949 2241 3010 et
2276 2945 2688 3029 probarentur

384 3055 452 3116 et
506 3055 949 3118 coronarentur
1002 3071 1128 3118 non
1181 3053 1494 3132 faciendo,
1561 3053 1733 3136 quod
1789 3053 1885 3119 illi
1948 3053 2257 3132 iuberent,
2325 3052 2473 3134 quia
2528 3051 2685 3116 deus

289 3188 346 3228 εὖ
383 3159 766 3240 prohiberet,
835 3155 1024 3224 sicut'
1067 3161 1344 3226 iusserat
1407 3159 2019 3238 Nabuchodonosor,
2084 3162 2158 3224 ut
2220 3177 2409 3224 aurea
2473 3161 2686 3222 statua

383 3265 769 3343 adoraretur,
864 3264 1031 3349 quod
1120 3267 1228 3349 qui
1317 3266 1522 3331 facere
1616 3267 1975 3342 noluerunt,
2057 3266 2173 3330 deo
2248 3265 2399 3330 talia
2476 3263 2685 3348 prohi-

382 3371 556 3436 benti
599 3371 993 3454 placuerunt.
1041 3371 1290 3454 quando
1341 3376 1552 3436 autem
1602 3372 2012 3456 imperatores
2060 3371 2400 3436 ueritatem
2448 3371 2683 3446 tenent,

557 3565 590 3617 6
627 3561 787 3614 Prou.
829 3563 912 3626 10,
953 3563 990 3614 4
1184 3562 1248 3616 15
1289 3561 1438 3619 Hier.
1479 3561 1563 3623 17.
1604 3565 1635 3617 5
1823 3562 1891 3616 18
1928 3562 2016 3615 Ps.
2058 3562 2144 3625 71,
2188 3561 2247 3616 11
2426 3561 2495 3614 25
2542 3559 2681 3614 Dan.

387 3653 440 3712 3,
481 3651 653 3705 1—18

448 3775 480 3828 2
519 3777 744 3844 propter
781 3773 1066 3840 uersitate,
1099 3791 1167 3828 m.
1192 3777 1231 3828 2
1256 3791 1352 3844 pro
1391 3775 1755 3844 peruersitate
1784 3773 1857 3828 M
1880 3778 2102 3844 propter
2132 3774 2543 3844 peruersitatem
2570 3771 2681 3826 Fa

379 3869 603 3934 propter
639 3863 1030 3933 peruersitates
1068 3865 1124 3918 A
1234 3864 1299 3917 10
1339 3863 1633 3917 consuistis
1670 3863 1745 3918 M
1776 3861 2138 3917 consueuistis
2174 3862 2362 3930 flrm
2482 3863 2542 3915 11
2586 3878 2683 3914 nos

383 3969 487 4007 om.
524 3953 601 4007 M
707 3954 772 4006 15
812 3969 887 4017 se,
927 3967 1067 4007 corr.
1105 3957 1224 4006 m.1
1261 3951 1358 4006 sed
1393 3951 1456 4006 F
1593 3960 1709 4006 oms
1746 3951 1822 4006 M
1930 3953 1995 4006 16
2035 3952 2091 4004 in
2128 3951 2401 4005 hominem
2442 3949 2600 4020 ponit
2626 3951 2681 4003 A

449 4044 666 4098 homine
708 4049 806 4108 <⁶-
849 4047 992 4111 exp.)
1030 4042 1092 4097 F
1125 4042 1344 4097 homine
1382 4041 1490 4096 PR
1536 4041 1659 4098 edd.
1701 4047 1925 4112 praeter
1964 4059 2001 4094 a
2036 4057 2136 4095 sec.
2188 4039 2345 4110 Vulq.
2400 4039 2681 4110 (Septuay.

379 4127 458 4178 ἐπ’
501 4129 806 4202 ἄνθρωπον)
903 4131 969 4185 18
1007 4132 1389 4201 pronuntiauit
1416 4131 1470 4187 R
1601 4149 1785 4186 omnes
1822 4148 1925 4185 om.
1956 4133 2011 4184 A
2106 4132 2169 4185 19
2208 4133 2384 4183 terrae
2414 4132 2472 4182 et
2501 4145 2685 4182 omnes

379 4221 500 4277 edd.
534 4227 759 4292 praeter
787 4237 824 4274 a
1005 4220 1144 4274 utini
1183 4227 1200 4279 s
1207 4237 1405 4290 parua
1441 4223 1579 4286 ras.)
1618 4219 1679 4274 F
1712 4221 1778 4283 ei,
1818 4236 1884 4273 m.
1910 4225 1939 4272 1
1977 4235 2155 4288 supra
2192 4217 2274 4274 illi
2313 4219 2368 4275 R
2558 4217 2685 4272 ham

396 4329 426 4366 e
473 4316 634 4378 eras.)
673 4309 747 4364 M
759 4319 762 4326 '
