3184 4959
524 419 654 482 362
1233 414 1289 466 S.
1342 413 1616 467 Aureli
1671 413 2108 481 Augustini

524 612 926 696 cogebantur,
997 611 1303 695 arguebat
1365 629 1485 674 non
1546 612 1626 674 ob
1683 610 1876 688 aliud,
1935 609 2056 672 nisi
2115 609 2263 690 quia
2311 609 2402 672 sic
2451 609 2562 672 illa
2609 608 2816 672 omnia

525 719 921 783 simulatoria
968 717 1365 801 gerebantur,
1415 722 1738 799 tamquam
1787 737 2008 781 nerum
2059 719 2249 792 esset,
2299 714 2468 796 quod
2526 714 2818 778 dicebant

522 826 638 902 illi,
698 827 803 907 qui
862 826 997 890 sine
1054 826 1531 890 circumcisione
1588 824 1904 908 praeputii
1969 827 2158 904 atque
2225 822 2366 886 aliis
2433 820 2816 884 obseruatio-

522 933 709 997 nibus
776 933 1078 997 umbrae
1143 933 1573 996 futurorum
1637 931 1946 1015 putabant
2011 929 2338 994 credentes
2405 928 2620 992 saluos
2678 947 2818 992 esse

522 1058 645 1104 non
692 1059 900 1123 posse.
2881 1056 2907 1094 s

422 1144 499 1205 12
612 1147 778 1229 Ergo
848 1151 911 1210 et
966 1146 1371 1210 Timotheum
1436 1149 1769 1228 propterea
1831 1144 2250 1220 circumcidit,
2319 1162 2394 1206 ne
2449 1142 2699 1206 Iudaeis
2758 1152 2820 1206 et

524 1254 793 1318 maxime
842 1253 1200 1336 cognationi
1250 1253 1386 1316 eius
1434 1254 1752 1316 maternae
1801 1253 1891 1316 sic
1937 1251 2323 1327 uiderentur,
2383 1249 2491 1332 qui
2547 1269 2615 1313 ex
2675 1267 2819 1332 gen-

524 1361 699 1424 tibus
748 1360 809 1422 in
860 1360 1183 1426 Christum
1233 1359 1644 1437 crediderant,
1693 1359 1997 1422 detestari
2043 1357 2606 1427 circumcisionem,
2657 1357 2820 1420 sicut

525 1468 821 1532 idolatria
894 1467 1261 1532 detestanda
1336 1471 1455 1545 est,
1530 1486 1676 1530 cum
1749 1466 1926 1530 illam
2005 1467 2158 1531 deus
2223 1464 2357 1528 fieri
2414 1462 2818 1547 praeceperit.

528 1576 687 1640 hanc
736 1577 989 1638 sat-anas
1034 1576 1448 1658 persuaserit3
1498 1577 1563 1638 et
1600 1576 1814 1639 Titum
1860 1577 2191 1657 propterea
2235 1593 2354 1638 non
2405 1569 2817 1636 circumcidit.
2857 1590 2910 1629 ιο

528 1701 603 1744 ne
654 1682 1045 1746 occasionem
1093 1682 1272 1746 daret
1316 1683 1429 1759 εἰς,
1480 1682 1587 1763 qui
1637 1681 1770 1746 sine
1828 1682 1939 1745 illa
1995 1680 2472 1746 circumcisione
2530 1677 2822 1742 dicebant

531 1788 855 1852 credentes
904 1789 1119 1852 saluos
1168 1808 1306 1852 esse
1354 1807 1475 1852 non
1520 1807 1732 1870 posse,
1790 1793 1856 1852 et
1908 1789 1985 1852 ad
2044 1788 2478 1870 deceptionem
2537 1786 2820 1869 gentium

528 1895 648 1958 hoc
690 1895 878 1958 etiam
926 1895 1197 1959 Paulum
1247 1897 1479 1960 sentire
1526 1897 1852 1960 iactarent.
1901 1895 2070 1978 quod
2110 1896 2248 1976 ipse
2287 1895 2442 1960 satis
2485 1891 2820 1978 significat.

530 2002 641 2066 ubi
690 2001 805 2067 ait:
858 2001 1001 2066 Sed
1047 2022 1284 2084 neque
1333 2003 1574 2081 Titus„
1626 2003 1750 2085 qui
1807 2021 2098 2068 mecum
2161 2005 2340 2066 erat.
2398 2021 2558 2065 cum
2621 2003 2822 2064 esset

534 2109 891 2184 Graecus,
942 2111 1377 2192 compulsus
1425 2114 1542 2174 est
1588 2108 2034 2174 circumcidi
2079 2113 2388 2190 propter
2445 2108 2818 2172 subintro-
2857 2121 2910 2162 1⁵

532 2216 805 2280 ductos
874 2219 1123 2280 autem
1179 2217 1415 2280 falsos
1474 2217 1770 2294 fratreS,
1831 2217 1954 2299 qui
2014 2216 2616 2280 subintroierant
2667 2234 2818 2297 per-

534 2325 863 2388 scrutari
939 2323 1369 2389 libertatem
1449 2329 1806 2390 nostram.
1878 2329 1962 2389 ut
2025 2344 2156 2389 nos
2222 2326 2293 2388 in
2363 2323 2818 2388 seruitutem

528 2430 985 2514 redigerent,
1044 2431 1319 2512 quibus
1376 2451 1509 2496 nec
1566 2432 1652 2494 ad
1707 2432 1960 2497 horam
2021 2431 2395 2497 cessimus
2463 2430 2820 2494 subiecti-

532 2557 686 2614 one,
728 2542 809 2601 ut
846 2539 1134 2603 ueritas
1175 2539 1564 2623 euangelii
1600 2543 2034 2621 permaneat
2071 2539 2154 2602 ad
2197 2557 2350 2602 uos.
2401 2537 2504 2601 hic
2544 2546 2820 2619 apparet.
2879 2533 2890 2548 “

532 2644 683 2724 quid
731 2663 837 2710 eos
886 2647 1137 2726 captare
1172 2645 1579 2720 intellexerit,
1620 2648 1692 2708 ut
1730 2664 1848 2710 non
1889 2647 2144 2713 faceret,
2186 2645 2354 2727 quod
2391 2645 2450 2708 in
2492 2643 2818 2709 Timotheo
2855 2656 2908 2696 2⁰

530 2753 784 2828 fecerat,
844 2752 1013 2834 quod
1070 2771 1142 2815 ea
1198 2751 1489 2816 libertate
1544 2753 1748 2816 facere
1803 2756 2072 2834 poterat,
2123 2771 2246 2834 qua
2301 2752 2660 2816 ostenderet
2712 2751 2818 2815 illa

710 2962 744 3013 4
782 2959 896 3014 Col.
937 2961 987 3022 2,
1031 2961 1095 3012 17
1210 2961 1273 3011 14
1314 2957 1431 3012 Gal.
1472 2961 1521 3019 2,
1561 2960 1702 3012 3—-5

607 3086 632 3137 1
676 3083 1128 3152 cogebantur-p.
1164 3087 1301 3149 368,
1334 3088 1369 3136 ¹7
1398 3084 1805 3138 obseruationes
1847 3084 1910 3137 ab
1945 3085 2155 3138 lacuna
2193 3103 2258 3139 m.
2281 3090 2310 3138 1
2352 3085 2418 3139 in
2453 3101 2624 3153 noar-9.
2655 3084 2816 3154 siqni-

532 3173 705 3238 ficata
742 3187 843 3225 om.
890 3171 997 3242 ΟΕ
1144 3172 1439 3240 cogebatur
1476 3174 1515 3226 Ι
1620 3173 1652 3224 2
1701 3173 2032 3226 simulatorie
2069 3172 2244 3226 ΗΠ)ι
2388 3174 2690 3242 agebantur
2723 3171 2826 3224 HI

604 3259 686 3312 illi
726 3257 981 3312 dicebant
1016 3259 1136 3312 edd.
1317 3261 1350 3314 3
1389 3259 1528 3329 sine]
1568 3278 1636 3315 ne
1674 3262 1716 3314 I
1879 3264 1913 3315 4
1951 3262 2194 3332 umbrae]
2237 3278 2373 3331 quae
2413 3266 2567 3316 erant
2607 3260 2817 3314 umbrae

538 3350 603 3400 Ir
622 3363 673 3398 m
820 3348 999 3401 salbos
1036 3348 1103 3400 H
1205 3351 1237 3403 6
1276 3349 1615 3403 circumcidit
1651 3354 1937 3419 propterea
1975 3351 2096 3404 edel.
2209 3353 2238 3404 7
2280 3351 2604 3422 cognatione
2642 3352 2819 3422 (super

536 3454 563 3490 e
604 3437 734 3490 add.
774 3437 813 3502 i)
854 3437 896 3489 Ι
1034 3438 1124 3506 qui
1164 3455 1263 3492 om.
1302 3433 1356 3491 A
1537 3439 1569 3492 8
1609 3440 2010 3494 circumcisione
2049 3441 2104 3492 P
2283 3442 2314 3492 9
2352 3439 2665 3494 idololatria
2701 3439 2816 3494 edd.

526 3532 753 3593 praeter
790 3544 827 3580 a
1007 3526 1142 3581 illud
1178 3527 1220 3580 I
1412 3530 1769 3597 praeceperit]
1812 3545 1928 3583 esse
1969 3528 2172 3598 ceperit
2206 3528 2248 3581 Ι
2413 3527 2476 3582 10
2515 3535 2730 3582 sanatas
2769 3535 2818 3582 A

606 3616 958 3683 persuauerit,
998 3633 1064 3668 m.
1087 3620 1135 3672 2.
1160 3617 1489 3686 persuaserit
1524 3617 1599 3670 M
1778 3617 1839 3670 11
1891 3616 2176 3670 mandaret
2215 3616 2272 3668 H
2491 3617 2630 3686 sine]
2679 3633 2734 3672 se
2769 3617 2822 3670 P

540 3705 602 3754 12
642 3701 823 3756 salbos
858 3703 925 3756 H
1102 3705 1169 3758 ad
1215 3703 1533 3774 deceptione
1571 3705 1639 3757 H
1816 3707 1882 3760 13
1934 3705 2096 3759 etiam
2137 3723 2238 3759 om.
2279 3707 2320 3758 I
2495 3707 2732 3760 iacerent
2768 3707 2818 3758 A

605 3791 937 3860 significabit
960 3793 995 3844 1
1098 3795 1161 3846 14
1198 3810 1372 3862 neque
1411 3794 1591 3863 Titus]
1633 3811 1734 3849 nec
1771 3795 1918 3848 intus
1949 3795 2014 3848 H
2112 3797 2175 3848 ’15
2209 3795 2380 3849 estin
2409 3795 2529 3863 fine
2556 3813 2610 3848 u.
2639 3811 2737 3850 om.
2769 3797 2819 3848 A

606 3880 702 3933 sub
750 3880 1083 3934 intraductos
1112 3884 1165 3934 A
1270 3883 1333 3937 16
1374 3885 1698 3952 perscrutati
1727 3884 1801 3937 M
1834 3888 2169 3953 presel-utare
2199 3885 2240 3936 I
2347 3885 2412 3937 18
2451 3883 2760 3954 redigerant
2787 3885 2828 3938 I

606 3985 751 4022 oram
786 3969 969 4023 ΡΑΡι
1012 3975 1099 4036 (m.
1120 3975 1158 4024 2
1194 3971 1403 4038 horam)
1549 3972 1883 4026 subiectione
1925 3978 2109 4042 (super
2143 3981 2284 4042 post.
2327 3991 2354 4026 c
2387 3974 2517 4028 add.
2549 3975 2590 4044 i)
2623 3975 2668 4028 I
2695 3975 2818 4028 sub-

533 4057 750 4112 iectioni
788 4058 845 4113 R
881 4059 1001 4112 edd.
1030 4066 1257 4127 praeter
1294 4077 1345 4113 m
1380 4077 1481 4114 sec.
1530 4061 1716 4131 Vuly.;
1758 4063 1854 4116 Gr.
1895 4069 1956 4132 τῇ
1998 4061 2228 4132 ὑποταγῇ
2427 4065 2489 4118 19
2528 4072 2818 4133 permanet,

538 4163 601 4199 m.
621 4149 661 4198 :2
688 4151 1001 4216 permaneat
1028 4147 1101 4200 M
1206 4149 1273 4203 20
1302 4151 1538 4218 capitare
1566 4151 1692 4205 PM
1821 4158 1954 4220 post
1981 4151 2185 4206 faceret
2213 4169 2279 4205 m.
2305 4155 2343 4205 2
2369 4151 2499 4206 add.
2531 4151 2584 4204 in
2615 4153 2720 4206 tito
2751 4151 2822 4204 Ρι
2923 4155 2934 4162 “

606 4235 661 4288 in
699 4252 801 4289 om,
839 4237 906 4290 H
974 4238 1037 4290 21
1082 4238 1301 4308 fecerat]
1342 4239 1547 4292 facerat
1586 4239 1638 4292 P
1673 4241 1876 4294 fecerat
1915 4244 1971 4294 et
2009 4239 2112 4292 HI
2142 4241 2262 4294 edd.
2400 4241 2750 4294 hostenderet
2786 4240 2828 4294 I

536 4323 849 4378 ostenderat
887 4325 1005 4378 edd.
