<?xml version="1.0" encoding="UTF-8"?>
<!DOCTYPE html PUBLIC "-//W3C//DTD XHTML 1.0 Transitional//EN"
    "http://www.w3.org/TR/xhtml1/DTD/xhtml1-transitional.dtd">
<html xmlns="http://www.w3.org/1999/xhtml" xml:lang="en" lang="en">
 <head>
  <title>
</title>
<meta http-equiv="Content-Type" content="text/html;charset=utf-8" />
  <meta name='ocr-system' content='tesseract 3.04.00' />
  <meta name='ocr-capabilities' content='ocr_page ocr_carea ocr_par ocr_line ocrx_word'/>
</head>
<body>
  <div class='ocr_page' id='page_1' title='image "./corpusscriptoru26wiengoog_0024.png"; bbox 0 0 3184 4959; ppageno 0'>
   <div class='ocr_carea' id='block_1_1' title="bbox 460 376 2040 451">
    <p class='ocr_par' dir='ltr' id='par_1_1' title="bbox 460 376 2040 451">
     <span class='ocr_line' id='line_1_1' title="bbox 460 376 2040 451; baseline -0.003 -16"><span class='ocrx_word' id='word_1_1' title='bbox 460 386 540 451; x_wconf 83' lang='lat'><strong>14</strong></span> <span class='ocrx_word' id='word_1_2' title='bbox 1159 380 1214 436; x_wconf 89' lang='lat' dir='ltr'><strong>S.</strong></span> <span class='ocrx_word' id='word_1_3' title='bbox 1271 378 1546 433; x_wconf 82' lang='lat' dir='ltr'>Aureli</span> <span class='ocrx_word' id='word_1_4' title='bbox 1604 376 2040 447; x_wconf 76' lang='lat' dir='ltr'><strong>Augustini</strong></span> 
     </span>
    </p>
   </div>
   <div class='ocr_carea' id='block_1_2' title="bbox 465 570 2855 3112">
    <p class='ocr_par' dir='ltr' id='par_1_2' title="bbox 465 570 2855 3112">
     <span class='ocr_line' id='line_1_2' title="bbox 635 570 2409 657; baseline -0.003 -16"><span class='ocrx_word' id='word_1_5' title='bbox 635 576 746 641; x_wconf 89' lang='lat' dir='ltr'><strong>sed</strong></span> <span class='ocrx_word' id='word_1_6' title='bbox 791 575 931 653; x_wconf 81' lang='lat' dir='ltr'><strong>tibi,</strong></span> <span class='ocrx_word' id='word_1_7' title='bbox 979 578 1146 653; x_wconf 80' lang='lat' dir='ltr'><strong>nate,</strong></span> <span class='ocrx_word' id='word_1_8' title='bbox 1196 592 1438 656; x_wconf 83' lang='lat' dir='ltr'>precor,</span> <span class='ocrx_word' id='word_1_9' title='bbox 1489 592 1740 657; x_wconf 83' lang='lat' dir='ltr'><strong>semper</strong></span> <span class='ocrx_word' id='word_1_10' title='bbox 1786 576 1966 656; x_wconf 87' lang='lat' dir='ltr'><strong>pater</strong></span> <span class='ocrx_word' id='word_1_11' title='bbox 2010 570 2409 656; x_wconf 73' lang='lat' dir='ltr'>Augustinus</span> 
     </span>
     <span class='ocr_line' id='line_1_3' title="bbox 724 679 2093 748; baseline -0.003 0"><span class='ocrx_word' id='word_1_12' title='bbox 724 684 1012 748; x_wconf 86' lang='lat' dir='ltr'><strong>occurset</strong></span> <span class='ocrx_word' id='word_1_13' title='bbox 1059 683 1318 747; x_wconf 87' lang='lat' dir='ltr'><strong>cunctas</strong></span> <span class='ocrx_word' id='word_1_14' title='bbox 1366 680 1544 746; x_wconf 88' lang='lat' dir='ltr'><strong>urbis</strong></span> <span class='ocrx_word' id='word_1_15' title='bbox 1593 680 1673 744; x_wconf 86' lang='lat' dir='ltr'><strong>ad</strong></span> <span class='ocrx_word' id='word_1_16' title='bbox 1716 679 2093 745; x_wconf 74' lang='lat' dir='ltr'><strong>inlecebras·</strong></span> 
     </span>
     <span class='ocr_line' id='line_1_4' title="bbox 637 780 2181 871; baseline -0.001 -19"><span class='ocrx_word' id='word_1_17' title='bbox 637 790 820 854; x_wconf 90' lang='lat' dir='ltr'><strong>illum</strong></span> <span class='ocrx_word' id='word_1_18' title='bbox 868 780 1060 852; x_wconf 72' lang='lat' dir='ltr'><strong>tanta&#39;</strong></span> <span class='ocrx_word' id='word_1_19' title='bbox 1089 788 1258 852; x_wconf 89' lang='lat' dir='ltr'><strong>inter</strong></span> <span class='ocrx_word' id='word_1_20' title='bbox 1301 787 1548 871; x_wconf 83' lang='lat' dir='ltr'><strong>fragilis</strong></span> <span class='ocrx_word' id='word_1_21' title='bbox 1600 786 1965 851; x_wconf 85' lang='lat' dir='ltr'><strong>discrimina</strong></span> <span class='ocrx_word' id='word_1_22' title='bbox 2009 786 2181 851; x_wconf 80' lang='lat' dir='ltr'><strong>uita-e</strong></span> 
     </span>
     <span class='ocr_line' id='line_1_5' title="bbox 465 892 2163 978; baseline -0.002 -18"><span class='ocrx_word' id='word_1_23' title='bbox 465 912 530 967; x_wconf 91' lang='lat'><strong>10</strong></span> <span class='ocrx_word' id='word_1_24' title='bbox 729 894 1041 978; x_wconf 89' lang='lat' dir='ltr'><strong>aspiciens</strong></span> <span class='ocrx_word' id='word_1_25' title='bbox 1090 896 1156 957; x_wconf 89' lang='lat' dir='ltr'><strong>et</strong></span> <span class='ocrx_word' id='word_1_26' title='bbox 1200 894 1438 958; x_wconf 82' lang='lat' dir='ltr'><strong>habens</strong></span> <span class='ocrx_word' id='word_1_27' title='bbox 1485 894 1741 975; x_wconf 81' lang='lat' dir='ltr'><strong>pectore</strong></span> <span class='ocrx_word' id='word_1_28' title='bbox 1788 893 1969 957; x_wconf 89' lang='lat' dir='ltr'><strong>tutus</strong></span> <span class='ocrx_word' id='word_1_29' title='bbox 2018 892 2163 957; x_wconf 79' lang='lat' dir='ltr'><strong>eris,</strong></span> 
     </span>
     <span class='ocr_line' id='line_1_6' title="bbox 639 998 2843 1083; baseline -0.003 -17"><span class='ocrx_word' id='word_1_30' title='bbox 639 1003 758 1066; x_wconf 89' lang='lat' dir='ltr'><strong>hoc</strong></span> <span class='ocrx_word' id='word_1_31' title='bbox 805 1003 1016 1064; x_wconf 84' lang='lat' dir='ltr'><strong>tamen</strong></span> <span class='ocrx_word' id='word_1_32' title='bbox 1066 1004 1131 1065; x_wconf 90' lang='lat' dir='ltr'><strong>et</strong></span> <span class='ocrx_word' id='word_1_33' title='bbox 1174 1003 1466 1083; x_wconf 88' lang='lat' dir='ltr'><strong>repetens</strong></span> <span class='ocrx_word' id='word_1_34' title='bbox 1512 998 1875 1081; x_wconf 81' lang='lat' dir='ltr'><strong>iterumque</strong></span> <span class='ocrx_word' id='word_1_35' title='bbox 1922 998 2280 1080; x_wconf 78' lang='lat' dir='ltr'><strong>iterumque</strong></span> <span class='ocrx_word' id='word_1_36' title='bbox 2327 999 2619 1074; x_wconf 84' lang='lat' dir='ltr'><strong>monebo,</strong></span> <span class='ocrx_word' id='word_1_37' title='bbox 2818 1018 2843 1059; x_wconf 76' lang='lat'>5</span> 
     </span>
     <span class='ocr_line' id='line_1_7' title="bbox 731 1106 1925 1190; baseline -0.001 -17"><span class='ocrx_word' id='word_1_38' title='bbox 731 1112 805 1173; x_wconf 88' lang='lat' dir='ltr'><strong>ut</strong></span> <span class='ocrx_word' id='word_1_39' title='bbox 850 1108 1062 1190; x_wconf 88' lang='lat' dir='ltr'><strong>fugias</strong></span> <span class='ocrx_word' id='word_1_40' title='bbox 1112 1107 1301 1172; x_wconf 89' lang='lat' dir='ltr'><strong>durae</strong></span> <span class='ocrx_word' id='word_1_41' title='bbox 1349 1106 1592 1170; x_wconf 87' lang='lat' dir='ltr'><strong>lubrica</strong></span> <span class='ocrx_word' id='word_1_42' title='bbox 1638 1106 1925 1172; x_wconf 88' lang='lat' dir='ltr'><strong>militiae.</strong></span> 
     </span>
     <span class='ocr_line' id='line_1_8' title="bbox 653 1212 2562 1295; baseline -0.003 -15"><span class='ocrx_word' id='word_1_43' title='bbox 653 1216 954 1281; x_wconf 90' lang='lat' dir='ltr'><strong>blandum</strong></span> <span class='ocrx_word' id='word_1_44' title='bbox 1002 1232 1226 1278; x_wconf 88' lang='lat' dir='ltr'><strong>nomen</strong></span> <span class='ocrx_word' id='word_1_45' title='bbox 1277 1212 1498 1291; x_wconf 78' lang='lat' dir='ltr'><strong>honOS‚</strong></span> <span class='ocrx_word' id='word_1_46' title='bbox 1545 1212 1715 1277; x_wconf 86' lang='lat' dir='ltr'><strong>mala</strong></span> <span class='ocrx_word' id='word_1_47' title='bbox 1760 1214 2059 1289; x_wconf 85' lang='lat' dir='ltr'><strong>seruitus,</strong></span> <span class='ocrx_word' id='word_1_48' title='bbox 2108 1212 2312 1277; x_wconf 86' lang='lat' dir='ltr'><strong>exitus</strong></span> <span class='ocrx_word' id='word_1_49' title='bbox 2360 1230 2562 1295; x_wconf 83' lang='lat' dir='ltr'><strong>aeger,</strong></span> 
     </span>
     <span class='ocr_line' id='line_1_9' title="bbox 735 1318 2374 1403; baseline -0.001 -18"><span class='ocrx_word' id='word_1_50' title='bbox 735 1340 924 1403; x_wconf 90' lang='lat' dir='ltr'><strong>quem</strong></span> <span class='ocrx_word' id='word_1_51' title='bbox 971 1340 1138 1385; x_wconf 91' lang='lat' dir='ltr'><strong>nunc</strong></span> <span class='ocrx_word' id='word_1_52' title='bbox 1183 1320 1352 1383; x_wconf 88' lang='lat' dir='ltr'><strong>uelle</strong></span> <span class='ocrx_word' id='word_1_53' title='bbox 1397 1320 1601 1396; x_wconf 80' lang='lat' dir='ltr'><strong>iuuat,</strong></span> <span class='ocrx_word' id='word_1_54' title='bbox 1650 1338 1795 1383; x_wconf 85' lang='lat' dir='ltr'><strong>mox</strong></span> <span class='ocrx_word' id='word_1_55' title='bbox 1842 1318 2130 1385; x_wconf 88' lang='lat' dir='ltr'><strong>uoluisse</strong></span> <span class='ocrx_word' id='word_1_56' title='bbox 2177 1320 2374 1403; x_wconf 88' lang='lat' dir='ltr'><strong>piget.</strong></span> 
     </span>
     <span class='ocr_line' id='line_1_10' title="bbox 478 1424 2545 1501; baseline -0.005 -3"><span class='ocrx_word' id='word_1_57' title='bbox 478 1447 540 1499; x_wconf 82' lang='lat'><strong>15</strong></span> <span class='ocrx_word' id='word_1_58' title='bbox 659 1428 956 1493; x_wconf 84' lang='lat' dir='ltr'><strong>scandere</strong></span> <span class='ocrx_word' id='word_1_59' title='bbox 1005 1428 1175 1491; x_wconf 88' lang='lat' dir='ltr'><strong>celsa</strong></span> <span class='ocrx_word' id='word_1_60' title='bbox 1220 1427 1422 1501; x_wconf 69' lang='lat' dir='ltr'><strong>iuuat,</strong></span> <span class='ocrx_word' id='word_1_61' title='bbox 1470 1430 1709 1490; x_wconf 88' lang='lat' dir='ltr'><strong>tremor</strong></span> <span class='ocrx_word' id='word_1_62' title='bbox 1756 1429 1856 1490; x_wconf 87' lang='lat' dir='ltr'><strong>est</strong></span> <span class='ocrx_word' id='word_1_63' title='bbox 1903 1426 2281 1491; x_wconf 81' lang='lat' dir='ltr'><strong>descendere</strong></span> <span class='ocrx_word' id='word_1_64' title='bbox 2330 1424 2545 1500; x_wconf 88' lang='lat' dir='ltr'><strong>celsis;</strong></span> 
     </span>
     <span class='ocr_line' id='line_1_11' title="bbox 741 1532 2849 1616; baseline -0.001 -19"><span class='ocrx_word' id='word_1_65' title='bbox 741 1534 794 1597; x_wconf 89' lang='lat' dir='ltr'><strong>si</strong></span> <span class='ocrx_word' id='word_1_66' title='bbox 843 1533 1104 1611; x_wconf 79' lang='lat' dir='ltr'><strong>titubes,</strong></span> <span class='ocrx_word' id='word_1_67' title='bbox 1155 1552 1406 1598; x_wconf 84' lang='lat' dir='ltr'><strong>summa</strong></span> <span class='ocrx_word' id='word_1_68' title='bbox 1450 1533 1632 1616; x_wconf 87' lang='lat' dir='ltr'><strong>peius</strong></span> <span class='ocrx_word' id='word_1_69' title='bbox 1682 1533 1759 1597; x_wconf 88' lang='lat' dir='ltr'><strong>ab</strong></span> <span class='ocrx_word' id='word_1_70' title='bbox 1808 1552 1945 1597; x_wconf 86' lang='lat' dir='ltr'><strong>arce</strong></span> <span class='ocrx_word' id='word_1_71' title='bbox 1996 1532 2201 1598; x_wconf 84' lang='lat' dir='ltr'><strong>cades.</strong></span> <span class='ocrx_word' id='word_1_72' title='bbox 2798 1547 2849 1585; x_wconf 77' lang='grc' dir='ltr'><strong>ιο</strong></span> 
     </span>
     <span class='ocr_line' id='line_1_12' title="bbox 649 1637 2698 1723; baseline -0.002 -18"><span class='ocrx_word' id='word_1_73' title='bbox 649 1660 816 1705; x_wconf 89' lang='lat' dir='ltr'><strong>nunc</strong></span> <span class='ocrx_word' id='word_1_74' title='bbox 861 1641 979 1705; x_wconf 87' lang='lat' dir='ltr'><strong>tibi</strong></span> <span class='ocrx_word' id='word_1_75' title='bbox 1026 1639 1189 1705; x_wconf 84' lang='lat' dir='ltr'><strong>salsa</strong></span> <span class='ocrx_word' id='word_1_76' title='bbox 1233 1641 1488 1723; x_wconf 88' lang='lat' dir='ltr'><strong>placent</strong></span> <span class='ocrx_word' id='word_1_77' title='bbox 1533 1640 1717 1715; x_wconf 79' lang='lat' dir='ltr'><strong>bona,</strong></span> <span class='ocrx_word' id='word_1_78' title='bbox 1766 1659 1929 1705; x_wconf 90' lang='lat' dir='ltr'><strong>nunc</strong></span> <span class='ocrx_word' id='word_1_79' title='bbox 1976 1640 2143 1722; x_wconf 85' lang='lat' dir='ltr'><strong>rapit</strong></span> <span class='ocrx_word' id='word_1_80' title='bbox 2191 1639 2481 1705; x_wconf 87' lang='lat' dir='ltr'><strong>omnibus</strong></span> <span class='ocrx_word' id='word_1_81' title='bbox 2528 1637 2698 1702; x_wconf 89' lang='lat' dir='ltr'><strong>auris</strong></span> 
     </span>
     <span class='ocr_line' id='line_1_13' title="bbox 744 1746 2178 1823; baseline -0.001 -12"><span class='ocrx_word' id='word_1_82' title='bbox 744 1748 1021 1823; x_wconf 75' lang='lat' dir='ltr'><strong>ambitus</strong></span> <span class='ocrx_word' id='word_1_83' title='bbox 1071 1750 1134 1809; x_wconf 90' lang='lat' dir='ltr'><strong>et</strong></span> <span class='ocrx_word' id='word_1_84' title='bbox 1179 1748 1382 1813; x_wconf 90' lang='lat' dir='ltr'><strong>uitreo</strong></span> <span class='ocrx_word' id='word_1_85' title='bbox 1429 1746 1553 1810; x_wconf 74' lang='lat' dir='ltr'><strong>felt</strong></span> <span class='ocrx_word' id='word_1_86' title='bbox 1600 1764 1757 1812; x_wconf 86' lang='lat' dir='ltr'><strong>caua</strong></span> <span class='ocrx_word' id='word_1_87' title='bbox 1800 1746 2178 1811; x_wconf 72' lang='lat' dir='ltr'><strong>famasinu.</strong></span> 
     </span>
     <span class='ocr_line' id='line_1_14' title="bbox 653 1852 2228 1937; baseline -0.001 -20"><span class='ocrx_word' id='word_1_88' title='bbox 653 1856 754 1918; x_wconf 84' lang='lat' dir='ltr'><strong>ast</strong></span> <span class='ocrx_word' id='word_1_89' title='bbox 799 1853 910 1918; x_wconf 92' lang='lat' dir='ltr'><strong>ubi</strong></span> <span class='ocrx_word' id='word_1_90' title='bbox 958 1857 1018 1917; x_wconf 85' lang='lat' dir='ltr'><strong>te</strong></span> <span class='ocrx_word' id='word_1_91' title='bbox 1067 1872 1296 1937; x_wconf 84' lang='lat' dir='ltr'><strong>magno</strong></span> <span class='ocrx_word' id='word_1_92' title='bbox 1347 1852 1691 1917; x_wconf 86' lang='lat' dir='ltr'><strong>damnosus</strong></span> <span class='ocrx_word' id='word_1_93' title='bbox 1740 1852 2003 1917; x_wconf 86' lang='lat' dir='ltr'><strong>cinxerit</strong></span> <span class='ocrx_word' id='word_1_94' title='bbox 2048 1856 2228 1917; x_wconf 84' lang='lat' dir='ltr'><strong>aestu</strong></span> 
     </span>
     <span class='ocr_line' id='line_1_15' title="bbox 477 1958 2127 2043; baseline -0.002 -18"><span class='ocrx_word' id='word_1_95' title='bbox 477 1977 544 2032; x_wconf 73' lang='grc' dir='ltr'><strong>ρο</strong></span> <span class='ocrx_word' id='word_1_96' title='bbox 741 1960 992 2025; x_wconf 79' lang='lat' dir='ltr'><strong>balteus</strong></span> <span class='ocrx_word' id='word_1_97' title='bbox 1042 1964 1105 2024; x_wconf 88' lang='lat' dir='ltr'><strong>et</strong></span> <span class='ocrx_word' id='word_1_98' title='bbox 1153 1959 1388 2025; x_wconf 88' lang='lat' dir='ltr'><strong>sterilis</strong></span> <span class='ocrx_word' id='word_1_99' title='bbox 1437 1958 1697 2043; x_wconf 82' lang='lat' dir='ltr'><strong>fregerit</strong></span> <span class='ocrx_word' id='word_1_100' title='bbox 1740 1960 1883 2023; x_wconf 89' lang='lat' dir='ltr'><strong>inde</strong></span> <span class='ocrx_word' id='word_1_101' title='bbox 1930 1959 2127 2037; x_wconf 86' lang='lat' dir='ltr'><strong>labor,</strong></span> 
     </span>
     <span class='ocr_line' id='line_1_16' title="bbox 657 2066 2851 2148; baseline -0.001 -17"><span class='ocrx_word' id='word_1_102' title='bbox 657 2086 835 2131; x_wconf 91' lang='lat' dir='ltr'><strong>serus</strong></span> <span class='ocrx_word' id='word_1_103' title='bbox 885 2070 948 2130; x_wconf 88' lang='lat' dir='ltr'><strong>et</strong></span> <span class='ocrx_word' id='word_1_104' title='bbox 993 2066 1056 2130; x_wconf 90' lang='lat' dir='ltr'><strong>in</strong></span> <span class='ocrx_word' id='word_1_105' title='bbox 1108 2086 1358 2131; x_wconf 86' lang='lat' dir='ltr'><strong>cassum</strong></span> <span class='ocrx_word' id='word_1_106' title='bbox 1409 2086 1554 2148; x_wconf 90' lang='lat' dir='ltr'><strong>spes</strong></span> <span class='ocrx_word' id='word_1_107' title='bbox 1604 2067 1933 2130; x_wconf 80' lang='lat' dir='ltr'><strong>accusabis</strong></span> <span class='ocrx_word' id='word_1_108' title='bbox 1980 2067 2195 2129; x_wconf 85' lang='lat' dir='ltr'><strong>inanes</strong></span> <span class='ocrx_word' id='word_1_109' title='bbox 2802 2080 2851 2120; x_wconf 76' lang='lat'><strong>1⁵</strong></span> 
     </span>
     <span class='ocr_line' id='line_1_17' title="bbox 743 2173 2387 2256; baseline 0 -19"><span class='ocrx_word' id='word_1_110' title='bbox 743 2176 807 2238; x_wconf 86' lang='lat' dir='ltr'><strong>et</strong></span> <span class='ocrx_word' id='word_1_111' title='bbox 851 2174 1060 2251; x_wconf 88' lang='lat' dir='ltr'><strong>modo,</strong></span> <span class='ocrx_word' id='word_1_112' title='bbox 1114 2192 1272 2254; x_wconf 89' lang='lat' dir='ltr'><strong>quae</strong></span> <span class='ocrx_word' id='word_1_113' title='bbox 1319 2173 1541 2251; x_wconf 78' lang='lat' dir='ltr'><strong>nectis,</strong></span> <span class='ocrx_word' id='word_1_114' title='bbox 1589 2193 1881 2256; x_wconf 85' lang='lat' dir='ltr'><strong>rumpere</strong></span> <span class='ocrx_word' id='word_1_115' title='bbox 1929 2174 2141 2238; x_wconf 88' lang='lat' dir='ltr'><strong>uincla</strong></span> <span class='ocrx_word' id='word_1_116' title='bbox 2188 2174 2387 2237; x_wconf 79' lang='lat' dir='ltr'><strong>uoles,</strong></span> 
     </span>
     <span class='ocr_line' id='line_1_18' title="bbox 654 2279 2186 2363; baseline 0 -20"><span class='ocrx_word' id='word_1_117' title='bbox 654 2283 808 2344; x_wconf 85' lang='lat' dir='ltr'><strong>tunc</strong></span> <span class='ocrx_word' id='word_1_118' title='bbox 851 2279 1270 2344; x_wconf 88' lang='lat' dir='ltr'><strong>reminisceris</strong></span> <span class='ocrx_word' id='word_1_119' title='bbox 1317 2280 1552 2344; x_wconf 84' lang='lat' dir='ltr'><strong>frustra</strong></span> <span class='ocrx_word' id='word_1_120' title='bbox 1597 2280 1795 2362; x_wconf 84' lang='lat' dir='ltr'><strong>patris</strong></span> <span class='ocrx_word' id='word_1_121' title='bbox 1840 2280 2186 2363; x_wconf 84' lang='lat' dir='ltr'><strong>Augustini</strong></span> 
     </span>
     <span class='ocr_line' id='line_1_19' title="bbox 746 2385 2185 2468; baseline -0.001 -17"><span class='ocrx_word' id='word_1_122' title='bbox 746 2386 1204 2468; x_wconf 84' lang='lat' dir='ltr'><strong>contempsisse</strong></span> <span class='ocrx_word' id='word_1_123' title='bbox 1253 2385 1473 2450; x_wconf 90' lang='lat' dir='ltr'><strong>dolens</strong></span> <span class='ocrx_word' id='word_1_124' title='bbox 1521 2386 1836 2451; x_wconf 88' lang='lat' dir='ltr'><strong>ueridicos</strong></span> <span class='ocrx_word' id='word_1_125' title='bbox 1886 2388 2185 2450; x_wconf 71' lang='lat' dir='ltr'><strong>monitus</strong></span> 
     </span>
     <span class='ocr_line' id='line_1_20' title="bbox 480 2492 2216 2576; baseline -0.003 -14"><span class='ocrx_word' id='word_1_126' title='bbox 480 2510 548 2562; x_wconf 73' lang='lat'><strong>‘25</strong></span> <span class='ocrx_word' id='word_1_127' title='bbox 661 2511 846 2574; x_wconf 85' lang='lat' dir='ltr'><strong>quare</strong></span> <span class='ocrx_word' id='word_1_128' title='bbox 897 2493 951 2556; x_wconf 88' lang='lat' dir='ltr'><strong>si</strong></span> <span class='ocrx_word' id='word_1_129' title='bbox 1001 2493 1252 2575; x_wconf 85' lang='lat' dir='ltr'><strong>sapiens</strong></span> <span class='ocrx_word' id='word_1_130' title='bbox 1301 2497 1366 2557; x_wconf 90' lang='lat' dir='ltr'><strong>et</strong></span> <span class='ocrx_word' id='word_1_131' title='bbox 1411 2494 1464 2556; x_wconf 90' lang='lat' dir='ltr'><strong>si</strong></span> <span class='ocrx_word' id='word_1_132' title='bbox 1511 2494 1659 2575; x_wconf 91' lang='lat' dir='ltr'><strong>pius</strong></span> <span class='ocrx_word' id='word_1_133' title='bbox 1707 2512 1795 2570; x_wconf 84' lang='lat' dir='ltr'><strong>eS‚</strong></span> <span class='ocrx_word' id='word_1_134' title='bbox 1842 2512 2019 2576; x_wconf 83' lang='lat' dir='ltr'><strong>puer,</strong></span> <span class='ocrx_word' id='word_1_135' title='bbox 2068 2492 2216 2557; x_wconf 84' lang='lat' dir='ltr'><strong>audi</strong></span> 
     </span>
     <span class='ocr_line' id='line_1_21' title="bbox 747 2601 2855 2683; baseline 0.001 -20"><span class='ocrx_word' id='word_1_136' title='bbox 747 2602 810 2664; x_wconf 88' lang='lat' dir='ltr'><strong>et</strong></span> <span class='ocrx_word' id='word_1_137' title='bbox 855 2619 1006 2681; x_wconf 84' lang='lat' dir='ltr'><strong>cape</strong></span> <span class='ocrx_word' id='word_1_138' title='bbox 1055 2601 1250 2664; x_wconf 89' lang='lat' dir='ltr'><strong>uerba</strong></span> <span class='ocrx_word' id='word_1_139' title='bbox 1294 2604 1545 2683; x_wconf 86' lang='lat' dir='ltr'><strong>patrum</strong></span> <span class='ocrx_word' id='word_1_140' title='bbox 1593 2602 2059 2683; x_wconf 86' lang='lat' dir='ltr'><strong>consiliumque</strong></span> <span class='ocrx_word' id='word_1_141' title='bbox 2106 2620 2347 2665; x_wconf 87' lang='lat' dir='ltr'><strong>senum.</strong></span> <span class='ocrx_word' id='word_1_142' title='bbox 2802 2612 2855 2653; x_wconf 77' lang='lat'><strong>20</strong></span> 
     </span>
     <span class='ocr_line' id='line_1_22' title="bbox 664 2706 2464 2791; baseline 0 -20"><span class='ocrx_word' id='word_1_143' title='bbox 664 2706 816 2789; x_wconf 86' lang='lat' dir='ltr'><strong>quid</strong></span> <span class='ocrx_word' id='word_1_144' title='bbox 865 2707 1134 2771; x_wconf 82' lang='lat' dir='ltr'><strong>retrahis</strong></span> <span class='ocrx_word' id='word_1_145' title='bbox 1182 2706 1313 2771; x_wconf 88' lang='lat' dir='ltr'><strong>fera</strong></span> <span class='ocrx_word' id='word_1_146' title='bbox 1360 2709 1523 2772; x_wconf 86' lang='lat' dir='ltr'><strong>colla</strong></span> <span class='ocrx_word' id='word_1_147' title='bbox 1567 2708 1761 2791; x_wconf 81' lang='lat' dir='ltr'><strong>iugo?</strong></span> <span class='ocrx_word' id='word_1_148' title='bbox 1808 2728 1951 2772; x_wconf 89' lang='lat' dir='ltr'><strong>mea</strong></span> <span class='ocrx_word' id='word_1_149' title='bbox 1996 2708 2241 2773; x_wconf 84' lang='lat' dir='ltr'><strong>sarcina</strong></span> <span class='ocrx_word' id='word_1_150' title='bbox 2283 2708 2464 2785; x_wconf 81' lang='lat' dir='ltr'><strong>leniS‚</strong></span> 
     </span>
     <span class='ocr_line' id='line_1_23' title="bbox 751 2813 2412 2897; baseline 0 -20"><span class='ocrx_word' id='word_1_151' title='bbox 751 2833 948 2877; x_wconf 80' lang='lat' dir='ltr'><strong>suane</strong></span> <span class='ocrx_word' id='word_1_152' title='bbox 994 2814 1240 2897; x_wconf 79' lang='lat' dir='ltr'><strong>iugum,</strong></span> <span class='ocrx_word' id='word_1_153' title='bbox 1291 2813 1528 2879; x_wconf 75' lang='lat' dir='ltr'><strong>Christi</strong></span> <span class='ocrx_word' id='word_1_154' title='bbox 1575 2820 1675 2880; x_wconf 89' lang='lat' dir='ltr'><strong>est</strong></span> <span class='ocrx_word' id='word_1_155' title='bbox 1721 2835 1843 2879; x_wconf 83' lang='lat' dir='ltr'><strong>uox</strong></span> <span class='ocrx_word' id='word_1_156' title='bbox 1890 2817 2016 2896; x_wconf 85' lang='lat' dir='ltr'><strong>pia;</strong></span> <span class='ocrx_word' id='word_1_157' title='bbox 2068 2814 2249 2879; x_wconf 85' lang='lat' dir='ltr'><strong>crede</strong></span> <span class='ocrx_word' id='word_1_158' title='bbox 2298 2815 2412 2878; x_wconf 89' lang='lat' dir='ltr'><strong>deo</strong></span> 
     </span>
     <span class='ocr_line' id='line_1_24' title="bbox 664 2920 2379 3005; baseline -0.001 -20"><span class='ocrx_word' id='word_1_159' title='bbox 664 2923 729 2985; x_wconf 87' lang='lat' dir='ltr'><strong>et</strong></span> <span class='ocrx_word' id='word_1_160' title='bbox 775 2924 966 3002; x_wconf 81' lang='lat' dir='ltr'><strong>caput</strong></span> <span class='ocrx_word' id='word_1_161' title='bbox 1011 2920 1169 2984; x_wconf 88' lang='lat' dir='ltr'><strong>adde</strong></span> <span class='ocrx_word' id='word_1_162' title='bbox 1214 2921 1405 3005; x_wconf 86' lang='lat' dir='ltr'><strong>iugis,</strong></span> <span class='ocrx_word' id='word_1_163' title='bbox 1457 2922 1535 2984; x_wconf 86' lang='lat' dir='ltr'><strong>da</strong></span> <span class='ocrx_word' id='word_1_164' title='bbox 1580 2922 1883 2985; x_wconf 89' lang='lat' dir='ltr'><strong>mollibus</strong></span> <span class='ocrx_word' id='word_1_165' title='bbox 1932 2941 2039 2985; x_wconf 86' lang='lat' dir='ltr'><strong>ora</strong></span> <span class='ocrx_word' id='word_1_166' title='bbox 2084 2920 2379 3001; x_wconf 86' lang='lat' dir='ltr'><strong>capistris</strong></span> 
     </span>
     <span class='ocr_line' id='line_1_25' title="bbox 489 3026 2202 3112; baseline 0.001 -23"><span class='ocrx_word' id='word_1_167' title='bbox 489 3042 557 3096; x_wconf 87' lang='lat'><strong>30</strong></span> <span class='ocrx_word' id='word_1_168' title='bbox 758 3027 1195 3112; x_wconf 89' lang='lat' dir='ltr'><strong>demissosque</strong></span> <span class='ocrx_word' id='word_1_169' title='bbox 1241 3028 1370 3091; x_wconf 91' lang='lat' dir='ltr'><strong>leui</strong></span> <span class='ocrx_word' id='word_1_170' title='bbox 1419 3028 1619 3091; x_wconf 89' lang='lat' dir='ltr'><strong>subde</strong></span> <span class='ocrx_word' id='word_1_171' title='bbox 1666 3028 1963 3091; x_wconf 84' lang='lat' dir='ltr'><strong>humeros</strong></span> <span class='ocrx_word' id='word_1_172' title='bbox 2012 3026 2202 3090; x_wconf 91' lang='lat' dir='ltr'><strong>oneri.</strong></span> 
     </span>
    </p>
   </div>
   <div class='ocr_carea' id='block_1_3' title="bbox 667 3267 2770 3339">
    <p class='ocr_par' dir='ltr' id='par_1_3' title="bbox 667 3267 2770 3339">
     <span class='ocr_line' id='line_1_26' title="bbox 667 3267 2770 3339; baseline -0.001 -16"><span class='ocrx_word' id='word_1_173' title='bbox 667 3272 697 3323; x_wconf 85' lang='lat'>5</span> <span class='ocrx_word' id='word_1_174' title='bbox 735 3270 896 3339; x_wconf 85' lang='lat' dir='ltr'><strong>Verg.</strong></span> <span class='ocrx_word' id='word_1_175' title='bbox 936 3270 1069 3325; x_wconf 87' lang='lat' dir='ltr'><strong>Aen.</strong></span> <span class='ocrx_word' id='word_1_176' title='bbox 1108 3269 1190 3322; x_wconf 87' lang='lat'><strong>111</strong></span> <span class='ocrx_word' id='word_1_177' title='bbox 1227 3270 1334 3323; x_wconf 87' lang='lat'><strong>436</strong></span> <span class='ocrx_word' id='word_1_178' title='bbox 1432 3270 1497 3323; x_wconf 83' lang='lat'><strong>21</strong></span> <span class='ocrx_word' id='word_1_179' title='bbox 1529 3270 1726 3324; x_wconf 85' lang='lat' dir='ltr'><strong>Matth.</strong></span> <span class='ocrx_word' id='word_1_180' title='bbox 1760 3272 1840 3329; x_wconf 87' lang='grc'><strong>11.</strong></span> <span class='ocrx_word' id='word_1_181' title='bbox 1872 3270 1941 3324; x_wconf 84' lang='grc'><strong>30</strong></span> <span class='ocrx_word' id='word_1_182' title='bbox 2038 3270 2107 3323; x_wconf 87' lang='grc'><strong>23</strong></span> <span class='ocrx_word' id='word_1_183' title='bbox 2136 3268 2296 3339; x_wconf 85' lang='lat' dir='ltr'><strong>Verg.</strong></span> <span class='ocrx_word' id='word_1_184' title='bbox 2329 3267 2526 3338; x_wconf 85' lang='lat' dir='ltr'><strong>Georg.</strong></span> <span class='ocrx_word' id='word_1_185' title='bbox 2553 3267 2639 3323; x_wconf 92' lang='lat'><strong>111</strong></span> <span class='ocrx_word' id='word_1_186' title='bbox 2670 3268 2770 3321; x_wconf 78' lang='lat'><strong>188</strong></span> 
     </span>
    </p>
   </div>
   <div class='ocr_carea' id='block_1_4' title="bbox 488 3392 2784 4349">
    <p class='ocr_par' dir='ltr' id='par_1_4' title="bbox 488 3392 2775 3641">
     <span class='ocr_line' id='line_1_27' title="bbox 559 3392 2775 3463; baseline -0 -16"><span class='ocrx_word' id='word_1_187' title='bbox 559 3394 592 3447; x_wconf 81' lang='lat'><strong>2</strong></span> <span class='ocrx_word' id='word_1_188' title='bbox 632 3394 878 3460; x_wconf 88' lang='lat' dir='ltr'><strong>occursit,</strong></span> <span class='ocrx_word' id='word_1_189' title='bbox 919 3412 983 3447; x_wconf 81' lang='lat' dir='ltr'><strong>m.</strong></span> <span class='ocrx_word' id='word_1_190' title='bbox 1007 3398 1046 3447; x_wconf 81' lang='lat'><strong><em>2</em></strong></span> <span class='ocrx_word' id='word_1_191' title='bbox 1083 3398 1327 3447; x_wconf 82' lang='lat' dir='ltr'><strong>occurset</strong></span> <span class='ocrx_word' id='word_1_192' title='bbox 1362 3397 1415 3447; x_wconf 97' lang='lat' dir='ltr'><strong><em>A</em></strong></span> <span class='ocrx_word' id='word_1_193' title='bbox 1569 3396 1793 3447; x_wconf 82' lang='lat' dir='ltr'><strong>cunetas</strong></span> <span class='ocrx_word' id='word_1_194' title='bbox 1836 3392 1882 3447; x_wconf 77' lang='grc' dir='ltr'><em>Ο</em></span> <span class='ocrx_word' id='word_1_195' title='bbox 2022 3394 2053 3447; x_wconf 90' lang='lat'>5</span> <span class='ocrx_word' id='word_1_196' title='bbox 2090 3392 2287 3447; x_wconf 87' lang='lat' dir='ltr'><strong>iterum</strong></span> <span class='ocrx_word' id='word_1_197' title='bbox 2322 3392 2644 3463; x_wconf 83' lang='lat' dir='ltr'><strong>iterumque,</strong></span> <span class='ocrx_word' id='word_1_198' title='bbox 2678 3394 2775 3447; x_wconf 78' lang='lat' dir='ltr'><strong>sed</strong></span> 
     </span>
     <span class='ocr_line' id='line_1_28' title="bbox 488 3480 2771 3545; baseline -0.001 -8"><span class='ocrx_word' id='word_1_199' title='bbox 488 3486 686 3537; x_wconf 86' lang='lat' dir='ltr'><strong>iterum</strong></span> <span class='ocrx_word' id='word_1_200' title='bbox 721 3500 789 3537; x_wconf 83' lang='lat' dir='ltr'><strong>m.</strong></span> <span class='ocrx_word' id='word_1_201' title='bbox 813 3486 852 3535; x_wconf 82' lang='lat'><em>2</em></span> <span class='ocrx_word' id='word_1_202' title='bbox 886 3500 929 3538; x_wconf 74' lang='grc' dir='ltr'><strong>ε.</strong></span> <span class='ocrx_word' id='word_1_203' title='bbox 965 3500 1020 3535; x_wconf 80' lang='lat' dir='ltr'><strong>u.</strong></span> <span class='ocrx_word' id='word_1_204' title='bbox 1059 3480 1124 3535; x_wconf 87' lang='lat' dir='ltr'><em>K</em></span> <span class='ocrx_word' id='word_1_205' title='bbox 1266 3484 1298 3535; x_wconf 84' lang='lat'>6</span> <span class='ocrx_word' id='word_1_206' title='bbox 1337 3488 1394 3537; x_wconf 88' lang='lat' dir='ltr'><strong>et</strong></span> <span class='ocrx_word' id='word_1_207' title='bbox 1431 3482 1497 3536; x_wconf 87' lang='lat' dir='ltr'><strong><em>K</em></strong></span> <span class='ocrx_word' id='word_1_208' title='bbox 1640 3484 1669 3537; x_wconf 84' lang='lat'><strong>7</strong></span> <span class='ocrx_word' id='word_1_209' title='bbox 1707 3482 1905 3537; x_wconf 81' lang='lat' dir='ltr'><strong>blande</strong></span> <span class='ocrx_word' id='word_1_210' title='bbox 1943 3500 2136 3537; x_wconf 88' lang='lat' dir='ltr'><strong>nomen</strong></span> <span class='ocrx_word' id='word_1_211' title='bbox 2172 3482 2344 3536; x_wconf 86' lang='lat' dir='ltr'><strong>bonus</strong></span> <span class='ocrx_word' id='word_1_212' title='bbox 2383 3484 2436 3535; x_wconf 82' lang='lat' dir='ltr'><strong><em>A</em></strong></span> <span class='ocrx_word' id='word_1_213' title='bbox 2613 3484 2771 3545; x_wconf 84' lang='lat' dir='ltr'><strong>male,</strong></span> 
     </span>
     <span class='ocr_line' id='line_1_29' title="bbox 489 3572 2775 3641; baseline 0 -16"><span class='ocrx_word' id='word_1_214' title='bbox 489 3590 555 3629; x_wconf 83' lang='lat' dir='ltr'><strong>m.</strong></span> <span class='ocrx_word' id='word_1_215' title='bbox 579 3576 618 3625; x_wconf 79' lang='lat'><strong><em>2</em></strong></span> <span class='ocrx_word' id='word_1_216' title='bbox 653 3572 797 3625; x_wconf 82' lang='lat' dir='ltr'><strong>mala</strong></span> <span class='ocrx_word' id='word_1_217' title='bbox 835 3572 887 3623; x_wconf 91' lang='lat' dir='ltr'><strong><em>P</em></strong></span> <span class='ocrx_word' id='word_1_218' title='bbox 1046 3572 1078 3625; x_wconf 85' lang='lat'>8</span> <span class='ocrx_word' id='word_1_219' title='bbox 1116 3572 1271 3641; x_wconf 87' lang='lat' dir='ltr'><strong>piger</strong></span> <span class='ocrx_word' id='word_1_220' title='bbox 1312 3572 1360 3625; x_wconf 80' lang='lat'><em>0</em></span> <span class='ocrx_word' id='word_1_221' title='bbox 1522 3573 1586 3626; x_wconf 90' lang='grc'><strong>10</strong></span> <span class='ocrx_word' id='word_1_222' title='bbox 1625 3572 1770 3625; x_wconf 85' lang='lat' dir='ltr'><strong>cadis</strong></span> <span class='ocrx_word' id='word_1_223' title='bbox 1808 3572 1864 3626; x_wconf 88' lang='lat' dir='ltr'><em>R</em></span> <span class='ocrx_word' id='word_1_224' title='bbox 2030 3572 2095 3625; x_wconf 87' lang='lat'><strong>13</strong></span> <span class='ocrx_word' id='word_1_225' title='bbox 2132 3572 2327 3625; x_wconf 87' lang='lat' dir='ltr'><strong>damno</strong></span> <span class='ocrx_word' id='word_1_226' title='bbox 2366 3572 2689 3626; x_wconf 82' lang='lat' dir='ltr'><strong>succinxerit</strong></span> <span class='ocrx_word' id='word_1_227' title='bbox 2722 3589 2775 3625; x_wconf 85' lang='lat' dir='ltr'><strong>m</strong></span> 
     </span>
    </p>

    <p class='ocr_par' dir='ltr' id='par_1_5' title="bbox 489 3661 2779 3818">
     <span class='ocr_line' id='line_1_30' title="bbox 565 3661 2773 3730; baseline -0.001 -16"><span class='ocrx_word' id='word_1_228' title='bbox 565 3666 700 3725; x_wconf 77' lang='lat' dir='ltr'><strong>estc,</strong></span> <span class='ocrx_word' id='word_1_229' title='bbox 737 3678 805 3715; x_wconf 87' lang='lat' dir='ltr'><strong>m.</strong></span> <span class='ocrx_word' id='word_1_230' title='bbox 829 3664 868 3713; x_wconf 81' lang='lat'><strong><em>2</em></strong></span> <span class='ocrx_word' id='word_1_231' title='bbox 913 3664 1036 3714; x_wconf 85' lang='lat' dir='ltr'><strong>estu</strong></span> <span class='ocrx_word' id='word_1_232' title='bbox 1073 3661 1128 3713; x_wconf 92' lang='lat' dir='ltr'><em>P</em></span> <span class='ocrx_word' id='word_1_233' title='bbox 1163 3664 1369 3730; x_wconf 80' lang='lat' dir='ltr'><strong>·empt0</strong></span> <span class='ocrx_word' id='word_1_234' title='bbox 1407 3661 1482 3715; x_wconf 81' lang='lat' dir='ltr'><em>M</em></span> <span class='ocrx_word' id='word_1_235' title='bbox 1525 3665 1705 3729; x_wconf 83' lang='lat' dir='ltr'><strong>empto</strong></span> <span class='ocrx_word' id='word_1_236' title='bbox 1743 3662 1852 3715; x_wconf 84' lang='lat' dir='ltr'><strong>AR</strong></span> <span class='ocrx_word' id='word_1_237' title='bbox 1900 3666 2042 3715; x_wconf 85' lang='lat' dir='ltr'><strong>emto</strong></span> <span class='ocrx_word' id='word_1_238' title='bbox 2081 3661 2145 3715; x_wconf 89' lang='lat' dir='ltr'><strong><em>K</em></strong></span> <span class='ocrx_word' id='word_1_239' title='bbox 2182 3664 2265 3727; x_wconf 77' lang='lat' dir='ltr'><strong>(in</strong></span> <span class='ocrx_word' id='word_1_240' title='bbox 2300 3666 2435 3727; x_wconf 80' lang='lat' dir='ltr'><strong>ras.)</strong></span> <span class='ocrx_word' id='word_1_241' title='bbox 2474 3678 2527 3713; x_wconf 87' lang='lat' dir='ltr'><strong>m</strong></span> <span class='ocrx_word' id='word_1_242' title='bbox 2564 3664 2773 3729; x_wconf 74' lang='lat' dir='ltr'><strong>emptus</strong></span> 
     </span>
     <span class='ocr_line' id='line_1_31' title="bbox 489 3748 2779 3818; baseline -0.001 -14"><span class='ocrx_word' id='word_1_243' title='bbox 489 3751 713 3806; x_wconf 78' lang='lat' dir='ltr'><strong>Hartel.</strong></span> <span class='ocrx_word' id='word_1_244' title='bbox 899 3750 964 3802; x_wconf 79' lang='lat'><strong>14</strong></span> <span class='ocrx_word' id='word_1_245' title='bbox 1001 3752 1082 3803; x_wconf 61' lang='lat' dir='ltr'><strong>et*</strong></span> <span class='ocrx_word' id='word_1_246' title='bbox 1113 3755 1166 3814; x_wconf 79' lang='lat' dir='ltr'><strong>(a</strong></span> <span class='ocrx_word' id='word_1_247' title='bbox 1205 3756 1370 3818; x_wconf 80' lang='lat' dir='ltr'><strong>eras.)</strong></span> <span class='ocrx_word' id='word_1_248' title='bbox 1407 3750 1464 3803; x_wconf 90' lang='lat' dir='ltr'><em>P</em></span> <span class='ocrx_word' id='word_1_249' title='bbox 1487 3754 1576 3803; x_wconf 64' lang='lat' dir='ltr'><strong>«et</strong></span> <span class='ocrx_word' id='word_1_250' title='bbox 1612 3749 1679 3803; x_wconf 83' lang='lat' dir='ltr'><strong><em>K</em></strong></span> <span class='ocrx_word' id='word_1_251' title='bbox 1857 3753 1919 3805; x_wconf 84' lang='lat'><strong>15</strong></span> <span class='ocrx_word' id='word_1_252' title='bbox 1958 3751 2215 3815; x_wconf 84' lang='lat' dir='ltr'><strong>iucasum,</strong></span> <span class='ocrx_word' id='word_1_253' title='bbox 2253 3768 2320 3804; x_wconf 86' lang='lat' dir='ltr'><strong>m.</strong></span> <span class='ocrx_word' id='word_1_254' title='bbox 2344 3754 2383 3803; x_wconf 81' lang='lat'><strong><em>2</em></strong></span> <span class='ocrx_word' id='word_1_255' title='bbox 2416 3750 2688 3803; x_wconf 82' lang='lat' dir='ltr'><strong>incassum</strong></span> <span class='ocrx_word' id='word_1_256' title='bbox 2725 3748 2779 3801; x_wconf 92' lang='lat' dir='ltr'><em>P</em></span> 
     </span>
    </p>

    <p class='ocr_par' dir='ltr' id='par_1_6' title="bbox 493 3838 2784 4349">
     <span class='ocr_line' id='line_1_32' title="bbox 564 3838 2775 3897; baseline -0.001 -5"><span class='ocrx_word' id='word_1_257' title='bbox 564 3838 897 3892; x_wconf 60' lang='lat' dir='ltr'><strong>accusabius</strong></span> <span class='ocrx_word' id='word_1_258' title='bbox 935 3839 989 3894; x_wconf 82' lang='lat' dir='ltr'><em>R</em></span> <span class='ocrx_word' id='word_1_259' title='bbox 1085 3840 1148 3893; x_wconf 90' lang='lat'><strong>16</strong></span> <span class='ocrx_word' id='word_1_260' title='bbox 1185 3839 1361 3893; x_wconf 89' lang='lat' dir='ltr'><strong>noctis</strong></span> <span class='ocrx_word' id='word_1_261' title='bbox 1398 3839 1464 3892; x_wconf 90' lang='lat' dir='ltr'><strong><em>K</em></strong></span> <span class='ocrx_word' id='word_1_262' title='bbox 1563 3839 1628 3893; x_wconf 88' lang='grc'><strong>18</strong></span> <span class='ocrx_word' id='word_1_263' title='bbox 1666 3839 1962 3897; x_wconf 86' lang='lat' dir='ltr'><strong>ueredicos.</strong></span> <span class='ocrx_word' id='word_1_264' title='bbox 2000 3856 2067 3893; x_wconf 86' lang='lat' dir='ltr'><strong>m.</strong></span> <span class='ocrx_word' id='word_1_265' title='bbox 2091 3842 2130 3891; x_wconf 81' lang='lat'><strong><em>2</em></strong></span> <span class='ocrx_word' id='word_1_266' title='bbox 2169 3839 2433 3893; x_wconf 89' lang='lat' dir='ltr'><strong>ueridicos</strong></span> <span class='ocrx_word' id='word_1_267' title='bbox 2470 3838 2596 3891; x_wconf 89' lang='lat' dir='ltr'><strong>MP</strong></span> <span class='ocrx_word' id='word_1_268' title='bbox 2628 3854 2775 3890; x_wconf 85' lang='lat' dir='ltr'><strong>uere-</strong></span> 
     </span>
     <span class='ocr_line' id='line_1_33' title="bbox 495 3925 2777 3997; baseline -0.001 -17"><span class='ocrx_word' id='word_1_269' title='bbox 495 3928 641 3981; x_wconf 85' lang='lat' dir='ltr'><strong>dicos</strong></span> <span class='ocrx_word' id='word_1_270' title='bbox 681 3930 732 3980; x_wconf 88' lang='lat' dir='ltr'><strong><em>A</em></strong></span> <span class='ocrx_word' id='word_1_271' title='bbox 841 3930 903 3982; x_wconf 86' lang='lat'><strong>21</strong></span> <span class='ocrx_word' id='word_1_272' title='bbox 949 3929 1041 3997; x_wconf 88' lang='lat' dir='ltr'><strong>qui</strong></span> <span class='ocrx_word' id='word_1_273' title='bbox 1082 3927 1322 3981; x_wconf 82' lang='lat' dir='ltr'><strong>detrahis</strong></span> <span class='ocrx_word' id='word_1_274' title='bbox 1359 3928 1483 3981; x_wconf 77' lang='lat' dir='ltr'><strong>MA</strong></span> <span class='ocrx_word' id='word_1_275' title='bbox 1628 3945 1714 3981; x_wconf 86' lang='lat' dir='ltr'><strong>me</strong></span> <span class='ocrx_word' id='word_1_276' title='bbox 1752 3929 1994 3981; x_wconf 61' lang='lat' dir='ltr'><strong>asara-ina.</strong></span> <span class='ocrx_word' id='word_1_277' title='bbox 2032 3933 2119 3992; x_wconf 83' lang='lat' dir='ltr'><strong>(m.</strong></span> <span class='ocrx_word' id='word_1_278' title='bbox 2142 3932 2181 3980; x_wconf 84' lang='lat'><strong><em>2</em></strong></span> <span class='ocrx_word' id='word_1_279' title='bbox 2217 3945 2339 3982; x_wconf 87' lang='lat' dir='ltr'><strong>mea.</strong></span> <span class='ocrx_word' id='word_1_280' title='bbox 2374 3928 2605 3995; x_wconf 81' lang='lat' dir='ltr'><strong>sarcina)</strong></span> <span class='ocrx_word' id='word_1_281' title='bbox 2640 3925 2777 3979; x_wconf 87' lang='lat' dir='ltr'><strong>leuis</strong></span> 
     </span>
     <span class='ocr_line' id='line_1_34' title="bbox 493 4015 2779 4081; baseline -0.001 -11"><span class='ocrx_word' id='word_1_282' title='bbox 493 4017 566 4070; x_wconf 75' lang='lat' dir='ltr'><strong><em>M</em></strong></span> <span class='ocrx_word' id='word_1_283' title='bbox 598 4034 682 4069; x_wconf 88' lang='lat' dir='ltr'><strong>me</strong></span> <span class='ocrx_word' id='word_1_284' title='bbox 723 4016 932 4070; x_wconf 80' lang='lat' dir='ltr'><strong>sarcina</strong></span> <span class='ocrx_word' id='word_1_285' title='bbox 979 4018 1115 4071; x_wconf 87' lang='lat' dir='ltr'><strong>leuis</strong></span> <span class='ocrx_word' id='word_1_286' title='bbox 1156 4020 1206 4071; x_wconf 89' lang='lat' dir='ltr'><strong><em>A</em></strong></span> <span class='ocrx_word' id='word_1_287' title='bbox 1254 4034 1338 4069; x_wconf 89' lang='lat' dir='ltr'><strong>me</strong></span> <span class='ocrx_word' id='word_1_288' title='bbox 1385 4017 1647 4071; x_wconf 82' lang='lat' dir='ltr'><strong>sarcinale</strong></span> <span class='ocrx_word' id='word_1_289' title='bbox 1692 4017 1792 4081; x_wconf 75' lang='lat' dir='ltr'><strong>uie,</strong></span> <span class='ocrx_word' id='word_1_290' title='bbox 1830 4034 1897 4070; x_wconf 88' lang='lat' dir='ltr'><strong>m.</strong></span> <span class='ocrx_word' id='word_1_291' title='bbox 1922 4020 1960 4069; x_wconf 74' lang='lat'><em>2</em></span> <span class='ocrx_word' id='word_1_292' title='bbox 1998 4034 2115 4069; x_wconf 79' lang='lat' dir='ltr'><strong>mea</strong></span> <span class='ocrx_word' id='word_1_293' title='bbox 2152 4016 2360 4069; x_wconf 86' lang='lat' dir='ltr'><strong>sarcina</strong></span> <span class='ocrx_word' id='word_1_294' title='bbox 2396 4016 2535 4070; x_wconf 88' lang='lat' dir='ltr'><strong>lenis</strong></span> <span class='ocrx_word' id='word_1_295' title='bbox 2574 4015 2629 4067; x_wconf 88' lang='lat' dir='ltr'><em>P</em></span> <span class='ocrx_word' id='word_1_296' title='bbox 2660 4032 2779 4067; x_wconf 72' lang='lat' dir='ltr'><strong>mea</strong></span> 
     </span>
     <span class='ocr_line' id='line_1_35' title="bbox 496 4102 2784 4177; baseline -0.002 -18"><span class='ocrx_word' id='word_1_297' title='bbox 496 4106 706 4159; x_wconf 78' lang='lat' dir='ltr'><strong>sarcina</strong></span> <span class='ocrx_word' id='word_1_298' title='bbox 741 4107 878 4159; x_wconf 84' lang='lat' dir='ltr'><strong>leuis</strong></span> <span class='ocrx_word' id='word_1_299' title='bbox 923 4107 1086 4163; x_wconf 73' lang='lat' dir='ltr'><strong>GRK</strong></span> <span class='ocrx_word' id='word_1_300' title='bbox 1121 4107 1494 4176; x_wconf 76' lang='lat' dir='ltr'><strong>aefHartel.</strong></span> <span class='ocrx_word' id='word_1_301' title='bbox 1545 4108 1701 4177; x_wconf 57' lang='grc' dir='ltr'><strong><em>ναῖς.</em></strong></span> <span class='ocrx_word' id='word_1_302' title='bbox 1744 4107 1866 4165; x_wconf 81' lang='lat' dir='ltr'><strong>(Gr.</strong></span> <span class='ocrx_word' id='word_1_303' title='bbox 1908 4105 2154 4177; x_wconf 74' lang='grc' dir='ltr'><strong>ἐλαφρόν)</strong></span> <span class='ocrx_word' id='word_1_304' title='bbox 2366 4106 2433 4158; x_wconf 78' lang='lat'><strong>22</strong></span> <span class='ocrx_word' id='word_1_305' title='bbox 2474 4103 2686 4158; x_wconf 63' lang='lat' dir='ltr'><strong>creden</strong></span> <span class='ocrx_word' id='word_1_306' title='bbox 2711 4102 2784 4155; x_wconf 88' lang='lat' dir='ltr'><strong><em>M</em></strong></span> 
     </span>
     <span class='ocr_line' id='line_1_36' title="bbox 496 4192 2782 4265; baseline -0.003 -16"><span class='ocrx_word' id='word_1_307' title='bbox 496 4196 566 4249; x_wconf 81' lang='lat'><strong>24</strong></span> <span class='ocrx_word' id='word_1_308' title='bbox 605 4194 959 4264; x_wconf 78' lang='lat' dir='ltr'><strong>dimissosque</strong></span> <span class='ocrx_word' id='word_1_309' title='bbox 997 4196 1072 4249; x_wconf 83' lang='lat' dir='ltr'><em>M</em></span> <span class='ocrx_word' id='word_1_310' title='bbox 1105 4204 1195 4263; x_wconf 82' lang='lat' dir='ltr'><strong>(m.</strong></span> <span class='ocrx_word' id='word_1_311' title='bbox 1218 4200 1257 4249; x_wconf 82' lang='lat'><strong><em>2</em></strong></span> <span class='ocrx_word' id='word_1_312' title='bbox 1293 4194 1684 4265; x_wconf 86' lang='lat' dir='ltr'><strong>demissosque)</strong></span> <span class='ocrx_word' id='word_1_313' title='bbox 1724 4196 1896 4249; x_wconf 76' lang='lat' dir='ltr'><strong>APK</strong></span> <span class='ocrx_word' id='word_1_314' title='bbox 1929 4194 2258 4264; x_wconf 85' lang='lat' dir='ltr'><strong>dimisosque</strong></span> <span class='ocrx_word' id='word_1_315' title='bbox 2304 4194 2400 4249; x_wconf 82' lang='lat' dir='ltr'><strong>CR</strong></span> <span class='ocrx_word' id='word_1_316' title='bbox 2579 4192 2689 4246; x_wconf 85' lang='lat' dir='ltr'><strong>leui</strong></span> <span class='ocrx_word' id='word_1_317' title='bbox 2727 4196 2782 4244; x_wconf 81' lang='lat' dir='ltr'><strong>ct</strong></span> 
     </span>
     <span class='ocr_line' id='line_1_37' title="bbox 497 4282 1779 4349; baseline 0 -12"><span class='ocrx_word' id='word_1_318' title='bbox 497 4282 666 4338; x_wconf 86' lang='lat' dir='ltr'><strong>subde</strong></span> <span class='ocrx_word' id='word_1_319' title='bbox 703 4284 757 4339; x_wconf 83' lang='lat' dir='ltr'><em>R</em></span> <span class='ocrx_word' id='word_1_320' title='bbox 901 4284 1136 4338; x_wconf 83' lang='lat' dir='ltr'><strong>humeris</strong></span> <span class='ocrx_word' id='word_1_321' title='bbox 1175 4285 1285 4337; x_wconf 81' lang='grc' dir='ltr'><strong>ΑΡ</strong></span> <span class='ocrx_word' id='word_1_322' title='bbox 1321 4297 1408 4349; x_wconf 83' lang='lat' dir='ltr'><strong>(m.</strong></span> <span class='ocrx_word' id='word_1_323' title='bbox 1431 4288 1470 4337; x_wconf 78' lang='lat'><strong><em>2</em></strong></span> <span class='ocrx_word' id='word_1_324' title='bbox 1505 4285 1779 4349; x_wconf 77' lang='lat' dir='ltr'><strong>humeros)</strong></span> 
     </span>
    </p>
   </div>
  </div>
 </body>
</html>
