3184 4959
533 447 666 511 474
1246 442 1299 498 S.
1357 441 1636 495 Aureli
1689 439 2127 510 Augustini

534 637 754 702 inter
789 637 1209 716 muliereS‚
1259 636 1503 702 exitu
1544 637 1617 700 in
1656 635 2056 720 uestigiis
2098 655 2434 722 gregum
2469 637 2549 700 et
2590 653 2834 718 pasce

538 742 841 809 haedos
898 747 1087 809 tuos
1143 743 1221 808 in
1278 743 1848 809 tabernaculis
1901 745 2344 828 pastorum.
2411 761 2446 808 o
2503 741 2832 826 responsio

530 849 889 915 dulcissimi
940 849 1185 934 sponsi!
1236 850 1403 915 nisi
1443 850 1956 934 cognoueriS,
1995 850 2224 960 inquit,
2263 851 2518 915 temet
2550 849 2831 934 ipsam,

530 957 937 1041 quiautique
969 976 1115 1022 non
1146 956 1764 1040 potesteiuitas
1795 955 2459 1040 abscondisuper
2487 958 2832 1022 montem

530 1063 1011 1128 constituta
1066 1066 1132 1128 et
1182 1062 1327 1130 ideo
1382 1082 1505 1128 non
1562 1082 1632 1128 es
1691 1067 1930 1146 operta,
1993 1066 2070 1130 ut
2129 1063 2414 1129 incurras
2477 1061 2540 1128 in
2608 1079 2832 1147 greges
2901 1081 2927 1120 ⁵

528 1168 849 1234 sodalium
932 1189 1247 1246 meorum3
1344 1188 1463 1255 ego
1548 1170 1718 1234 enim
1801 1189 1944 1236 sum
2027 1189 2248 1236 mons
2330 1173 2668 1254 paratus
2752 1169 2830 1233 in

530 1275 951 1341 cacumine
1024 1275 1439 1359 montium,
1515 1276 1608 1342 ad
1675 1296 1904 1360 quem
1976 1278 2322 1343 uenient
2391 1277 2830 1343 uniuersae

529 1385 841 1466 gentes.
1052 1382 1217 1448 nisi
1276 1402 1425 1468 ergo
1494 1384 1991 1469 cognoueris
2055 1387 2312 1450 temet
2375 1384 2634 1468 ipsam
2707 1401 2829 1447 non

529 1488 593 1554 in
668 1490 883 1556 uerbis
958 1489 1499 1557 calumniosorum
1564 1491 1679 1556 sed
1747 1491 1810 1556 in
1874 1491 2263 1558 testimoniis
2329 1491 2638 1556 librorum
2702 1509 2830 1554 me·

528 1613 735 1660 orum.
826 1597 990 1662 nisi
1073 1596 1570 1681 cognoueris
1659 1600 1911 1662 temet
1992 1597 2288 1679 ipsam,
2365 1597 2514 1681 quia
2606 1596 2682 1661 de
2762 1601 2826 1660 te
2871 1619 2924 1656 ιο

532 1701 776 1768 dietum
853 1707 979 1768 est:
1054 1704 1395 1788 Porrige
1488 1705 1822 1790 longius
1914 1703 2342 1770 funiculos
2427 1708 2506 1770 et
2594 1705 2826 1786 palos

531 1809 863 1875 ualidos
922 1809 1354 1888 confirma3
1426 1811 1672 1876 etiam
1730 1814 1975 1894 atque
2035 1811 2282 1876 etiam
2336 1811 2413 1877 in
2471 1810 2826 1876 dextram

484 1918 777 1998 ‚atque
838 1915 1269 1982 sinistram
1316 1917 1682 1982 extende.
1751 1936 2017 1982 semen
2067 1919 2274 1983 enim
2329 1921 2555 1983 tuum
2610 1918 2826 1982 here-

530 2020 844 2088 ditabit
899 2026 1191 2107 gentes
1251 2025 1331 2089 et
1387 2023 1813 2098 ciuitates,
1881 2043 2076 2108 quae
2134 2023 2521 2089 desertae
2580 2027 2825 2102 erant,

530 2126 1076 2197 inhabitabis,
1163 2148 1311 2195 non
1386 2133 1533 2212 est,
1611 2129 1820 2213 quod
1883 2135 2222 2209 metuas,
2297 2130 2918 2215 praeualebis1⁵

530 2234 759 2314 enim,
852 2255 994 2301 nee
1073 2237 1539 2316 erubescas,
1623 2238 1837 2322 quod
1911 2238 2458 2304 detestabilis
2541 2237 2823 2303 fueris,

528 2341 1099 2409 confusionem
1131 2345 1447 2410 enimin
1484 2348 1970 2428 perpetuum
2002 2345 2570 2424 obliuisceris‚
2608 2343 2825 2429 igno-

530 2447 827 2514 miniae
874 2450 1329 2516 uiduitatis
1380 2454 1571 2516 tuae
1619 2470 1768 2517 non
1818 2453 1982 2516 eris
2029 2471 2344 2517 memor.
2421 2470 2566 2536 ego
2615 2449 2822 2516 enim

530 2573 706 2621 sum
752 2555 1152 2636 dominus,
1212 2559 1347 2641 qui
1404 2559 1622 2624 facio
1680 2562 1777 2639 te,
1837 2559 2206 2625 dominus
2263 2577 2540 2624 nomen
2598 2559 2668 2623 ei
2727 2561 2823 2642 et,

528 2661 667 2743 qui
734 2664 952 2729 eruit
1014 2668 1115 2745 te,
1188 2665 1370 2748 ipse
1436 2665 1635 2730 deus
1683 2665 2005 2732 Israhel
2062 2666 2502 2731 uniuersae
2556 2667 2906 2730 terraem

527 2769 986 2837 uocabitur.
1113 2770 2824 2856 nisicognoueristemetipsam‚opulehra

528 2874 747 2940 inter
792 2877 1209 2957 mulieres,
1256 2877 1409 2961 quia
1446 2877 1523 2943 de
1567 2881 1634 2944 te
1672 2879 1918 2944 dietum
1966 2882 2094 2944 est:
2145 2878 2651 2962 concupiuit
2693 2896 2823 2943 rex

528 2981 887 3062 speciem
951 2986 1190 3062 tuam,
1259 2984 1410 3066 quia
1465 2984 1543 3049 de
1608 2986 1674 3050 te
1729 2984 1974 3050 dictum
2031 2989 2160 3050 est:
2225 2985 2373 3051 Pro
2441 2983 2822 3068 patribus

705 3228 741 3281 4
775 3227 975 3282 Matth.
1014 3231 1063 3292 5,
1106 3230 1174 3284 14
1308 3231 1342 3284 6
1380 3229 1469 3284 Es.
1509 3233 1559 3294 2,
1602 3231 1635 3285 2
1773 3231 1836 3284 11
1877 3228 1967 3284 Es.
2007 3229 2092 3294 54,
2131 3229 2272 3283 2-5
2391 3229 2462 3283 22
2498 3225 2590 3284 Ps.
2626 3229 2714 3294 44,
2756 3229 2822 3283 12

524 3315 597 3370 23
634 3316 725 3372 ΡΒ.
762 3318 852 3381 44,
894 3318 957 3370 17

604 3475 629 3528 1
673 3475 837 3539 exitu,
874 3491 1012 3532 corr.
1053 3477 1136 3532 exi
1172 3479 1236 3531 tu
1268 3477 1345 3531 M
1450 3478 1483 3532 3
1520 3479 1695 3531 temet
1730 3476 1904 3546 ipsam
1941 3475 2126 3546 inquit
2160 3475 2216 3531 R
2252 3475 2374 3532 edd.
2481 3477 2519 3530 4
2555 3492 2720 3546 supra
2752 3475 2827 3529 M

524 3563 647 3618 edd.
686 3579 788 3621 sec.
826 3563 986 3636 Vuly.
1098 3567 1131 3620 5
1167 3567 1351 3636 posita
1386 3565 1439 3618 L
1474 3581 1576 3620 sec.
1625 3563 1780 3634 Vulq.
1946 3564 2004 3618 in
2043 3580 2238 3634 greges
2273 3563 2543 3618 sodalium
2581 3579 2820 3618 meorum

526 3651 769 3707 incurras
797 3651 851 3706 L
960 3669 1180 3724 gregem
1215 3652 1325 3708 GN
1396 3655 1430 3708 6
1469 3669 1711 3707 meorum
1746 3653 1856 3726 (me
1895 3669 1960 3707 a
1997 3667 2134 3708 corr.
2173 3669 2242 3706 m.
2266 3657 2318 3718 1)
2346 3651 2414 3706 N
2441 3657 2660 3706 tuorum
2697 3651 2818 3706 edd.

516 3747 813 3811 praeter-m
912 3744 942 3797 7
974 3747 1050 3807 at,
1078 3759 1147 3798 m.
1170 3747 1212 3798 2
1238 3741 1307 3796 ad
1332 3742 1389 3797 P
1520 3741 1554 3796 8
1591 3758 1720 3812 ergo
1759 3757 1862 3797 om.
1900 3743 1957 3798 R
1995 3741 2136 3796 enim
2173 3741 2248 3796 M
2388 3741 2458 3796 10
2495 3739 2698 3795 dietum
2737 3745 2822 3794 est

528 3831 594 3884 de
630 3833 688 3885 te
725 3831 781 3885 A
964 3832 1025 3886 11
1066 3832 1304 3903 porrige]
1344 3848 1503 3902 porro
1542 3832 1598 3885 A
1751 3831 2020 3885 funiculos
2056 3833 2181 3884 tuos
2221 3835 2278 3884 et
2301 3829 2359 3885 R
2393 3845 2495 3884 sec.
2531 3844 2674 3886 saer.
2715 3828 2820 3884 litt.

530 3919 597 3972 12
636 3919 907 3974 dexteram
936 3919 1116 3977 MRL
1152 3921 1272 3974 edd.
1311 3935 1412 3974 sec.
1452 3919 1610 3990 ναῖς.
1688 3921 1756 3975 13
1793 3923 1958 3989 atque
1988 3919 2044 3972 in
2074 3919 2349 3972 sinistram
2377 3917 2516 3986 AR,·
2552 3919 2623 3986 cf.
2663 3917 2820 3988 Vulq.

528 4009 596 4062 15
632 4008 1016 4080 inkpbitabitis
1044 4010 1100 4064 A
1137 4008 1475 4063 inhabitabit
1501 4008 1556 4063 L
1590 4025 1692 4064 sec.
1742 4009 1901 4079 Vulq.
1997 4009 2064 4063 16
2103 4007 2385 4062 erubesces
2419 4006 2477 4063 R
2510 4022 2612 4061 sec.
2660 4006 2818 4076 ναῖς.

530 4097 596 4152 17
636 4089 779 4152 enim
818 4113 922 4154 om.
958 4097 1013 4151 L
1156 4098 1213 4151 in
1252 4099 1529 4152 aeternum
1558 4096 1669 4153 RL
1775 4097 2089 4166 ignominae
2112 4096 2187 4151 M
2293 4095 2360 4149 19
2399 4094 2648 4149 dominus
2687 4093 2820 4149 deus

520 4190 653 4241 tuus
692 4187 783 4256 qui
820 4186 877 4241 R
982 4187 1056 4258 ei]
1094 4187 1209 4241 eius
1242 4185 1355 4240 GN
1380 4199 1480 4242 sec.
1529 4186 1686 4256 ναῖς.
1727 4185 2010 4257 (Septuay.
2052 4184 2213 4258 αὐτῷ)
2249 4201 2430 4239 meum
2457 4183 2511 4238 L
2582 4185 2654 4238 22
2690 4200 2820 4238 oon-

522 4276 759 4345 cupisoit
802 4275 858 4329 A
915 4274 1199 4346 (Septuay.
1238 4273 1586 4346 ἐπεθύμησεν,
1627 4273 1745 4330 cod.
1783 4275 1946 4330 Alex.
1987 4273 2298 4344 ἐπιθυμήσει
2309 4295 2323 4338 ;
2372 4272 2528 4342 Vuly.
2569 4273 2820 4341 concupi·

524 4367 661 4433 acet)
772 4363 841 4418 23
880 4367 1031 4418 tuam
1068 4379 1173 4418 om.
1210 4364 1261 4417 A
