3184 4959
1125 438 1654 508 epistularum
1710 437 1998 492 LXXXIX.
2577 443 2708 507 425

410 632 577 716 apud
644 653 752 700 eos
818 633 1157 718 quicquam
1224 633 1508 698 ualuisse
1571 632 1821 698 litteras
1885 635 2053 698 tuas.
2130 652 2241 697 cur
2305 635 2520 698 autem
2584 653 2704 698 non

408 741 748 819 ualuerint,
796 759 918 806 non
966 759 1127 823 opus
1178 744 1280 805 est
1336 741 1644 816 scribere;
1711 739 1822 804 sed
1877 739 2062 804 mitte
2119 739 2396 821 aliquem
2453 743 2710 804 tuorum

410 851 517 913 uel
563 848 1059 914 domesticorum
1108 848 1211 913 uel
1256 847 1630 924 amicorum,
1675 847 1858 911 cuius
1905 848 2024 912 hoc
2071 846 2215 910 fidei
2259 847 2470 931 possis
2508 847 2709 911 iniun-

412 973 577 1038 gere,
645 954 754 1036 qui
818 972 941 1020 non
1007 953 1086 1018 ad
1152 973 1225 1018 ea
1287 953 1431 1018 loca
1484 953 1599 1018 sed
1655 952 1733 1018 ad
1789 971 1904 1018 nos
1960 953 2257 1037 primitus
2313 953 2534 1018 ueniat
2577 953 2708 1017 illis

348 1083 375 1123 5
413 1061 665 1126 omnino
712 1060 1143 1126 nescientibus
1191 1063 1255 1124 et
1292 1060 1628 1126 nobiscum
1665 1059 1963 1143 primitus
2001 1060 2268 1125 consilio
2306 1063 2709 1142 pertractato,

411 1166 582 1250 quod
636 1168 949 1252 agendum
1005 1167 1259 1234 domino
1316 1167 1658 1232 adiuuante
1715 1168 1930 1232 uisum
1996 1168 2208 1246 fuerit,
2275 1171 2440 1251 agat.
2509 1187 2710 1251 neque

414 1275 579 1338 enim
644 1277 893 1340 tantum
954 1293 1069 1358 pro
1136 1274 1228 1339 eis
1296 1274 1569 1358 agimus,
1639 1293 1784 1340 cum
1851 1275 1972 1339 hoc
2026 1274 2302 1358 agimus,
2359 1274 2472 1340 sed
2519 1275 2710 1339 etiam

411 1400 523 1464 pro
570 1381 807 1446 nostris
852 1381 979 1446 iam
1026 1381 1212 1446 factis
1262 1381 1616 1462 catholicis,
1667 1381 1898 1464 quibus
1955 1382 2210 1447 illorum
2265 1380 2562 1446 uicinitas
2619 1383 2711 1446 sic

410 1487 645 1552 infesta
690 1491 809 1566 est,
866 1492 939 1552 ut
992 1487 1309 1553 contemni
1358 1505 1395 1551 a
1442 1487 1625 1553 nobis
1681 1488 1858 1552 nullo
1913 1487 2104 1552 modo
2167 1487 2394 1571 possit.
2462 1489 2526 1552 et
2590 1487 2711 1552 hoc

326 1618 381 1658 10
416 1594 671 1678 quidem
716 1594 995 1660 breuiter
1041 1595 1315 1660 scribere
1358 1597 1677 1678 poteram:
1727 1594 1842 1660 sed
1887 1595 2066 1662 uolui
2103 1599 2166 1660 te
2204 1594 2434 1660 habere
2473 1594 2715 1678 aliquid

410 1702 769 1766 litterarum
834 1704 1214 1781 nostrarum,
1283 1721 1407 1783 quo
1472 1701 1780 1767 rationem
1851 1721 2038 1767 curae
2098 1721 2278 1768 meae
2331 1721 2453 1766 non
2503 1703 2714 1768 solum

412 1808 553 1890 ipse
599 1826 1035 1892 cognosceres,
1084 1808 1194 1874 sed
1234 1809 1423 1874 etiam
1466 1808 1846 1892 cuicumque
1885 1809 2300 1890 dissuadenti,
2339 1829 2418 1874 ne
2454 1812 2712 1876 tuorum

414 1913 788 1980 correctioni
852 1931 1105 1998 operam
1170 1915 1480 1980 instanter
1550 1915 1878 1999 inpendaS,
1951 1915 2260 1998 nobisque
2334 1916 2714 1994 detrahenti,

416 2021 588 2104 quod
630 2022 787 2086 talia
828 2021 1129 2102 uelimus,
1175 2022 1428 2100 habeas,
1480 2023 1650 2105 quod
1703 2023 2106 2107 respondeas.
2179 2023 2349 2106 quod
2395 2024 2452 2090 si
2499 2043 2714 2107 super-

327 2155 377 2196 15
416 2127 545 2192 fluo
608 2127 752 2207 feci,
822 2127 988 2209 quod
1053 2128 1181 2192 iam
1236 2128 1363 2194 ista
1415 2131 1523 2194 uel
1577 2128 1890 2194 didiceras
1945 2129 2054 2194 uel
2111 2131 2246 2212 ipse
2295 2130 2713 2213 cogitauera8‚

417 2237 529 2297 aut
575 2251 879 2298 onerosus
927 2234 1042 2312 fui,
1092 2233 1261 2318 quod
1309 2234 1477 2300 curis
1520 2235 1798 2318 publicis
1855 2241 1984 2300 tam
2044 2239 2352 2318 occupato
2406 2237 2713 2320 prolixam

418 2341 761 2422 epistulam
842 2341 1104 2425 ingessi,
1188 2345 1336 2425 peto
1422 2341 1533 2408 des
1617 2343 1887 2421 ueniam,
1973 2343 2126 2408 dum
2214 2346 2450 2422 tamen,
2543 2343 2714 2425 quod

414 2447 711 2530 suggessi
778 2450 841 2512 et
904 2448 1145 2532 rogaui,
1214 2467 1333 2513 non
1400 2468 1681 2530 spernaS.
1757 2449 1848 2514 sic
1913 2453 1978 2514 te
2040 2452 2298 2514 tueatur
2360 2449 2712 2514 misericor-

414 2553 515 2618 dia
562 2553 682 2618 dei.

483 2745 508 2797 1
552 2743 790 2798 ualuisse
829 2744 1113 2814 quicquam
1140 2744 1370 2812 punctis
1406 2761 1541 2798 corr.
1570 2745 1648 2799 M
1785 2749 1909 2800 tuas
1947 2747 2162 2800 litteras
2199 2746 2321 2802 edd.
2420 2749 2454 2801 4
2487 2747 2614 2816 quia
2640 2747 2716 2800 M

412 2833 441 2884 7
484 2833 646 2886 etiam
687 2847 807 2896 om,
849 2850 914 2886 m.
937 2837 968 2886 1
996 2833 1126 2886 add.
1155 2832 1231 2886 M
1302 2835 1367 2888 13
1398 2835 1729 2889 correctione
1759 2851 2011 2906 oppetam
2037 2837 2351 2890 constanter
2374 2835 2450 2889 M
2521 2835 2587 2889 14
2614 2835 2709 2890 ab·
2775 2897 2787 2902 ,

412 2937 503 2974 eas
547 2921 622 2974 Μ
800 2921 867 2974 15
915 2919 1131 2975 dideras
1177 2921 1239 2976 F
1280 2925 1439 2990 (corr.
1488 2939 1556 2976 m.
1605 2929 1670 2977 ut
1713 2925 1829 2978 uid.
1879 2927 1908 2976 1
1955 2923 2203 2991 dederas)
2253 2927 2308 2978 A
2367 2923 2594 2979 dederas
2638 2925 2713 2978 M

415 3011 479 3064 16
520 3012 785 3079 occupata
820 3010 894 3064 M
916 3014 1267 3081 *occupatum
1304 3011 1366 3066 F
1473 3013 1535 3066 17
1574 3014 1806 3083 ingressi
1843 3013 1898 3066 A
2044 3013 2138 3068 des
2177 3029 2278 3068 om.
2319 3015 2372 3066 A
2485 3013 2549 3067 18
2587 3017 2710 3067 tue-

412 3100 502 3150 tur
535 3097 718 3151 MFA
753 3101 958 3164 tuatur,
996 3102 1124 3153 m.2
1161 3104 1382 3154 tueatur
1417 3102 1472 3154 P
