3184 4959
345 1629 396 1668 10

1206 454 1739 524 epistularum
1795 454 1983 510 XLVI.
2607 461 2735 524 125

525 649 640 712 111.
696 649 856 712 Item
915 649 992 712 ab
1051 648 1174 714 alio
1231 649 1470 730 audiui,
1539 651 1709 732 quod
1776 653 2145 718 conductori
2208 673 2330 719 non
2397 652 2645 719 iuratur
2700 672 2739 716 a

436 754 720 831 barbaro,
769 757 834 819 et
887 755 1051 820 alter
1106 755 1282 834 dixit,
1342 756 1492 838 quia
1538 757 1785 823 iuratur
1831 759 2222 825 conductori.
2276 759 2331 826 si
2380 759 2573 824 etiam
2620 759 2735 824 fal—

436 881 576 926 sum
633 862 790 926 mihi
847 861 1006 926 dixit
1057 861 1190 941 ille,
1254 863 1364 946 qui
1420 863 1576 928 dixit
1630 864 1823 930 iurari
1882 866 2271 942 conductori,
2322 866 2377 931 si
2435 869 2563 931 ium
2619 885 2730 951 pro

427 968 573 1044 1100,
623 967 802 1050 quod·
839 968 1048 1033 solum
1096 969 1335 1046 audiui,
1384 989 1508 1034 non
1557 969 1753 1036 debeo
1802 972 1899 1036 uti
1946 972 2022 1036 de
2070 972 2228 1054 ipsis
2276 972 2569 1058 frugibus
2627 975 2734 1037 uel

435 1076 510 1140 de
565 1074 770 1158 pretio
822 1075 1104 1158 ipsarum
1161 1079 1422 1159 propter
1475 1077 1767 1143 auditum
1824 1080 2054 1157 solum,
2114 1080 2262 1162 quia
2308 1079 2553 1144 dictum
2602 1084 2730 1145 est:

437 1182 517 1247 Si
555 1182 734 1264 quis
775 1184 1040 1247 autem
1081 1182 1416 1247 dixerit:
1456 1185 1631 1249 ‘Hoc
1670 1185 2251 1251 immolaticium
2292 1190 2409 1251 est
2444 1185 2732 1261 idolis,‘

433 1288 691 1353 nolite
738 1289 1215 1355 manducare
1263 1294 1599 1375 propter
1642 1291 1922 1357 illum?
1972 1292 2025 1356 si
2074 1298 2285 1358 tamen
2337 1292 2529 1357 etiam
2568 1295 2722 1358 haec

433 1415 623 1460 causa
695 1396 926 1461 similis
1001 1399 1100 1461 est
1174 1415 1402 1462 causae
1460 1397 1537 1462 de
1592 1397 2053 1466 immolaticio?
2121 1399 2289 1482 quod
2350 1399 2405 1464 si
2460 1399 2553 1464 ita
2609 1403 2728 1466 est.

434 1502 584 1585 quid
646 1503 842 1567 debeo
903 1503 980 1568 de
1034 1503 1194 1586 ipsis
1252 1504 1544 1588 frugibus
1608 1507 1710 1570 uel
1766 1504 1843 1570 de
1898 1506 2101 1589 pretio
2151 1507 2433 1589 ipsarum
2481 1507 2727 1572 facere?

519 1609 629 1674 IV.
682 1607 748 1674 Si
808 1610 1006 1676 debeo
1063 1610 1380 1694 requirere
1439 1610 1515 1676 de
1579 1615 1873 1695 utroque,
1942 1613 2052 1696 qui
2116 1612 2273 1677 mihi
2342 1612 2517 1688 dixit,
2585 1613 2735 1696 quia

431 1733 550 1780 non
598 1715 844 1781 iuratur
889 1716 1278 1796 conductori,
1328 1723 1441 1783 aut
1485 1719 1594 1801 qui
1644 1719 1817 1797 dixit,
1865 1719 2013 1802 quia
2059 1720 2306 1784 iuratur
2342 1720 2732 1798 conductori,

432 1827 496 1887 et
550 1823 792 1888 dictum
850 1825 1357 1907 uniuscuiusque
1415 1826 1675 1909 probare
1720 1846 1832 1908 per
1877 1829 2100 1906 testeS,
2152 1827 2257 1910 qui
2306 1846 2529 1892 uerum
2578 1827 2735 1891 dixit

433 1923 508 1994 de
562 1928 694 1994 illis
753 1931 1023 2008 duobus,
1073 1935 1136 1996 et
1183 1935 1315 1996 tam
1365 1933 1474 1996 diu
1522 1953 1647 1998 11011
1697 1934 2057 2018 contingere
2106 1933 2182 1998 de
2229 1933 2387 2016 ipsis
2436 1933 2730 2019 frugibus

429 2037 535 2101 uel
599 2036 676 2101 de
737 2037 963 2120 pretio,
1031 2057 1220 2120 quam
1287 2039 1396 2104 diu
1471 2039 1630 2103 mihi
1708 2041 2043 2123 probatum
2108 2040 2320 2118 fuerit,
2388 2040 2445 2104 si
2508 2060 2729 2106 uerum

432 2144 587 2208 dixit
631 2144 761 2222 ille,
809 2144 917 2226 qui
964 2145 1138 2224 dixit,
1188 2146 1336 2227 quia
1381 2165 1504 2211 non
1551 2148 1799 2222 iuratur
1845 2147 2256 2212 conductori?

519 2251 595 2314 V.
647 2250 713 2316 Si
760 2251 1086 2330 barbarus,
1150 2252 1261 2336 qui
1318 2272 1428 2337 per
1483 2253 1910 2319 iuramentum
1981 2273 2169 2318 suum
2234 2254 2404 2318 iurat
2466 2255 2729 2330 malum,

431 2357 650 2422 fecerit
719 2359 905 2422 illum
983 2357 1414 2425 Christianum
1489 2361 1938 2426 conductorem
2016 2361 2121 2425 uel
2194 2360 2544 2439 tribunum,
2621 2361 2728 2443 qui

427 2464 619 2530 limiti
683 2469 955 2546 praeest,
1019 2466 1226 2531 iurare
1295 2466 1418 2531 sibi
1481 2486 1592 2550 pro
1651 2466 1773 2532 fide
1828 2467 1926 2531 illi
1984 2467 2293 2532 seruanda
2350 2486 2460 2550 pro
2519 2471 2729 2531 custo-

430 2571 673 2636 diendis
739 2571 1030 2657 frugibus
1094 2591 1207 2656 per
1267 2573 1482 2657 ipsum
1548 2574 1975 2638 iuramentum
2040 2574 2325 2650 mortale,
2391 2592 2503 2656 per
2560 2573 2726 2656 quod

427 2677 564 2761 ipse
617 2679 806 2754 iurat,
867 2679 920 2743 si
978 2679 1154 2744 301113
1211 2680 1318 2745 ille
1379 2679 1779 2745 Christianus
1837 2680 2324 2763 coinquinatur?
2382 2679 2437 2744 si
2493 2699 2615 2745 11011
2664 2683 2728 2744 et

427 2785 556 2865 illa,
616 2803 884 2866 quorum
939 2805 1132 2851 causa
1185 2787 1394 2851 iurat?
1445 2791 1556 2852 aut
1604 2786 1658 2851 si
1706 2805 2013 2870 paganuS,
2062 2786 2173 2868 qui
2217 2785 2409 2850 limiti
2455 2789 2727 2869 praeest,

424 2889 730 2956 iurauerit
774 2892 1036 2957 barbaro
1083 2912 1194 2977 pro
1242 2892 1366 2958 fide
1413 2893 1512 2957 illi
1559 2894 1871 2958 seruanda
1928 2912 2039 2975 per
2097 2893 2363 2959 mortale
2418 2892 2729 2956 iuramen-

426 3000 585 3075 tum,
645 2997 700 3062 si
755 3018 877 3063 11011
934 2999 1248 3082 inquinat,
1303 3019 1416 3082 pro
1474 3001 1707 3082 quibus
1764 3000 1973 3064 iurat?
2024 3000 2078 3066 si
2128 3018 2317 3082 quem
2364 2999 2595 3064 misero
2646 2999 2722 3064 ad

605 3155 638 3209 6
676 3156 702 3209 1
742 3155 863 3212 Cor.
907 3156 990 3220 10,
1029 3159 1098 3214 28

500 3298 525 3350 1
565 3297 807 3350 iuratura
841 3295 1071 3351 barbaro
1111 3297 1165 3350 A
1237 3299 1270 3351 2
1310 3297 1627 3352 conductori
1665 3315 1765 3355 om.
1804 3299 1860 3352 R
1899 3299 2216 3354 conductori
2250 3315 2372 3353 cum
2412 3315 2525 3352 ras.
2563 3299 2723 3365 infra

425 3401 492 3438 uc
537 3391 588 3438 et
630 3401 806 3454 supra
852 3389 1048 3454 (supra
1085 3387 1104 3440 i
1141 3403 1280 3440 eras.
1327 3387 1471 3454 uid.)
1518 3387 1592 3440 M
1636 3386 1903 3442 conditori
1950 3387 2061 3441 ΡΑ
2276 3387 2475 3441 falsum
2524 3387 2607 3440 bis
2652 3387 2726 3440 M

425 3475 458 3528 3
498 3475 611 3544 qui]
655 3475 782 3543 quia
815 3473 998 3528 MFA
1026 3493 1063 3528 a
1205 3476 1384 3528 iurare
1421 3477 1477 3530 R
1622 3475 1891 3530 conditori
1930 3475 2109 3529 MFA
2252 3477 2287 3530 4
2325 3476 2415 3529 uel
2451 3475 2633 3545 precio
2670 3475 2726 3530 R

425 3566 460 3618 5
495 3567 776 3634 propter*-
810 3563 882 3616 Ρ1
969 3564 1000 3615 6
1041 3566 1221 3618 autem
1260 3565 1380 3634 quis
1419 3565 1537 3618 edd.
1650 3565 2074 3626 immolatitium,
2114 3582 2181 3622 m.
2204 3568 2245 3618 2
2279 3565 2619 3619 immolatum
2648 3564 2723 3617 Ρι

497 3657 580 3706 est
617 3669 719 3706 om.
758 3653 833 3706 M
937 3653 966 3706 7
1007 3653 1182 3721 illum]
1225 3653 1378 3706 illum
1417 3653 1510 3722 qui
1547 3653 1815 3706 indicauit
1852 3653 1972 3710 edd.
2009 3671 2108 3707 sec.
2148 3669 2292 3708 sacr.
2335 3654 2440 3707 litt.
2588 3655 2721 3708 haec

426 3742 588 3796 etiam
615 3741 845 3810 punctis
883 3757 1018 3796 cor-r.
1059 3742 1132 3794 M
1326 3742 1360 3796 8
1399 3758 1560 3795 031133
1598 3759 1699 3796 om.
1738 3741 1813 3796 M
2024 3743 2207 3807 simili,
2245 3760 2313 3796 m.
2341 3745 2381 3796 2
2417 3742 2611 3796 similis
2648 3742 2725 3795 Ρι

429 3833 492 3884 12
529 3848 626 3900 per
662 3832 854 3900 testes]
895 3835 1164 3899 partestes
1201 3830 1263 3885 F
1402 3833 1512 3900 qui,
1551 3849 1622 3887 m.
1646 3835 1684 3884 2
1722 3833 1841 3900 quis
1881 3831 1951 3884 Ρ1
2100 3831 2351 3885 dixerunt
2387 3830 2442 3883 A
2558 3832 2623 3884 13
2666 3835 2725 3884 et

423 3921 558 3990 tam]
597 3920 760 3974 etiam
797 3919 978 3973 MFA
1016 3920 1218 3974 aetiam
1257 3922 1342 3986 (ae
1382 3925 1432 3973 et
1469 3920 1487 3972 i
1527 3935 1666 3973 eras.
1706 3924 1825 3973 m.1
1870 3936 2047 3988 supra
2099 3919 2229 3974 add.
2285 3921 2363 3986 et)
2402 3917 2477 3972 P²
2553 3920 2621 3973 14
2660 3919 2725 3972 de

425 4010 539 4078 ipso
577 4010 754 4078 pretio
781 4007 838 4062 R
1009 4009 1296 4078 probatum
1335 4008 1466 4061 mihi
1503 4007 1560 4062 R
1701 4008 1765 4062 18
1804 4009 1967 4062 militi
2003 4007 2129 4063 MR
2160 4028 2176 4047 κ
2274 4025 2369 4078 per
2406 4006 2511 4060 fide
2554 4007 2656 4072 (sic
2681 4011 2721 4074 l)

424 4097 494 4149 M
540 4115 637 4168 per
683 4093 842 4150 fidem
880 4097 993 4151 Aa
1207 4097 1318 4150 illis
1365 4095 1621 4150 MFAP¹
1661 4101 1708 4162 (s
1746 4097 1889 4166 exp.)
1926 4097 1981 4151 R
2004 4113 2039 4150 a
2256 4094 2573 4150 seruandam
2613 4097 2725 4150 Aa

426 4187 493 4240 20
531 4187 956 4256 quoinquinatur
982 4186 1037 4239 P
1072 4187 1451 4257 coinquinatus
1482 4186 1795 4242 MFAP¹R
1833 4187 2217 4256 coinquinatus
2246 4187 2319 4239 sit
2348 4185 2466 4239 edd.
2544 4186 2606 4238 21
2642 4187 2723 4239 111-

425 4277 664 4346 1313131,
715 4279 868 4344 (post
916 4292 947 4328 a
993 4292 1110 4342 exp.
1158 4279 1307 4340 m.2)
1355 4275 1430 4328 Ρι
1648 4275 1810 4329 militi
1857 4275 1979 4329 MR
2160 4275 2230 4326 22
2278 4273 2389 4327 illis
2437 4273 2725 4328 PMFAR

426 4364 495 4418 23
533 4364 786 4434 inquinet
823 4365 878 4417 P
911 4365 1228 4434 coinquinat
1265 4365 1385 4421 edd.
