3184 4959
1219 444 1751 514 epistularum
1810 445 1919 501 CV.
2587 449 2715 514 603

421 658 632 722 quam,
658 637 860 704 omnis
921 619 1150 704 doctus
1209 642 1273 702 et
1317 638 1615 704 indoctus
1660 639 1979 724 intellegit
2025 641 2523 724 praeponendam
2574 659 2715 708 esse

419 745 791 824 discordiae,
824 745 1165 830 diligamus
1195 749 1260 810 et
1297 751 1627 811 teneamus
1664 747 1996 812 unitatem.
2038 748 2157 812 hoc
2194 748 2417 814 iubent
2448 749 2715 832 impera-

415 859 607 930 toreS,
667 853 834 936 quod
887 853 1068 918 iubet
1113 857 1178 918 et
1225 852 1538 931 ChristuS,
1598 851 1763 936 quia,
1822 873 1969 919 cum
2024 853 2261 919 bonum
2308 855 2549 930 iubent,
2605 875 2715 936 per

414 961 562 1026 illos
627 981 750 1026 non
814 959 998 1025 iubet
1059 959 1185 1024 nisi
1243 959 1559 1028 Christus,
1628 965 1692 1026 et
1754 979 1869 1026 nos
1928 961 2119 1027 etiam
2184 981 2297 1044 per
2352 961 2711 1045 apostolum

361 1097 386 1135 ε
417 1068 728 1144 obsecrat,
791 1071 868 1131 ut
917 1067 985 1132 id
1038 1067 1252 1149 ipsum
1311 1065 1599 1132 dicamus
1658 1085 1875 1134 omnes
1934 1071 1999 1133 et
2052 1086 2175 1132 non
2230 1069 2361 1133 sint
2410 1068 2475 1132 in
2531 1068 2713 1132 nobis

416 1175 760 1242 schismata
812 1192 1018 1257 neque
1065 1173 1385 1239 dicamus:
1441 1173 1604 1258 Ego
1652 1175 1976 1257 quidem
2036 1194 2205 1239 sum
2252 1174 2509 1248 Pauli,
2569 1192 2711 1258 ego

416 1285 683 1345 antem
721 1280 1038 1362 Apollo,
1087 1299 1231 1364 ego
1279 1299 1471 1345 uero
1513 1280 1851 1362 Cephae,
1892 1300 2035 1364 ego
2077 1286 2341 1348 autem
2382 1280 2709 1358 Christi,

415 1387 523 1450 sed
591 1387 786 1451 simul
845 1406 1063 1452 omnes
1129 1405 1253 1451 non
1319 1387 1520 1452 simus
1579 1388 1705 1452 nisi
1763 1387 2021 1466 Christi,
2088 1389 2239 1472 quia
2291 1407 2406 1454 nec
2462 1387 2709 1454 diuisus

414 1495 514 1557 est
577 1493 870 1558 Christus
945 1512 1058 1558 nec
1122 1494 1362 1559 Paulus
1429 1493 1766 1559 crucifixus
1832 1497 1933 1559 est
2002 1515 2117 1577 pro
2192 1493 2399 1572 nobiS,
2474 1498 2709 1577 quanto

325 1631 376 1670 ιο
413 1599 624 1664 minus
660 1599 982 1664 Donatus!
1031 1619 1146 1664 nec
1193 1600 1256 1663 in
1306 1600 1558 1664 nomine
1600 1600 1780 1665 Pauli
1825 1601 2130 1684 baptizati
2178 1620 2422 1679 sumna,
2474 1603 2708 1682 quanto

412 1707 622 1771 minus
677 1706 741 1770 in
789 1707 1052 1771 Donati!
1112 1708 1232 1772 hoc
1279 1707 1503 1772 dicunt
1557 1710 1624 1772 et
1677 1707 2113 1790 imperatores,
2172 1707 2321 1790 quia
2366 1705 2707 1772 Christiani

414 1813 713 1878 catholici
760 1817 932 1891 sunt,
987 1832 1108 1878 non
1157 1813 1472 1878 idolorum
1521 1813 1693 1878 serui
1746 1815 1919 1880 sicut
1962 1819 2179 1880 uester
2221 1815 2531 1892 Iulianus,
2586 1833 2707 1879 non

411 1920 730 1997 haeretici,
789 1921 958 1986 sicut
1003 1920 1261 2002 quidam
1316 1919 1575 1985 fuemnt
1621 1923 1687 1985 et
1740 1921 2117 1985 catholicam
2172 1921 2491 2004 persecuti
2538 1925 2705 1996 sunt,

410 2027 656 2109 quando
705 2027 839 2092 ueri
877 2026 1221 2092 Christiani
1265 2045 1388 2091 non
1435 2045 1546 2109 pro
1596 2027 1910 2092 haeretico
1959 2045 2163 2092 errore
2208 2045 2445 2110 poenas
2489 2026 2706 2092 iustis-

321 2163 370 2201 ιε
411 2133 604 2198 simas
661 2134 832 2199 sicut
885 2151 1002 2198 uos
1061 2134 1174 2210 sed
1227 2153 1337 2216 pro
1395 2133 1713 2198 catholica
1769 2135 2035 2199 ueritate
2086 2135 2419 2215 passiones
2476 2134 2705 2218 glorio-

409 2243 698 2308 sissimas
742 2244 1160 2326 pertulerunt.

233 2343 312 2404 12
495 2347 860 2428 Adtendite,
907 2368 1098 2432 quam
1163 2348 1689 2414 manifestissima
1753 2349 2025 2413 ueritate
2090 2368 2201 2431 per
2263 2367 2397 2413 cor
2462 2348 2702 2432 regis,

409 2455 580 2538 quod
635 2455 710 2520 in
757 2473 988 2519 manu
1037 2454 1163 2518 dei
1213 2459 1357 2531 est,
1413 2454 1552 2537 ipse
1601 2454 1757 2520 deus
1808 2455 2031 2520 dixerit
2073 2455 2137 2518 in
2184 2455 2313 2521 ista
2353 2454 2496 2537 ipsa
2540 2457 2702 2539 lege,

409 2583 598 2646 quam
649 2565 862 2626 contra
917 2581 1036 2626 uos
1093 2561 1402 2644 prolatam
1450 2560 1685 2637 dicitis,
1744 2567 1845 2625 est
1889 2565 2126 2638 autem,
2183 2561 2238 2626 si
2294 2559 2701 2645 intellegatis,

317 2699 371 2738 ρο
411 2671 652 2752 prolata
703 2688 815 2750 pro
871 2669 1088 2745 uobis;
1156 2667 1498 2744 adtendite,
1566 2667 1718 2750 quid
1783 2668 2059 2732 habeant
2112 2668 2309 2732 uerba
2370 2666 2699 2750 principis:

405 2776 588 2841 ‘Nam
635 2776 692 2842 si
736 2776 802 2840 in
861 2776 974 2854 eis,
1023 2776 1134 2858 qui
1181 2775 1380 2858 primo
1422 2775 1665 2840 'initiati
1712 2778 1881 2851 sunt,
1928 2775 2165 2840 idcirco
2202 2774 2427 2859 religio
2464 2772 2701 2855 baptis-

405 2884 594 2948 matis
647 2883 970 2949 iudicatur
1029 2883 1295 2957 infirma,
1353 2882 1522 2965 quod
1577 2882 1666 2960 hi,
1726 2901 1763 2946 a
1818 2881 2051 2965 quibus
2109 2881 2437 2965 accipitur,
2484 2897 2699 2962 pecca-

404 2994 574 3056 tores
631 2993 952 3073 putentur,
1012 2989 1247 3054 totiens
1304 2989 1593 3054 renouari
1648 3006 1907 3054 necesse
1964 2987 2083 3052 erit
2136 2988 2440 3054 traditum
2496 3004 2697 3052 sacra-

405 3099 713 3175 mentum,
760 3097 1052 3179 quotiens
1098 3094 1400 3179 indignus
1436 3094 1633 3159 fuerit
1675 3095 1975 3160 inuentus
2014 3094 2251 3159 conlati
2293 3091 2697 3176 baptismatis

313 3231 365 3270 25
403 3204 789 3282 administer,
847 3207 912 3268 et
965 3201 1124 3268 fides
1179 3206 1396 3268 nostra
1440 3221 1560 3267 non
1612 3221 1683 3267 ex
1737 3205 1989 3268 nostrae
2036 3201 2389 3266 uoluntatis
2436 3198 2693 3265 arbitrio

399 3329 601 3394 neque
648 3329 718 3375 ex
769 3308 966 3375 diuini
1009 3310 1291 3374 muneris
1349 3309 1552 3394 gratia
1606 3309 1720 3374 sed
1766 3329 1839 3373 ex
1892 3309 2136 3374 meritis
2184 3305 2584 3378 sacerdotum
2630 3311 2695 3369 et

399 3417 772 3481 clericorum
821 3417 1130 3499 qualitate
1184 3414 1524 3498 pendebit'.
1581 3416 1821 3481 faciant
1872 3415 2047 3481 mille
2096 3414 2365 3482 concilia
2410 3413 2689 3498 episcopi

570 3663 606 3716 4
643 3661 670 3716 1
711 3661 831 3717 Cor.
873 3663 920 3730 1,
962 3663 1050 3725 10;
1095 3661 1304 3716 12—13
1418 3663 1482 3716 17
1520 3661 1680 3716 Pron.
1720 3663 1806 3726 21,
1850 3665 1875 3716 1

462 3822 487 3873 1
530 3818 928 3890 praeponenda,
965 3837 1036 3874 m.
1059 3824 1098 3873 2
1136 3839 1209 3858 ⁶-
1248 3835 1413 3889 θυμω·
1450 3836 1482 3874 a
1517 3819 1574 3876 R
1750 3822 1785 3873 4
1826 3820 2058 3874 christus
2095 3821 2203 3874 nisi
2244 3820 2417 3890 siquis
2454 3837 2592 3874 corr.
2628 3823 2685 3874 P

459 3911 642 3980 aplom
681 3915 734 3976 (0
773 3927 892 3979 exp.
930 3927 1000 3964 m.
1024 3915 1076 3975 1)
1117 3909 1188 3962 M
1295 3911 1328 3964 5
1367 3925 1552 3962 omnes
1593 3911 1647 3974 (e
1682 3910 1746 3962 in
1780 3925 1895 3966 ras.
1932 3914 2073 3963 m.1·
2111 3909 2173 3962 F
2324 3909 2380 3962 in
2417 3907 2573 3964 uobis
2610 3910 2683 3964 M

387 4000 416 4050 7
447 3999 616 4068 zephe
643 3998 716 4052 M
807 3999 842 4053 8
880 3987 1033 4053 οπι-ιιε
1061 3999 1122 4054 F
1220 4001 1281 4054 11
1313 3999 1667 4068 imperatores
1696 3997 1863 4065 (post.
1897 4014 1923 4052 e
1953 4015 2021 4052 ex
2047 4014 2184 4055 corr.
2212 4015 2284 4052 m.
2311 4004 2375 4052 ut
2402 3999 2518 4052 uid.
2546 4003 2595 4054 1)
2623 3999 2683 4052 F

390 4089 454 4140 12
491 4090 621 4142 sunt
656 4103 757 4142 om.
795 4089 850 4141 A
938 4088 1006 4142 13
1045 4087 1260 4158 quidem
1299 4089 1354 4141 A
1463 4089 1520 4141 et
1557 4086 1843 4142 ecclesiam
1882 4086 2203 4142 catholicam
2240 4087 2361 4140 edd.
2452 4089 2517 4141 15
2554 4087 2674 4156 glo-

381 4176 694 4240 riosissima,
731 4193 797 4230 m.
822 4180 862 4230 2
907 4176 1324 4246 gloriosissimas
1361 4177 1416 4230 P
1592 4175 1663 4229 20
1712 4175 1915 4230 habeat
1960 4175 2127 4228 uerba
2160 4175 2421 4246 principis
2456 4193 2581 4230 nam
2618 4180 2673 4231 A

381 4263 582 4318 habeat
615 4281 740 4319 nam
777 4265 944 4319 uerba
967 4265 1228 4335 principis
1253 4264 1311 4320 R
1401 4265 1470 4319 22
1499 4265 1540 4318 ii
1567 4266 1605 4332 f
1618 4265 1755 4319 lrm
1844 4265 1916 4320 24
1940 4264 2169 4320 conlatis
2199 4269 2247 4331 (ι
2278 4281 2395 4334 αφ.
2423 4281 2492 4320 m.
2517 4270 2575 4330 2)
2604 4268 2677 4322 M

381 4353 448 4407 ‘25
489 4353 895 4408 administrator
931 4353 986 4408 P
1019 4353 1140 4409 edd.
1251 4355 1318 4408 27
1359 4353 1574 4409 concilii
1611 4353 1672 4408 F
