3184 4959
145 1682 200 1744 V

245 1680 332 1742 10

337 1600 392 1639 10

333 2133 390 2172 15

1194 423 1726 491 epistularum
1782 422 1969 480 XLIV.
2600 430 2723 492 117

431 615 814 699 ubicumque
873 616 991 680 sub
1048 615 1298 681 nomine
1356 615 1715 681 Christiano
1772 615 2013 694 fierent,
2075 637 2197 683 non
2254 619 2391 683 fieri
2440 638 2477 683 a
2519 620 2726 699 home,

431 723 542 790 sed
600 727 810 787 tamen
869 727 944 786 ut
998 723 1459 798 admoneretur,
1516 721 1673 805 quid
1730 727 1901 788 esset
1958 725 2406 807 quaerendum,
2472 744 2731 808 respon—

433 831 640 894 dimus
707 833 1103 912 qnae1·ente8‚
1172 833 1388 894 utmm
1453 829 1678 894 Helias
1742 829 1954 895 iustus
2014 831 2069 895 ei
2125 831 2451 897 uideretur
2502 833 2727 908 fuisse,

430 936 599 1018 qnod
671 955 898 1021 negare
971 955 1092 1000 non
1157 936 1387 1019 potuit.
1464 935 1689 1000 deinde
1754 937 2166 1016 subiecimus,
2232 957 2421 1021 quam
2486 941 2728 1005 multos

431 1045 1014 1128 pseudoprophetas
1063 1063 1181 1109 sua
1225 1063 1416 1108 manu
1465 1046 1822 1127 peremerit.
1872 1045 1975 1109 hic
2022 1065 2089 1109 re
2138 1065 2288 1109 uera
2334 1044 2519 1122 uidit,
2559 1043 2729 1127 quod

428 1151 772 1216 uidendum
822 1155 972 1228 erat,
1023 1151 1146 1216 alia
1191 1151 1453 1216 licuisse
1499 1154 1653 1216 tunc
1698 1151 1915 1224 iustis;
1958 1153 2113 1216 haec
2154 1152 2321 1216 enim
2358 1150 2729 1234 prophetico

429 1259 657 1340 spiritu
715 1258 1090 1323 auctoritate
1151 1259 1249 1322 dei
1305 1257 1640 1335 faciebant,
1700 1257 1808 1342 qui
1864 1258 2086 1340 procul
2134 1258 2325 1324 dubio
2376 1257 2575 1332 nouit,
2626 1257 2730 1320 cui

429 1365 620 1430 etiam
693 1365 897 1447 prosit
970 1364 1191 1429 occidi.
1269 1365 1560 1450 exigebat
1627 1385 1797 1450 ergo,
1868 1369 1944 1430 ut
2011 1365 2323 1440 docerem,
2386 1363 2513 1428 iam
2577 1363 2728 1427 noui

427 1471 792 1536 testamenti
849 1471 1244 1554 temporibus
1305 1471 1412 1554 qui
1469 1472 1786 1537 iustorum
1844 1471 2120 1554 aliquem
2178 1471 2482 1537 occiderit
2537 1470 2725 1535 etiam

433 1577 810 1642 sceleratum
862 1581 926 1641 et
970 1577 1262 1659 impium.

519 1683 692 1748 Tunc
751 1683 1024 1748 reditum
1086 1687 1184 1748 est
1240 1683 1314 1746 ad
1373 1684 1763 1767 superiorem
1819 1686 2184 1762 tractatum,
2243 1683 2411 1767 quod
2476 1683 2733 1748 uoleba-

427 1811 573 1856 mus
633 1791 962 1855 ostendere
1021 1809 1222 1873 neque
1273 1810 1386 1855 nos
1433 1791 1564 1855 illis
1615 1791 1840 1855 debere
1890 1791 2135 1855 obicere
2177 1810 2439 1856 suorum
2492 1791 2731 1854 scelera

429 1917 634 1981 neque
688 1897 836 1962 illos
893 1897 1098 1975 nobis,
1157 1897 1210 1962 si
1271 1917 1395 1980 qna
1449 1897 1887 1962 inuenirentur
1932 1899 2087 1963 talia
2133 1897 2297 1962 facta
2347 1902 2729 1962 nostrorum.

429 2005 506 2068 de
563 2024 727 2070 nouo
787 2003 954 2068 enim
1017 2007 1399 2068 testamento
1469 2003 1720 2069 ostendi
1787 2003 2041 2086 quidem
2107 2023 2229 2068 non
2296 2023 2502 2086 posse,
2563 2003 2730 2086 quod

427 2112 640 2176 iustus
689 2110 1026 2193 quisquam
1075 2110 1458 2176 interfecerit
1505 2111 1813 2193 aliquem3
1864 2111 1976 2175 sed
2021 2115 2232 2174 tamen
2282 2109 2443 2174 illud
2480 2109 2729 2191 probari

425 2237 616 2301 posse
670 2218 812 2300 ipso
871 2218 1154 2298 exemplo
1212 2216 1448 2281 domini
1509 2217 1853 2281 sceleratos
1912 2216 1987 2280 ab
2044 2215 2487 2281 innocentibus
2532 2215 2731 2279 fuisse

427 2325 754 2390 toleratos,
812 2323 1184 2388 traditorem
1245 2323 1412 2387 enim
1461 2342 1671 2400 suum,
1722 2321 1829 2406 qui
1875 2323 2001 2386 iam
2050 2324 2321 2406 pretium
2374 2321 2509 2386 eius
2557 2341 2730 2386 acce-

425 2433 624 2515 perat.
701 2449 905 2512 usque
981 2431 1057 2494 ad
1131 2430 1434 2494 ultimum
1509 2429 1801 2494 osculum
1876 2429 2052 2512 pacis
2126 2429 2290 2493 inter
2360 2429 2731 2493 innocentes

428 2557 644 2603 secum
693 2555 836 2601 esse
891 2553 1231 2620 perpessus
1290 2538 1408 2602 est.
1479 2535 1710 2618 quibus
1767 2555 1887 2600 non
1938 2536 2141 2601 tacuit
2188 2555 2328 2600 esse
2374 2535 2539 2599 inter
2584 2535 2729 2598 illos

426 2645 591 2710 tanti
647 2643 903 2708 sceleris
962 2642 1280 2707 hominem
1339 2645 1404 2706 et
1459 2645 1669 2706 tamen
1726 2643 2000 2726 primum
2072 2645 2533 2706 sacramentum
2600 2659 2731 2704 cor-

425 2753 599 2836 poris
649 2755 712 2815 et
759 2749 1086 2834 sanguinis
1133 2751 1235 2814 sui
1283 2749 1559 2814 nondum
1610 2750 1722 2814 illo
1772 2750 2026 2814 excluso
2076 2749 2495 2815 communiter
2533 2748 2728 2812 omni-

427 2859 548 2922 bus
598 2857 792 2922 dedit.
842 2876 966 2940 quo
1016 2855 1301 2939 exemplo
1343 2875 1482 2919 cum
1535 2875 1730 2939 prope
1778 2875 1995 2920 omnes
2044 2859 2473 2931 mouerentur,
2520 2859 2728 2936 temp-

428 2965 592 3030 tauit
673 2963 878 3028 dicere
965 2966 1108 3027 ante
1190 2962 1550 3046 passionem
1638 2961 1871 3026 domini
1963 2962 2469 3027 communionem
2550 2960 2727 3024 illam

431 3091 574 3138 cum
633 3071 938 3136 scelerato
996 3090 1116 3134 non
1175 3069 1459 3134 obfuisse
1507 3068 1838 3149 apostolis,
1890 3067 2037 3150 quia
2082 3069 2363 3133 nondum
2412 3068 2733 3132 habebant

365 3203 390 3238 :.
429 3179 818 3262 baptismum
869 3177 1105 3242 Christi
1179 3175 1289 3240 sed
1365 3175 1753 3258 baptismum
1834 3175 2149 3240 Iohannis,
2236 3175 2401 3258 quod
2478 3179 2727 3257 postea-

429 3304 618 3368 quam
684 3284 859 3362 dixit,
927 3283 1105 3367 coepi
1173 3281 1248 3346 ab
1317 3300 1388 3345 eo
1457 3301 1778 3364 quaerere.
1846 3301 2033 3364 quem
2100 3281 2177 3346 ad
2242 3281 2498 3346 modum
2578 3300 2728 3364 ergo

431 3392 740 3475 seriptum
797 3394 988 3468 esset,
1047 3388 1212 3472 quod
1275 3387 1508 3452 Iesus
1565 3387 2126 3470 baptizauerit
2170 3389 2449 3471 plures
2500 3407 2727 3470 quam

429 3499 844 3575 Iohannes,
904 3495 1306 3578 cumipse
1367 3513 1512 3559 non
1581 3494 2052 3576 baptizaret
2118 3494 2254 3560 sed
2322 3493 2727 3575 discipuli

606 3745 640 3796 5
675 3741 760 3794 ΠΙ
789 3741 923 3809 Reg.
957 3739 1040 3803 18,
1071 3739 1142 3794 40
1219 3740 1283 3794 17
1311 3738 1509 3794 Matth.
1541 3739 1629 3803 26,
1661 3739 1899 3804 14—16;
1939 3736 2179 3800 20—28;
2216 3737 2434 3790 48-49
2510 3737 2576 3790 27
2607 3734 2725 3788 Ioh.

427 3833 479 3894 4,
522 3831 660 3884 1-2

499 3973 532 4024 3
571 3970 621 4023 ei
659 3987 726 4024 ex
763 3987 790 4024 e
827 3975 946 4023 m.1
982 3968 1043 4022 F
1145 3972 1178 4024 6
1217 3969 1352 4022 talia
1390 3973 1504 4022 tuni
1542 3968 1761 4022 licuisse
1800 3967 1960 4022 iustis
2000 3985 2051 4020 m
2160 3967 2264 4020 hoc
2300 3965 2355 4021 R
2447 3965 2478 4018 8
2513 3964 2727 4017 exiebat

426 4059 489 4112 F
517 4063 610 4124 (m.
637 4061 714 4112 1?
750 4075 886 4112 corr.
927 4057 1198 4128 exigebat)
1238 4058 1293 4110 P
1330 4061 1417 4119 (m.
1441 4061 1481 4110 2
1519 4057 1793 4126 exigebat)
1916 4058 1948 4110 9
1986 4057 2247 4125 temporis
2285 4055 2339 4107 A
2484 4053 2604 4124 quis
2644 4071 2727 4120 m;

431 4149 496 4214 cf.
511 4163 569 4216 p.
600 4151 713 4213 116,
745 4150 826 4200 28
911 4146 972 4200 11
1015 4146 1284 4200 redditum
1328 4147 1533 4213 (altera
1558 4145 1590 4198 d
1622 4163 1740 4215 exp.
1770 4163 1837 4198 m.
1864 4143 1923 4214 2)
1950 4145 2023 4200 M
2164 4161 2267 4214 quo
2300 4143 2417 4201 edd.
2498 4143 2561 4198 12
2599 4143 2725 4196 illos

431 4253 496 4289 ex
531 4237 640 4290 illis
678 4241 797 4292 m.1
834 4235 886 4288 P
1062 4233 1454 4290 debere—illos
1493 4251 1590 4289 om.
1640 4235 1693 4286 P
1841 4235 1905 4288 14
1945 4233 2085 4288 enim
2125 4250 2227 4290 om.
2270 4237 2319 4286 Α
2473 4233 2536 4286 18
2578 4232 2725 4302 pacis

433 4325 672 4378 osculum
712 4325 831 4379 edd.
