3184 4959
488 425 621 488 426
1222 420 1273 472 S.
1332 417 1612 472 Aureli
1668 415 2110 486 Augustini

1574 611 1708 677 XO.

490 750 777 806 DOMINO
809 750 1093 805 INSIGNI
1122 749 1211 804 ΕΤ
1239 748 1517 804 MERITO
1551 747 2037 804 SUSCIPIENDO
2075 747 2344 802 FRATRI
2369 746 2788 802 AUGUSTINO

1236 836 1591 893 EPISCOPO
1629 835 2057 892 NECTARIUS.

583 965 831 1046 Quanta
878 965 965 1028 sit
1022 963 1251 1028 caritas
1306 963 1567 1045 patriae,
1628 962 1926 1045 quoniam
1991 963 2181 1040 nosti,
2245 965 2592 1044 praetereo.
2656 960 2792 1024 sola

490 1077 590 1140 est
654 1074 843 1150 enim,
914 1091 1074 1154 quae
1128 1075 1461 1152 parentum
1508 1070 1645 1134 iure
1692 1070 1910 1134 uincat
1956 1069 2277 1133 affectum.
2344 1068 2447 1132 cui
2505 1069 2561 1131 si
2617 1066 2790 1130 ullus
2853 1092 2884 1132 ⁵

491 1183 665 1246 esset
729 1178 1102 1244 consulendi
1166 1177 1397 1241 modus
1462 1181 1573 1241 aut
1635 1176 1780 1241 finis
1837 1177 2040 1251 boniS,
2098 1177 2290 1260 digne
2343 1177 2470 1240 iam
2529 1175 2607 1239 ab
2655 1175 2793 1238 eius

490 1287 860 1351 muneribus
926 1285 1277 1349 meruimus
1346 1285 1649 1348 excusari.
1717 1283 1828 1348 sed
1887 1284 2182 1366 quoniam
2243 1283 2473 1348 crescit
2526 1282 2590 1346 in
2657 1282 2792 1345 dies

488 1393 779 1479 singulos
847 1391 1121 1456 dilectus
1185 1393 1251 1455 et
1316 1392 1519 1474 gratia
1584 1391 1889 1468 ciuitatis,
1947 1392 2381 1471 quantumque
2446 1393 2620 1454 aetas
2682 1387 2792 1452 fini

487 1500 772 1583 proxima
810 1502 928 1576 est,
957 1501 1206 1562 tantum
1244 1499 1628 1562 incolumem
1669 1515 1742 1560 ac
1779 1497 2101 1560 florentem
2141 1495 2492 1576 relinquere
2524 1494 2794 1578 patriam

491 1607 690 1690 cupit,
757 1605 991 1670 idcirco
1058 1604 1303 1688 gaudeo
1370 1603 1669 1686 primum,
1729 1603 1892 1685 quod
1953 1601 2118 1684 apud
2173 1602 2559 1666 instructum
2607 1598 2794 1664 disci·
2831 1630 2886 1670 ιο

489 1712 682 1796 plinis
732 1712 1026 1777 omnibus
1074 1712 1283 1775 uirum
1332 1711 1489 1775 mihi
1545 1711 1650 1774 hic
1700 1729 1903 1776 sermo
1954 1712 2054 1773 est
2094 1708 2454 1773 institutus.
2503 1708 2566 1770 in
2616 1706 2794 1772 Cala-

489 1819 693 1884 mensi
761 1819 1007 1884 colonia
1068 1817 1274 1883 multa
1331 1820 1501 1895 sunt,
1561 1836 1722 1900 quae
1775 1817 2000 1880 merito
2059 1815 2424 1898 diligamu8‚
2470 1813 2580 1878 uel
2626 1813 2794 1895 quod

488 1925 553 1989 in
604 1945 676 1990 ea
720 1925 921 2010 geniti
968 1943 1192 1990 sumus
1240 1926 1347 1988 uel
1394 1924 1566 2008 quod
1605 1922 1810 1988 eidem
1845 1942 2078 2007 magna
2115 1922 2464 1988 contulisse
2501 1919 2798 1984 uidemur

492 2031 720 2097 officia.
786 2031 945 2096 haec
1010 2050 1182 2116 ergo,
1249 2030 1498 2096 domine
1560 2030 2110 2114 praestantissime
2175 2032 2243 2094 et
2301 2029 2528 2093 merito
2595 2027 2796 2092 susci-

489 2137 735 2220 piende,
782 2156 905 2202 non
950 2137 1083 2201 leui
1128 2136 1351 2220 populi
1398 2136 1499 2200 sui
1547 2139 1751 2202 errato
1797 2137 2095 2220 prolapsa
2139 2137 2259 2201 est.
2322 2133 2489 2216 quod
2536 2133 2793 2215 quidem
2831 2159 2886 2200 ιε»

491 2243 546 2307 si
610 2243 767 2308 iuris
834 2243 1077 2327 publici
1128 2244 1338 2328 rigore
1392 2243 1752 2322 metiamur,
1809 2242 1997 2308 debet-
2049 2242 2243 2326 plecti
2293 2242 2610 2307 seueriore
2657 2259 2796 2304 cen-

492 2369 659 2416 sura.
738 2351 848 2416 sed
915 2351 1289 2434 episcopum
1352 2351 1449 2414 fas
1513 2369 1637 2414 non
1713 2355 1814 2414 est
1883 2349 2008 2415 nisi
2087 2351 2360 2414 salutem
2430 2347 2794 2414 hominibus

490 2458 815 2540 impertire
882 2461 945 2522 et
1006 2476 1119 2540 pro
1178 2459 1351 2522 statu
1404 2456 1666 2521 meliore
1725 2457 1934 2520 causis
1991 2455 2214 2521 adesse
2273 2459 2339 2520 et
2383 2454 2550 2538 apud
2600 2455 2796 2518 omni-

678 2651 818 2703 5-6
859 2674 925 2694 =
963 2667 1016 2719 p.
1054 2649 1178 2711 427,
1221 2649 1312 2712 14;
1352 2647 1475 2710 428,
1516 2647 1786 2708 22-429,
1829 2647 1883 2710 1;
1936 2644 2044 2700 Cic.
2085 2645 2151 2700 de
2189 2663 2302 2716 rep.
2339 2645 2530 2714 fragm.
2565 2645 2641 2698 IV
2679 2645 2730 2708 7,
2761 2645 2792 2696 7

490 2739 671 2792 8-10
710 2763 777 2783 =
814 2755 869 2808 p.
908 2738 1031 2800 431,
1072 2737 1210 2790 7-9
1325 2738 1515 2805 14—p.
1555 2737 1679 2798 427,
1719 2737 1752 2789 3
1792 2759 1858 2780 =
1898 2751 1951 2804 p.
1988 2735 2111 2798 432,
2155 2735 2315 2798 1-6;
2359 2734 2570 2788 13-15

706 2861 783 2916 M
816 2886 883 2908 ==
920 2861 1039 2916 cod.
1079 2860 1438 2915 Monacensis
1482 2861 1644 2912 6266
1679 2875 1721 2912 s.
1761 2859 1834 2910 X.

704 2949 765 3004 F
815 2974 885 2996 ==
924 2949 1042 3005 cod.
1082 2948 1522 3018 Salisburyensis
1558 2949 1621 3000 X
1656 2950 1737 3001 29
1771 2965 1816 3002 ε.
1855 2946 2096 3000 X-XI.

704 3040 758 3092 A
812 3063 879 3084 =
918 3039 1035 3092 cod.
1076 3035 1697 3106 Auvdomaropozitanus
1739 3039 1832 3096 76.
1875 3041 1928 3100 8,
1965 3038 2000 3088 9
2035 3051 2079 3090 8.
2118 3035 2361 3089 ..Y—XI.

707 3127 764 3180 P
808 3152 879 3174 =
916 3127 1031 3180 cod.
1071 3126 1374 3180 Parisinus
1406 3142 1538 3180 nou.
1580 3141 1696 3195 acq.
1735 3129 1890 3178 1444
1926 3139 1969 3178 8.
2008 3123 2119 3178 XI.

700 3217 757 3271 R
816 3241 883 3262 =
922 3215 1037 3270 cod.
1075 3214 1226 3272 Mus.
1264 3215 1412 3268 Brit.
1450 3215 1582 3284 Rey.
1630 3217 1664 3266 5
1699 3215 1760 3268 D
1805 3213 1896 3267 VI
1923 3231 1966 3266 s.
2005 3213 2322 3267 XI—XII.

702 3305 771 3358 K
814 3329 881 3351 =
920 3304 1036 3359 cod.
1082 3303 1401 3358 Casinensis
1435 3302 1583 3358 232¹
1616 3321 1658 3356 s.
1701 3301 1846 3355 XII.

562 3433 595 3482 2
634 3428 980 3500 suspiciendo
1010 3428 1079 3480 M
1115 3431 1274 3487 (corr.
1312 3445 1379 3480 m.
1402 3431 1433 3480 1
1470 3425 1834 3497 suscipiendo)
1863 3425 1948 3478 P·
2023 3427 2055 3480 3
2096 3427 2414 3495 coepiscopo
2438 3425 2494 3480 R
2600 3425 2634 3477 4
2665 3430 2797 3493 post

491 3518 689 3572 caritas
726 3519 790 3570 in
818 3519 938 3588 fine
972 3535 1028 3574 u.
1066 3533 1179 3570 ras.
1215 3520 1365 3572 2—3
1404 3516 1437 3569 l.
1476 3515 1532 3569 P
1683 3518 1716 3570 5
1754 3515 1956 3578 uincat‚
1994 3514 2092 3568 sed
2126 3531 2159 3568 a
2195 3530 2261 3568 ex
2296 3529 2434 3568 corr.
2475 3511 2689 3583 (m.1.2)
2727 3513 2800 3567 M

564 3607 817 3660 affectum
854 3606 1016 3660 aliter
1053 3608 1137 3660 cui
1175 3607 1221 3659 si
1259 3605 1402 3659 ullus
1442 3607 1587 3658 esset
1625 3603 1942 3658 consulendi
1967 3602 2159 3656 modus
2190 3603 2341 3656 cuius
2379 3603 2424 3656 si
2463 3603 2628 3656 ullius
2666 3619 2793 3656 con-

488 3694 703 3749 sulendi
740 3695 932 3748 modus
973 3698 1067 3748 aut
1101 3695 1223 3748 finis
1250 3693 1307 3749 R
1418 3694 1505 3748 cui
1542 3694 1589 3746 si
1629 3693 1794 3762 ullus]
1837 3693 1985 3746 cuius
2023 3692 2070 3745 si
2105 3691 2248 3746 ullus
2276 3693 2331 3744 A
2369 3692 2522 3746 cuius
2551 3691 2698 3745 illius
2723 3691 2802 3744 M
2881 3699 2892 3706 ”

492 3785 525 3836 6
564 3783 879 3838 consulendi
915 3785 957 3854 (i
996 3799 1062 3838 ex
1098 3799 1235 3838 corr.
1274 3801 1344 3836 m.
1368 3787 1429 3851 2)
1465 3783 1541 3837 M
1634 3783 1667 3837 8
1707 3781 1928 3835 dilectio
1965 3781 2032 3836 K
2066 3781 2187 3834 edd.
2215 3787 2500 3849 praetera
2598 3781 2631 3834 9
2668 3797 2794 3849 pro-

490 3872 653 3940 xima,
689 3889 757 3926 m.
780 3878 811 3927 1
844 3889 1021 3941 supra
1055 3873 1082 3926 l
1116 3873 1291 3942 prima
1326 3871 1383 3926 R
1567 3872 1636 3926 10
1681 3871 1926 3941 cupimus
1965 3870 2086 3923 edd.
2126 3876 2423 3938 praeterm
2605 3869 2667 3922 11
2710 3873 2798 3922 est

492 3978 665 4014 sermo
706 3961 827 4016 edd.
1013 3962 1077 4016 13
1128 3962 1342 4030 geniti,
1388 3964 1517 4017 m.2
1554 3959 1777 4031 genilti
1811 3961 1866 4014 A
2081 3959 2360 4012 uideamur
2407 3957 2700 4012 contulisse
2733 3957 2792 4011 R

494 4052 560 4104 14
600 4050 943 4120 suspiciende
980 4051 1035 4103 P
1144 4052 1208 4104 15
1246 4049 1369 4103 leue
1408 4049 1467 4102 F
1607 4052 1862 4102 erratum
2008 4047 2169 4116 quod,
2207 4063 2275 4100 m.
2298 4052 2328 4099 1
2363 4063 2541 4116 supra
2567 4047 2594 4098 -l
2623 4045 2710 4100 uel
2736 4045 2796 4100 R

495 4141 561 4193 16
600 4140 780 4209 rigore
816 4138 1122 4208 metiamur]
1161 4139 1341 4207 rigore
1382 4143 1527 4202 (m.2
1560 4155 1743 4206 supra
1779 4136 2262 4206 metiaris)jetiam
2299 4136 2355 4188 P
2523 4135 2792 4189 seueriore

490 4228 573 4297 (se
613 4229 714 4280 del.
754 4227 895 4294 uid.)
934 4226 1009 4280 M
1041 4225 1301 4280 seuerior-i
1342 4225 1465 4280 edd.
1578 4227 1644 4279 17
1683 4242 1792 4279 non
1829 4225 1912 4278 fas
1939 4225 1995 4279 R
2107 4225 2172 4278 18
2211 4224 2490 4294 impertire
2527 4240 2650 4278 cum
2676 4239 2792 4278 ras.

488 4317 647 4384 infra
678 4322 853 4384 postr.
892 4316 928 4368 l.
969 4321 1019 4368 et
1054 4331 1229 4384 supra
1266 4314 1320 4368 P
1353 4314 1602 4384 inpertiri
1640 4314 1694 4367 A
1840 4317 2015 4367 stratu
2056 4317 2105 4378 (r
2141 4331 2262 4380 exp.
2301 4329 2368 4370 m.
2391 4313 2446 4382 2)
2484 4313 2558 4366 M
