3184 4959
489 475 614 540 114
1185 473 1239 527 S.
1295 473 1570 526 Aureli
1628 473 2065 544 Augustini

488 669 858 752 episcopum
895 667 1146 732 nomine
1183 667 1299 732 illo
1337 667 1774 751 accipiendum
1816 687 1976 745 esse,
2017 669 2266 752 quando
2306 687 2385 734 ne
2420 669 2486 733 id
2526 669 2779 752 quidem

485 774 749 858 probare
795 776 1037 857 posset,
1083 776 1302 838 utrum
1350 773 1429 838 ad
1474 773 1914 838 Africanarum
1962 773 2324 856 specialiter
2370 776 2779 841 ecclesiarum

489 882 823 964 episcopos
877 881 1027 945 illae
1079 880 1334 946 litterae
1388 880 1625 945 missae
1678 880 1934 944 fuerint.
1995 900 2377 963 quamquam
2434 882 2599 946 enim
2656 883 2781 948 Do-

487 990 620 1054 nati
664 1007 892 1054 nomen
938 987 1164 1052 Afrum
1213 1005 1354 1052 esse
1402 987 1624 1064 soleat,
1673 1005 1795 1051 non
1842 991 2053 1051 tamen
2100 992 2483 1072 repugnaret
2526 1009 2563 1053 a
2607 1009 2779 1069 uero,

487 1097 562 1160 ut
621 1094 729 1159 uel
790 1094 1068 1177 partium
1133 1093 1388 1158 illarum
1453 1093 1686 1176 aliquis
1752 1096 2087 1158 uocaretur
2147 1093 2299 1159 Afro
2363 1095 2613 1162 nomine
2678 1097 2782 1162 uel
2840 1125 2867 1164 ⁵

489 1201 721 1284 aliquis
766 1201 920 1266 Afer
963 1201 1026 1265 in
1076 1200 1204 1266 illis
1263 1199 1552 1284 partibus
1613 1199 2108 1266 constitueretur
2160 1201 2518 1286 episeopus.
2581 1222 2783 1286 neque

490 1307 658 1371 enim
730 1306 794 1370 in
867 1307 960 1372 eis
1034 1308 1143 1371 uel
1200 1307 1367 1371 diem
1423 1308 1530 1371 uel
1587 1307 1911 1371 consulem
1968 1307 2355 1386 inuenimus,
2420 1311 2495 1372 ut
2558 1310 2785 1374 saltem

491 1413 905 1479 consideratis
960 1413 1356 1498 temporibus
1414 1413 1568 1478 certi
1624 1413 1865 1496 aliquid
1922 1413 2220 1478 eluceret.
2278 1435 2425 1480 sane
2490 1415 2784 1497 quoniam

489 1521 704 1588 nescio
788 1521 1034 1603 quando
1121 1521 1523 1586 audieramus
1608 1520 1939 1599 ArrianOS,
2026 1539 2173 1584 cum
2246 1541 2284 1586 a
2347 1522 2785 1587 communione

491 1627 806 1694 catholiea
887 1627 1374 1712 discrepassent,
1458 1627 1829 1692 Donatistas
1909 1626 1974 1690 in
2056 1627 2269 1692 Africa
2350 1628 2475 1693 sibi
2548 1629 2785 1694 sociare
2826 1659 2877 1699 10

491 1737 862 1818 temptasse,
929 1734 1008 1799 ad
1072 1753 1286 1800 aurem
1354 1733 1512 1799 mihi
1577 1733 1700 1798 hoc
1762 1734 1975 1815 ipsum
2041 1733 2234 1798 frater
2313 1734 2584 1817 Alypius
2641 1755 2786 1820 sug-

496 1841 718 1926 gessit.
782 1843 936 1904 tunc
993 1844 1254 1924 accepto
1309 1841 1450 1923 ipso
1507 1840 1835 1906 uolumine
1896 1839 2181 1905 eiusdem
2239 1842 2493 1906 concilii
2548 1845 2789 1907 statuta

495 1947 900 2014 considerans
957 1948 1086 2032 legi
1141 1948 1562 2012 Athanasium
1622 1947 1994 2030 episcopum
2039 1945 2531 2013 Alexandrinum
2577 1950 2789 2014 catho-

492 2054 712 2133 licum,
763 2054 946 2120 cuius
995 2054 1264 2118 maxime
1312 2052 1620 2118 aduersus
1668 2053 1967 2118 Arrianos
2015 2054 2461 2120 acerrimarum
2508 2056 2791 2141 disputa-

491 2161 738 2226 tionum
823 2160 1154 2225 conflictus
1239 2159 1525 2238 eminuit,
1612 2162 1675 2224 et
1752 2159 1990 2224 Iulium
2074 2160 2380 2226 ecclesiae
2468 2161 2789 2227 Romanae
2830 2193 2881 2232 15

496 2267 865 2351 episcopum
930 2265 1131 2331 nihilo
1197 2265 1408 2330 minus
1475 2265 1865 2330 catholicum
1929 2265 2041 2331 illo
2108 2266 2373 2332 concilio
2436 2266 2791 2332 Serdicensi

493 2374 697 2438 fuisse
744 2373 1132 2456 inprobatos.
1200 2372 1367 2437 unde
1417 2372 1585 2456 apud
1634 2392 1751 2437 nos
1799 2371 2089 2438 constitit
2132 2373 2541 2438 Arrianorum
2588 2374 2791 2439 fuisse

497 2480 859 2558 concilium,
953 2479 1186 2562 quibus
1278 2478 1390 2544 isti
1483 2479 1768 2563 episcopi
1852 2479 2151 2544 catholici
2232 2480 2791 2546 uehementissime

493 2587 894 2653 resistebant.
962 2587 1176 2668 itaque
1237 2585 1315 2651 ad
1372 2585 1840 2670 diligentiorem
1898 2585 2090 2650 etiam
2144 2589 2501 2670 temporum
2553 2587 2793 2652 discus-

497 2695 736 2760 sionem
794 2693 1121 2759 uoluimus
1177 2693 1392 2776 ipsum
1447 2691 1750 2758 uolumen
1808 2691 2090 2776 accipere
2150 2695 2341 2776 atque
2397 2695 2641 2759 auferre
2688 2712 2793 2758 no·
2830 2727 2887 2768 20

496 2802 766 2867 biseum.
825 2801 934 2884 qui
987 2800 1195 2866 noluit
1249 2800 1396 2864 dare
1452 2798 1667 2864 dicens
1722 2799 1813 2864 ibi
1867 2818 1983 2864 nos
2042 2799 2271 2864 habere
2315 2800 2499 2880 illud,
2548 2801 2795 2885 quando

499 2906 742 2990 aliquid
806 2907 870 2970 in
939 2925 1012 2971 eo
1081 2905 1475 2971 considerare
1531 2905 1871 2970 uellemuS.
1926 2905 2149 2991 rogaui
2208 2907 2420 2985 etiam,
2478 2911 2551 2972 ut
2604 2927 2794 2973 manu

498 3033 640 3078 mea
691 3012 897 3077 notari
952 3012 1366 3096 permitteret,
1422 3011 1646 3090 fateor,
1704 3011 1960 3090 timens,
2018 3031 2095 3077 ne
2150 3013 2308 3077 mihi
2362 3015 2546 3094 forte,
2603 3034 2796 3079 causa

501 3119 790 3204 exigente
863 3137 1008 3184 cum
1083 3119 1426 3202 petendum
1503 3123 1694 3197 esset,
1772 3138 1882 3202 pro
1956 3119 2069 3184 illo
2144 3119 2321 3185 aliud
2391 3121 2793 3204 proferretur.

501 3245 705 3306 neque
753 3225 875 3290 hoc
921 3225 1152 3292 uoluit.
2832 3252 2885 3292 25

321 3339 412 3404 IV
445 3340 479 3403 7
593 3332 836 3397 Deinde
895 3332 1055 3396 mihi
1123 3331 1332 3416 coepit
1392 3333 1652 3410 instare,
1720 3335 1793 3396 ut
1857 3331 1937 3396 ad
1998 3332 2554 3417 interrogationem
2614 3353 2795 3399 suam

502 3440 783 3504 breuiter
835 3439 1299 3522 responderem,
1352 3459 1659 3522 quaerens
1708 3460 1743 3504 a
1790 3457 1913 3518 me,
1962 3458 2149 3521 quem
2196 3439 2441 3505 iustum
2484 3443 2793 3522 putarem,

579 3681 604 3734 1
648 3683 1018 3750 episcoporum
1057 3684 1110 3736 A
1219 3684 1253 3736 4
1291 3699 1324 3735 a
1361 3683 1476 3734 uiro
1513 3681 1576 3734 F
1689 3683 1720 3736 5
1760 3681 1958 3751 aliquis
1997 3681 2110 3734 afer
2147 3681 2203 3734 111
2242 3681 2351 3735 inis
2388 3682 2635 3752 partibus
2674 3700 2797 3737 con·

504 3769 824 3823 stitueretur
869 3771 1153 3840 episcopus
1201 3770 1289 3824 uel
1337 3770 1535 3839 aliquis
1583 3775 1871 3823 uocaretur
1918 3769 2032 3823 afro
2080 3771 2298 3824 nomine
2343 3787 2518 3841 neque
2564 3773 2703 3825 enim
2744 3771 2805 3825 F

577 3858 791 3912 nomine
829 3859 960 3911 Afro
1001 3859 1120 3913 edd.
1195 3861 1229 3913 6
1267 3860 1465 3928 neque]
1504 3876 1570 3912 ne
1610 3859 1684 3911 M
1751 3859 1784 3912 8
1823 3858 2031 3927 aliquid
2072 3859 2126 3926 (d
2164 3860 2227 3912 in
2262 3875 2376 3915 rae.
2414 3865 2554 3926 m.1)
2591 3860 2799 3914 luceret

505 3947 580 4000 M
613 3946 820 4016 aliquid
858 3946 1132 4001 deluceret
1169 3946 1277 4000 FA
1427 3947 1492 4001 10
1530 3947 1726 4002 africes
1763 3947 1824 4001 F
1963 3947 2069 4000 sibi
2106 3965 2207 4002 om.
2245 3949 2321 4002 M
2462 3949 2527 4002 12
2568 3949 2797 4011 consilii,

507 4051 574 4092 m.
596 4039 634 4088 2
672 4035 886 4089 concilii
923 4035 998 4088 M
1086 4036 1149 4088 13
1188 4036 1328 4104 legit
1362 4035 1436 4088 M
1471 4039 1519 4100 (t
1556 4053 1676 4103 exp.
1714 4053 1782 4089 m.
1806 4038 1865 4092 2)
1902 4035 2122 4089 FAPR
2144 4053 2227 4088 ae
2322 4037 2387 4090 14
2426 4036 2714 4089 acerrimus
2742 4035 2797 4090 R

512 4126 576 4179 15
615 4124 836 4177 emicuit
871 4123 1002 4176 ΜΡ
1137 4141 1318 4178 romae
1355 4123 1416 4177 F
1549 4125 1613 4177 16
1651 4123 1788 4177 nihil
1822 4123 2077 4177 hominus
2114 4123 2245 4178 MF
2279 4129 2446 4194 (post.
2488 4125 2521 4177 h
2562 4131 2705 4193 exp.)
2744 4126 2799 4177 A

507 4211 646 4265 nihil
695 4210 948 4274 hominis,
997 4215 1130 4265 m.2
1177 4211 1532 4265 nihilominus
1580 4213 1637 4265 P
1860 4211 2164 4266 serdicense
2214 4213 2275 4267 F
2320 4213 2627 4268 Sardicensi
2676 4213 2797 4266 edd.

513 4301 580 4354 17
617 4300 904 4353 constituit
938 4299 1002 4354 F
1122 4301 1188 4354 19
1228 4299 1296 4354 ad
1335 4301 1762 4370 diligentiorem]
1803 4299 2187 4371 adiligentiore
2224 4303 2295 4356 M
2411 4303 2481 4357 20
2519 4301 2708 4355 afferre
2746 4301 2801 4354 R

509 4390 580 4442 24
615 4386 918 4458 proferetur
952 4389 1076 4442 MA
