3184 4959
62 849 158 913 lV
190 849 275 911 30

1082 445 1608 513 epistularum
1663 445 1930 501 LXXXII.
2533 453 2658 515 381

369 639 518 722 quia
590 658 730 703 esse
802 639 1140 721 potuisset,
1217 646 1543 723 tamquam
1624 643 1732 726 qui
1809 663 1876 706 se
1942 644 2262 709 hominem
2331 646 2662 730 cogitaret,

370 746 713 811 omnibus
764 747 1014 810 omnia
1058 745 1307 813 factus
1357 751 1491 826 est,
1544 753 1628 814 ut
1675 769 1926 814 omnes
1972 751 2490 818 lucrifaceret.

457 854 545 918 Te
590 851 825 934 ipsum,
875 851 930 914 si
967 852 1195 934 placet,
1234 851 1495 919 obsecro
1535 857 1618 932 te,
1657 855 1982 938 paulisper
2017 855 2284 934 intuere,
2323 861 2388 922 te
2424 857 2660 942 ipsum,

366 960 643 1042 inquam,
710 980 859 1046 erga
922 981 1022 1026 me
1086 962 1301 1044 ipsum
1358 966 1423 1026 et
1476 963 1685 1028 recole
1741 964 1866 1040 uel,
1927 963 1980 1026 si
2039 961 2234 1028 habes
2283 966 2662 1050 conscripta,

300 1093 325 1128 τ,
362 1068 573 1152 relege
646 1070 843 1134 uerba
914 1071 1027 1133 tua
1087 1069 1149 1133 in
1213 1069 1329 1133 illa
1392 1068 1688 1152 epistula,
1755 1087 1942 1152 quam
2007 1069 2164 1134 mihi
2227 1090 2342 1153 per
2401 1073 2660 1138 fratrem

275 1627 325 1664 10

268 2161 321 2202 15

363 1179 651 1242 nostrum
715 1177 841 1241 iam
907 1177 1217 1260 collegam
1272 1195 1485 1240 meum
1544 1175 1926 1258 cyprianum
1983 1176 2334 1243 breuiorem
2401 1180 2658 1250 misisti.

364 1301 555 1366 quam
608 1283 839 1361 ueraci,
908 1303 1097 1366 quam
1162 1301 1479 1366 germano,
1548 1301 1739 1364 quam
1801 1284 1990 1366 pleno
2059 1283 2341 1349 caritatis
2407 1285 2655 1355 affectu.

364 1409 509 1454 cum
574 1389 883 1472 quaedam
947 1409 1047 1454 me
1113 1388 1175 1452 in
1243 1391 1306 1454 te
1372 1389 1772 1454 commisisse
1829 1389 2320 1472 expostulasseS‚
2379 1393 2660 1475 grauiter

364 1496 775 1562 subiunxisti:
840 1495 931 1560 ‘In
998 1496 1117 1560 hoc
1181 1496 1455 1560 laeditur
1511 1495 1811 1575 amicitia,
1867 1496 1930 1561 in
1986 1498 2106 1563 hoc
2164 1499 2659 1564 necessitudinis

360 1605 499 1668 iura
560 1603 910 1678 molentun
978 1622 1053 1666 ne
1116 1603 1451 1666 uideamur
1514 1605 1752 1666 certare
1809 1604 2136 1686 pueriliter
2191 1609 2256 1670 et
2299 1587 2698 1670 fautoribus·

360 1711 635 1776 inuicem
698 1711 805 1776 uel
871 1709 1333 1774 detractoribus
1397 1709 1632 1774 nostris
1689 1709 1964 1774 tribuere
2021 1712 2346 1776 materiam
2405 1716 2656 1777 conten-

363 1817 589 1882 dendi’.
656 1818 813 1882 haec
877 1818 989 1881 abs
1046 1821 1109 1882 te
1166 1817 1359 1880 uerba
1412 1835 1532 1880 non
1591 1818 1800 1881 solum
1859 1837 1930 1882 ex
1977 1817 2182 1882 animo
2232 1819 2403 1883 dicta
2449 1820 2657 1884 sentio

360 1945 582 1989 uerum
641 1925 831 1988 etiam
887 1925 1157 2008 benigno
1216 1924 1420 1989 animo
1478 1923 1557 1988 ad
1623 1923 2074 1988 consulendum
2141 1926 2318 1990 mihi.
2385 1925 2656 2008 denique

360 2031 562 2110 addis,
612 2033 801 2114 quod,
850 2033 1039 2096 etiam
1090 2031 1147 2096 si
1192 2051 1313 2096 non
1364 2030 1646 2106 addereS,
1697 2036 2046 2114 appareret,
2097 2035 2162 2096 et
2208 2032 2393 2096 dicis:
2459 2034 2654 2098 ‘Haec

360 2138 586 2217 scribe,
627 2139 777 2222 quia
822 2143 885 2203 te
932 2157 1085 2222 pure
1134 2141 1199 2202 et
1237 2138 1591 2203 Christiane
1632 2137 1894 2221 diligere
1933 2139 2120 2220 cupio
2158 2158 2272 2204 nec
2312 2139 2652 2222 quicquam

356 2246 421 2310 in
485 2266 625 2310 mea
688 2249 899 2310 mente
964 2246 1253 2323 retinere,
1323 2245 1489 2326 quod
1558 2243 1754 2308 distet
1809 2264 1846 2308 a
1899 2244 2129 2309 labiis'.
2189 2265 2224 2310 o
2281 2247 2382 2310 uir
2436 2251 2656 2310 sancte

357 2353 658 2435 mihique,
716 2357 789 2417 ut
848 2353 1003 2417 deus
1058 2351 1237 2416 uidet
1292 2352 1563 2415 animam
1621 2371 1851 2428 meam,
1907 2351 2114 2416 ueraci
2165 2352 2348 2416 corde
2396 2351 2645 2429 dilecte,

357 2459 477 2524 hoc
522 2459 755 2542 ipsum,
807 2459 975 2542 quod
1022 2459 1297 2542 posuisti
1344 2459 1406 2521 in
1454 2458 1690 2522 litteris
1741 2458 1890 2534 tuis,
1944 2457 2111 2540 quod
2158 2461 2220 2522 te
2271 2459 2428 2522 mihi
2483 2459 2652 2524 exhi-

356 2565 573 2631 buisse
645 2585 767 2630 non
843 2566 1087 2642 dubito,
1160 2565 1281 2629 hoc
1354 2564 1566 2647 ipsum
1635 2565 1886 2628 omnino
1951 2565 2224 2628 Paulum
2290 2565 2648 2646 apostolum

264 2697 304 2734 21
358 2671 540 2737 credo
598 2672 957 2736 exhibuisse
1013 2671 1076 2736 in
1132 2671 1363 2736 litteris
1422 2670 1556 2734 suis
1615 2690 1737 2737 non
1788 2671 1896 2735 uni
1943 2669 2208 2734 cuilibet
2252 2670 2491 2735 homini
2539 2671 2654 2736 sed

358 2778 609 2842 Iudaeis
675 2782 739 2842 et
798 2777 1053 2843 Graecis
1121 2781 1185 2842 et
1250 2778 1542 2842 omnibus
1611 2777 1905 2861 gentibus
1959 2777 2110 2840 filiis
2167 2777 2322 2853 suis,
2382 2797 2538 2859 quos
2587 2777 2647 2841 in

357 2887 683 2971 euangelio
752 2889 1055 2968 genuerat
1117 2889 1181 2949 et
1237 2903 1397 2966 quos
1450 2883 1786 2966 pariendos
1844 2883 2256 2966 parturiebat,
2317 2887 2380 2948 et
2427 2883 2650 2948 deinde

356 2997 752 3075 posterorum
809 2994 905 3056 tot
959 2991 1221 3056 milibus
1276 2990 1557 3055 fidelium
1620 2989 2141 3068 Christianorum,
2191 2993 2445 3074 propter
2489 3009 2650 3072 quos

534 3274 566 3326 2
604 3273 629 3326 Ι
670 3273 789 3328 Cor.
829 3273 879 3334 9,
921 3273 988 3325 22
1190 3271 1365 3324 9-12
1405 3275 1460 3324 et
1500 3271 1711 3324 14—16
1753 3295 1818 3315 =
1861 3288 1910 3340 p.
1951 3271 2071 3328 260.
2113 3271 2253 3324 2—7
2418 3272 2481 3324 ‘21
2527 3269 2646 3324 Gal.

354 3365 407 3419 4.
450 3363 513 3415 19

431 3555 456 3608 1
499 3561 643 3609 esset
678 3554 949 3624 potuisset
984 3553 1039 3606 P
1171 3555 1202 3606 2
1241 3552 1565 3606 lucrificaret
1603 3551 1730 3605 AP¹
1872 3554 1903 3606 3
1942 3556 1998 3605 te
2038 3551 2236 3620 ipsum]
2277 3555 2332 3605 et
2367 3552 2544 3621 ipsum
2584 3553 2650 3605 H

426 3644 645 3699 obsecro
674 3643 749 3711 te]
785 3643 1003 3695 obsecro
1034 3646 1096 3695 ut
1132 3641 1198 3696 H
1264 3643 1299 3696 4
1339 3657 1467 3710 erga
1494 3658 1579 3694 me
1609 3641 1784 3710 ipsum
1814 3657 1916 3695 om.
1948 3637 2052 3693 HI
2153 3641 2261 3708 me]
2293 3645 2494 3694 memet
2522 3641 2644 3694 edd.

354 3737 386 3788 5
408 3734 645 3804 epistula
662 3749 763 3787 om.
785 3731 891 3786 HI
964 3733 999 3784 6
1026 3732 1287 3800 nostrum]
1308 3747 1485 3784 meum
1506 3731 1573 3784 H
1675 3730 1980 3784 brebiorem
2002 3730 2044 3783 I
2063 3729 2365 3783 brebiorem
2385 3747 2562 3784 meum
2583 3731 2650 3782 H

354 3823 387 3876 8
425 3822 669 3892 grabiter
702 3821 743 3874 Ι
849 3821 915 3875 10
951 3820 1377 3889 ne—pueriliter
1413 3835 1517 3873 om.
1556 3818 1598 3870 I
1733 3818 2070 3872 sanctoribus
2107 3818 2211 3871 HI
2241 3816 2556 3872 fauuoribus
2591 3819 2648 3871 ‘P

358 3911 416 3964 11
458 3909 715 3964 contendi
753 3910 807 3962 A
918 3911 983 3963 13
1022 3910 1201 3962 animo
1238 3925 1339 3962 om.
1384 3907 1417 3960 I
1525 3909 1590 3961 14
1630 3911 1920 3977 appararet
1954 3907 2021 3960 H
2121 3908 2186 3961 15
2217 3909 2327 3978 qui,
2358 3923 2494 3961 corr.
2523 3923 2592 3959 m.
2615 3911 2644 3960 1

353 4000 483 4070 quia
516 4000 592 4054 M
786 3998 913 4068 quia
946 4014 1077 4067 pure
1116 4001 1173 4050 et
1210 3997 1501 4051 christiane
1542 3996 1772 4066 diligere
1809 4001 1865 4050 te
1905 3997 2024 4050 edd.
2227 3997 2510 4066 quisquam
2548 3996 2650 4050 HI

357 4090 423 4144 16
456 4091 641 4144 mente
678 4105 803 4142 mea
836 4087 892 4142 R
1054 4087 1240 4150 distet,
1278 4086 1341 4139 in
1376 4103 1547 4154 marq.
1586 4091 1806 4155 separet
1842 4087 1877 4139 1
1913 4085 2085 4139 distat
2121 4084 2188 4138 H
2346 4085 2411 4137 ab
2451 4083 2573 4138 aliis
2611 4085 2652 4136 I

424 4178 763 4232 sanctissime
802 4178 854 4229 A
1013 4177 1076 4230 17
1114 4175 1248 4228 mihi
1288 4180 1411 4241 (om.
1452 4179 1577 4243 que)
1618 4176 1659 4228 Ι
1808 4175 1872 4228 19
1911 4174 2218 4244 apostolum
2256 4173 2484 4227 Paulum
2523 4173 2642 4226 edd.

353 4267 423 4322 20
457 4266 751 4321 non—suis
792 4283 911 4328 om„
950 4271 1070 4321 m.1
1107 4281 1149 4318 s.
1191 4281 1243 4317 u.
1284 4265 1414 4318 add.
1454 4263 1526 4316 M
1669 4261 2102 4332 unicuiquelibet
2139 4263 2204 4316 H
2379 4262 2447 4314 22
2485 4265 2642 4315 tenu·

352 4359 471 4410 erat
506 4355 567 4410 H
714 4354 1024 4424 pariendos]
1062 4352 1434 4423 parturiendos
1478 4352 1664 4404 HPM
1769 4353 1838 4404 23
1875 4354 2186 4420 posteorum
2223 4350 2262 4402 1
2401 4349 2544 4419 quod
2583 4350 2642 4402 H
