3184 4959
1187 453 1717 524 epistularum
1772 451 1966 506 XLIII.
2632 457 2709 520 91

417 653 670 716 frenata
717 649 1176 732 comprimeret,
1227 648 1280 712 si
1330 648 1594 713 diceret:
1654 647 1944 722 ‘Videtis,
1991 649 2238 725 fratreS,
2286 651 2433 730 post
2476 651 2717 712 tantam

421 765 706 840 stragem
769 756 1228 838 persecutionis
1293 755 1729 820 misericordia
1783 754 1884 818 dei
1940 774 1976 819 a
2029 754 2422 837 principibus
2480 754 2719 819 saeculi

421 883 646 947 pacem
678 883 820 928 csse
857 881 1252 936 concessam3
1293 881 1414 926 non
1455 861 1761 925 debemus
1798 881 1915 926 nos
1956 861 2297 926 Christiani
2336 865 2401 925 et
2438 861 2719 944 episcopi

423 971 738 1034 unitatem
807 969 1198 1052 disrumpere
1263 968 1711 1045 Christianam,
1780 988 1969 1050 quam
2035 969 2159 1033 iam
2238 987 2522 1052 paganus
2598 985 2718 1032 non

353 1101 382 1138 5
423 1077 787 1160 insequitur
857 1076 1174 1140 inimicus,
1250 1077 1464 1158 itaque
1538 1079 1651 1140 aut
1722 1076 1879 1140 istas
1957 1095 2174 1141 omnes
2248 1093 2494 1150 causas,
2562 1093 2719 1156 quas

423 1183 639 1248 clades
698 1183 1238 1248 turbulentissimi
1294 1184 1599 1266 temporis
1663 1183 1891 1247 inflixit
1954 1184 2278 1250 ecclesiae.
2346 1181 2461 1246 deo
2527 1181 2721 1258 iudici

425 1291 830 1355 dimittamus
896 1295 1025 1363 aut,
1095 1291 1150 1354 si
1215 1290 1410 1371 aliqui
1467 1291 1528 1354 in
1586 1289 1773 1354 uobis
1831 1292 1999 1366 sunt,
2058 1291 2169 1372 qui
2226 1293 2396 1354 certa
2450 1289 2719 1354 istorum

425 1399 692 1462 crimina
739 1398 832 1460 ita·
873 1398 1183 1474 nouerint,
1233 1401 1307 1461 ut-
1352 1416 1426 1461 ea
1471 1397 1657 1461 facile
1705 1397 1959 1461 ualeant
1996 1397 2255 1462 edocere
2292 1399 2721 1480 negantesque

427 1505 824 1581 conuincere,
893 1508 957 1568 et
1019 1503 1258 1568 talibus
1331 1503 1795 1568 communicare
1870 1504 2230 1580 formidant,
2304 1505 2573 1586 pergant
2646 1501 2723 1566 ad

333 1637 386 1674 ιο
427 1613 654 1676 fratres
721 1614 785 1674 et
851 1611 1128 1694 collegas
1195 1613 1446 1676 nostros
1511 1612 2073 1675 transmarinarum
2130 1610 2539 1675 ecclesiarum
2597 1609 2725 1692 epi-

429 1737 660 1800 scopos
719 1720 786 1781 et
839 1717 928 1782 ibi
984 1718 1160 1800 prius
1218 1717 1294 1781 de
1341 1719 1611 1782 istorum
1660 1718 1845 1783 factis
1896 1721 1960 1782 et
2006 1716 2408 1782 contumacia
2454 1735 2725 1798 conque-

424 1829 668 1902 rantur,
745 1826 914 1907 quod
989 1825 1066 1890 ad
1143 1825 1450 1890 iudicium
1527 1825 1915 1909 collegarum
1985 1825 2280 1889 Afrorum
2354 1825 2519 1888 male
2604 1823 2726 1886 sibi

429 1932 670 1997 conscii
717 1931 934 1995 uenire
982 1930 1338 2009 noluerunt,
1387 1934 1462 1996 ut
1505 1931 1652 1996 inde
1697 1930 1827 1996 illis
1877 1930 2299 2004 denuntietur,
2344 1932 2423 1992 ut
2467 1929 2728 1993 ueniant

428 2039 646 2121 ibique
704 2038 974 2104 obiectis
1028 2038 1467 2121 respondeant.
1537 2037 1707 2121 quod
1764 2038 1819 2102 si
1872 2055 1995 2102 non
2050 2036 2332 2114 fecerint,
2389 2035 2479 2100 ibi
2537 2035 2727 2100 etiam

338 2169 392 2209 ιε,
431 2165 652 2212 eorum
707 2145 992 2227 prauitas
1051 2146 1115 2208 et
1160 2145 1546 2227 peruersitas
1594 2145 1951 2210 innotescet
1995 2145 2319 2227 missaque
2362 2141 2729 2207 tractatoria

430 2272 623 2336 super
679 2271 900 2316 eorum
953 2251 1204 2317 nomine
1258 2270 1369 2334 per
1423 2255 1631 2315 totum
1692 2251 1905 2316 orbem
1952 2255 2281 2328 terrarum,
2330 2266 2729 2333 quacumque

429 2361 556 2424 iam
607 2357 846 2424 Christi
892 2358 1166 2422 ecclesia
1213 2358 1475 2422 dilatata
1523 2361 1643 2435 est,
1691 2358 1767 2422 ab
1818 2359 2109 2423 omnibus
2168 2357 2454 2422 ecclesiis
2510 2375 2729 2420 eorum

433 2465 798 2530 communio
854 2462 1272 2547 praecidetur,
1329 2483 1406 2528 ne
1463 2465 1697 2547 aliquis
1748 2483 1917 2528 error
1960 2465 2023 2528 in
2074 2463 2371 2528 cathedra
2418 2461 2725 2527 ecclesiae

435 2571 840 2655 Carthaginis
925 2571 1181 2636 oriatur.
1265 2575 1406 2636 tum
1473 2571 1729 2636 demum
1796 2571 2003 2636 securi
2076 2570 2444 2652 episcopum
2530 2569 2725 2632 alium

339 2701 396 2741 20
434 2679 604 2762 plebi
654 2677 1056 2762 Carthaginis
1102 2676 1551 2754 ordinabimus,
1602 2695 1747 2742 cnm
1797 2695 1833 2740 a
1868 2679 2006 2740 tota
2042 2677 2311 2741 ecclesia
2346 2676 2457 2740 isti
2492 2677 2729 2740 fuerint

436 2786 730 2870 separati,
789 2804 864 2849 ne
921 2785 1102 2861 forte,
1163 2803 1306 2848 cum
1365 2785 1526 2848 alius
1583 2784 1771 2848 modo
1830 2783 2021 2848 fuerit
2075 2784 2421 2862 ordinaturi,
2480 2801 2603 2847 non
2668 2781 2725 2847 ei

437 2892 946 2957 communicetur
999 2891 1076 2955 ab
1134 2890 1404 2956 ecclesia
1456 2890 1893 2968 transmarina,
1952 2890 2101 2973 quia
2164 2891 2285 2955 iste
2350 2890 2429 2954 ab
2494 2891 2728 2954 honore

439 2999 768 3082 depositus
817 3017 939 3064 non
988 2998 1332 3070 uidebitur,
1381 3017 1571 3080 quem
1616 2998 1745 3062 iam
1788 2997 2141 3062 ordinatum
2178 2997 2347 3061 fama
2386 2995 2732 3062 celebrauit

439 3110 502 3170 et
565 3105 644 3170 ad
711 3125 856 3169 eum
919 3123 1272 3168 commeare
1338 3103 1937 3168 communicatorias
2003 3105 2249 3168 litteras
2306 3103 2480 3182 fecit,
2538 3105 2727 3184 atque

339 3236 398 3276 ιε
437 3213 530 3277 ita
601 3229 900 3295 magnum
977 3210 1341 3275 scandalum
1419 3209 1785 3276 schismatis
1858 3211 1921 3274 in
1989 3210 2233 3274 unitate
2300 3209 2539 3275 Christi
2602 3210 2728 3273 iam

436 3319 682 3402 pacatis
729 3317 1123 3401 temporibus
1173 3317 1430 3390 oriatur,
1472 3317 1621 3381 dum
1672 3335 2083 3400 praepropere
2131 3317 2431 3383 uolumus
2480 3319 2731 3380 nostras

435 3424 850 3508 praecipitare
907 3425 1271 3502 sententiaS,
1321 3426 1383 3488 et
1430 3443 1550 3488 non
1610 3427 1826 3490 contra
1882 3423 2307 3489 Caecilianum
2358 3423 2470 3487 sed
2517 3427 2733 3488 contra

509 3653 542 3705 5
581 3666 770 3704 omnes
807 3650 942 3703 istas
979 3649 1034 3704 R
1161 3652 1193 3704 6
1231 3648 1397 3703 iudici
1436 3649 1538 3703 deo
1575 3651 1651 3704 M
1768 3651 1799 3704 7
1840 3649 2037 3720 aliqui*
2075 3648 2134 3713 (d
2171 3648 2337 3718 era-3.)
2374 3649 2429 3702 P
2570 3648 2727 3704 circa.

435 3757 504 3793 m.
528 3742 557 3791 1
593 3755 733 3793 corr.
775 3741 924 3792 certa
951 3739 1004 3790 A
1118 3740 1185 3792 10
1221 3739 1567 3792 ecclesiarum
1606 3755 1711 3794 om.
1740 3737 1814 3792 Μ
1956 3738 2301 3807 coepiscopos
2328 3737 2403 3790 M
2511 3738 2571 3791 11
2606 3753 2732 3789 con·

437 3829 727 3897 quirantur
759 3827 886 3882 MA
1069 3828 1134 3881 13
1172 3827 1446 3881 noluerint
1481 3827 1542 3880 F
1696 3831 1759 3880 ut
1796 3826 1945 3896 inde]
1988 3830 2083 3880 aut
2118 3825 2245 3879 inde
2282 3825 2390 3880 PR
2412 3842 2496 3879 ae
2533 3829 2627 3878 aut
2666 3823 2731 3877 de

437 3916 619 3971 MFA
781 3917 970 3970 ueniat
1005 3915 1060 3968 A
1199 3919 1264 3970 14
1301 3917 1502 3970 fuerint
1540 3918 1593 3971 A
1732 3917 1798 3970 15
1836 3915 2095 3968 tractoria
2130 3915 2188 3967 P
2321 3916 2386 3968 16
2426 3914 2643 3967 nomina
2679 3914 2734 3967 A

441 4007 508 4060 17
549 4007 792 4060 dilatam
976 4005 1040 4059 18
1077 4023 1178 4060 nec
1220 4009 1268 4059 A
1441 4005 1729 4060 cathedrae
1768 4007 1839 4059 M
1872 4005 2125 4060 cathedre
2162 4004 2223 4059 F
2398 4005 2465 4058 19
2501 4008 2631 4057 tunc
2668 4003 2742 4058 Μ

439 4097 514 4151 20
549 4095 918 4150 ordinauimus
955 4096 1010 4148 A
1153 4099 1272 4150 toto
1302 4097 1357 4150 A
1500 4095 1701 4150 fuerint
1744 4097 1783 4160 (i
1820 4112 1933 4150 ras.
1974 4111 2039 4149 ex
2076 4097 2130 4160 u)
2163 4095 2223 4148 F
2322 4093 2386 4147 21
2432 4094 2568 4156 aliis,
2608 4110 2675 4146 m.
2708 4098 2737 4146 1

440 4201 580 4239 corr.
630 4185 770 4238 alius
816 4186 871 4239 A
1029 4185 1120 4262 ¹24
1165 4201 1302 4248 eam,
1349 4203 1418 4239 m.
1441 4189 1471 4238 1
1515 4201 1653 4239 corr.
1703 4201 1823 4238 eum
1870 4185 1925 4240 R
2139 4183 2621 4238 communicatore·
2666 4183 2743 4236 M

440 4274 512 4328 26
550 4275 782 4344 placatis
817 4275 875 4330 R
1031 4291 1374 4346 praepopere,
1412 4291 1549 4330 corr.
1588 4293 1655 4330 m.
1679 4280 1709 4328 1
1746 4290 2099 4346 praepropere
2137 4273 2192 4326 P
2224 4289 2571 4344 praeponere,
2606 4289 2674 4326 m.
2700 4277 2738 4326 2

441 4381 800 4436 praepropere
837 4365 906 4420 Μ
1051 4369 1262 4420 nostras
1299 4365 1544 4420 uolumus
1583 4365 1703 4420 edd.
