3184 4959
522 373 649 436 {278
1227 371 1279 425 S.
1336 371 1613 424 Aureli
1666 371 2101 440 Augustini

522 566 897 632 Christianis
982 566 1392 631 sacramentis
1475 567 1795 644 inbuatur,
1881 567 2128 650 quaerit
2201 567 2278 632 de
2350 566 2817 632 resurrectione

521 676 944 750 mortuorum3
1015 673 1486 739 concedendum
1555 674 1743 738 etiam
1810 672 2125 750 fortassis»,
2195 675 2364 756 quod
2428 675 2505 739 de
2562 673 2815 739 Christo

521 780 860 863 quaesiuit,
937 799 1048 844 cur
1119 785 1296 846 tanto
1371 784 1520 864 post
1592 781 1841 846 uenerit
1902 781 2009 845 uel
2082 781 2139 846 si
2204 800 2364 864 quae
2440 785 2590 846 sunt
2654 781 2815 846 aliae

517 906 758 971 paucae
815 891 880 952 et
942 905 1208 972 magnae
1266 889 1688 970 quaestiones,
1756 887 1990 970 quibus
2046 891 2255 952 cetera
2316 887 2691 954 inseruiunt.
2758 889 2813 952 si

520 997 734 1058 autem
783 994 988 1077 qualis
1039 1000 1138 1060 est
1192 995 1330 1059 illa:
1389 996 1472 1060 In
1524 1014 1675 1077 qua
1728 1013 2103 1058 mensura
2145 995 2403 1060 mensi
2449 995 2810 1060 fueritis.

519 1101 910 1166 metietur
981 1101 1239 1180 uobiS,
1314 1102 1421 1165 uel
1497 1101 1705 1184 qualis
1779 1100 1905 1165 ista
1978 1101 2055 1166 de
2136 1101 2309 1178 Iona,
2387 1100 2577 1164 etiam
2652 1101 2813 1164 tales

520 1226 740 1272 omnes
807 1211 971 1286 ante,
1039 1227 1226 1291 quam
1295 1209 1382 1272 sit
1435 1207 1854 1286 ChristianuS,
1920 1207 2097 1272 finire
2154 1209 2414 1292 cogitat,
2479 1226 2813 1291 perparum

521 1313 762 1398 cogitat
825 1316 935 1379 uel
997 1315 1428 1380 condicionem
1505 1317 1848 1380 humanam
1912 1315 2018 1378 uel
2084 1318 2353 1380 aetatem
2420 1315 2543 1378 iam
2611 1331 2813 1380 suam.

521 1425 672 1484 sunt
709 1422 876 1487 enim
922 1422 1432 1502 innumerabiles,
1483 1442 1644 1506 quae
1693 1442 1814 1488 non
1864 1425 2016 1486 sunt
2060 1421 2366 1486 finiendae
2412 1424 2555 1486 ante
2602 1419 2813 1498 fidem,

519 1547 598 1592 ne
644 1527 900 1594 finiatur
943 1529 1080 1593 uita
1126 1529 1261 1594 sine
1307 1529 1450 1608 fide,
1500 1528 1614 1594 sed
1660 1531 1844 1612 plane
1890 1531 2138 1594 retenta
2181 1529 2309 1592 iam
2353 1526 2477 1592 fide
2522 1526 2601 1590 ad
2648 1545 2813 1589 exer·

521 1634 782 1699 cendam
846 1637 1015 1718 piam
1075 1635 1554 1700 delectationem
1620 1636 1930 1700 mentium
1994 1633 2277 1699 fidelium
2342 1632 2815 1698 studiosissime

519 1742 927 1822 requirendae
985 1745 1068 1820 et,
1135 1741 1298 1825 quod
1355 1742 1420 1805 in
1477 1741 1568 1806 eis
1627 1742 1912 1819 eluxerit,
1982 1741 2115 1806 sine
2172 1741 2367 1824 typho
2424 1738 2812 1826 arrogantiae

522 1847 1141 1924 communicandum,
1201 1848 1369 1930 quod
1425 1853 1637 1913 autem
1693 1849 1973 1927 latuerit,
2024 1849 2159 1913 sine
2208 1845 2433 1912 salutis
2483 1844 2810 1929 dispendio

518 1954 940 2019 tolerandum.

1585 2095 1745 2162 CIII.

647 2217 938 2272 DOMINO
978 2217 1212 2272 RECTE
1251 2219 1342 2273 Ac
1381 2219 1654 2272 MERITO
1697 2216 2183 2272 SUSCIPIENDO
2224 2217 2315 2271 ΕΤ
2356 2213 2683 2271 OMNIBUS

519 2307 750 2364 MODIS
798 2307 1257 2362 HONORANDO
1307 2307 1572 2361 FRATRI
1618 2307 2038 2362 AUGUSTINO
2096 2305 2507 2362 NEC'I'ARIUS
2553 2305 2633 2358 IN
2678 2302 2807 2358 Do-

1373 2395 1560 2450 MlNo
1604 2395 1954 2451 SALUTEM.

612 2507 900 2590 Sumptis
954 2507 1186 2572 litteris
1248 2506 1627 2570 eximietatis
1685 2509 1855 2582 tuae,
1914 2505 2145 2587 quibus
2202 2505 2517 2570 idolorum
2566 2502 2809 2566 cultum

522 2616 586 2678 et
629 2613 1014 2697 templorum
1062 2612 1484 2677 caeremonias
1535 2612 1924 2689 destruxisti,
1972 2612 2187 2676 audire
2235 2611 2391 2674 mihi
2436 2610 2617 2674 uisus
2665 2627 2804 2672 sum

593 2807 616 2859 1
661 2809 887 2875 quaerat
921 2807 976 2860 P
1011 2806 1273 2859 moriatur
1309 2821 1572 2874 quaerens
1609 2805 1670 2859 Ε
1825 2807 1857 2859 2
1898 2804 2318 2873 concedendum]
2358 2801 2807 2858 considerandum

521 2898 604 2948 est
639 2894 701 2948 E
872 2895 907 2948 4
947 2896 1024 2964 et]
1067 2893 1163 2947 scd
1200 2895 1260 2947 E
1406 2883 1659 2947 inserunt
1698 2893 1749 2947 G
1912 2894 1945 2946 6
1982 2893 2247 2960 initietur,
2286 2907 2425 2948 corr.
2462 2891 2723 2944 metietur
2756 2891 2811 2944 P

520 2985 835 3037 remetietur
861 2985 923 3038 E
1063 2984 1403 3053 qualis—uel
1442 3001 1562 3046 om„
1600 3001 1669 3036 m.
1694 2987 1733 3036 2
1768 2983 1831 3036 in
1864 2999 2035 3052 nia-ry.
2078 2981 2209 3036 add.
2239 2980 2307 3035 H
2446 2997 2632 3034 omnes
2668 2979 2807 3033 tales

519 3071 640 3128 edd.
752 3075 782 3128 7
822 3073 964 3126 finiri
1002 3074 1062 3126 E
1199 3074 1512 3143 perparum]
1553 3072 1643 3126 uel
1684 3087 1871 3141 parum
1898 3073 1959 3126 E
1990 3087 2271 3140 perperam
2306 3070 2421 3138 flr
2530 3069 2563 3122 8
2600 3068 2808 3139 cogitat

519 3164 608 3216 uel
645 3179 747 3216 om.
787 3165 847 3218 Ε
952 3163 1162 3232 cogitet
1197 3163 1260 3214 Η
1301 3167 1388 3227 (m.
1411 3165 1468 3219 2)
1591 3165 1825 3214 aetatem
1864 3163 1969 3214 iam
2009 3160 2183 3229 suam]
2226 3159 2388 3212 etiam
2426 3159 2533 3212 iam
2573 3174 2723 3211 suam
2754 3158 2807 3210 A

519 3252 684 3306 etiam
715 3256 952 3305 aetatem
981 3269 1131 3306 suam
1163 3253 1372 3320 cogitat
1391 3251 1451 3304 E
1519 3253 1550 3305 9
1582 3250 1728 3320 sunt]
1760 3250 1977 3303 sicutA
2057 3249 2119 3302 10
2148 3249 2269 3312 fine,
2300 3264 2437 3302 corr.
2467 3265 2536 3302 m.
2558 3251 2588 3300 1
2617 3246 2719 3300 fide
2738 3245 2813 3299 M

588 3340 862 3394 sed—fide
892 3357 993 3395 om.
1022 3339 1093 3392 M
1199 3341 1357 3411 plene
1385 3341 1446 3394 Ε
1550 3340 1621 3394 ad
1648 3357 1751 3395 om.
1780 3341 1835 3392 A
1938 3339 1995 3392 11
2033 3337 2378 3391 dilectionem
2407 3337 2481 3390 M
2581 3337 2646 3390 12
2676 3341 2803 3405 typo

517 3430 640 3484 MA
653 3429 808 3484 CPE'
877 3431 942 3483 13
973 3429 1469 3483 communicandam
1502 3429 1645 3498 quod
1666 3430 1720 3483 A
1750 3426 2197 3481 communicanda
2224 3425 2449 3495 iniquod
2472 3425 2535 3478 H
2610 3427 2677 3479 14
2705 3425 2804 3478 Ex·

518 3519 676 3588 plicit
713 3519 947 3588 epistula
984 3520 1358 3586 quaestionum
1399 3518 1572 3571 sancti
1614 3517 1853 3586 agustini
1880 3516 1957 3570 M
1990 3515 2209 3585 explicit
2247 3514 2318 3568 ad
2356 3514 2455 3568 deo
2494 3515 2701 3584 gratias
2738 3513 2802 3566 de

517 3607 814 3677 propositis
863 3608 1238 3676 questionibus
1283 3607 1330 3660 G
1373 3607 1593 3676 explicit
1632 3607 1865 3676 epistula
1902 3606 2077 3659 sancti
2117 3604 2395 3672 angustini
2434 3604 2500 3657 de
2540 3603 2803 3657 solutione

519 3696 852 3766 quarundam
910 3697 1252 3764 questionum
1307 3701 1370 3749 ‘m
1414 3713 1528 3750 ras.
1574 3713 1644 3748 m.
1674 3699 1714 3748 2
1762 3697 1815 3749 P
1868 3694 2088 3763 explicit
2142 3694 2377 3763 epistula
2434 3693 2803 3763 quaestionum

519 3786 694 3840 sancti
741 3786 1016 3854 augustini
1065 3784 1134 3838 ad
1181 3784 1280 3838 deo
1329 3785 1534 3854 gratias
1581 3784 1974 3854 praesbiterum
2017 3783 2068 3838 G
2116 3783 2337 3852 explicit
2372 3782 2513 3836 liber
2548 3799 2639 3836 sex
2676 3797 2801 3852 quc·

517 3875 756 3928 stionum
795 3873 1074 3944 augustini
1113 3875 1354 3944 episcopi
1389 3876 1450 3930 Ε

1062 4000 1109 4050 V
1161 4025 1228 4044 =
1265 3999 1382 4054 cod.
1431 3999 1744 4053 Vaticanus
1785 4000 1903 4052 495
1936 4015 1980 4052 s.
2020 3999 2149 4052 XV.

1061 4087 1117 4143 U
1155 4113 1224 4134 =
1261 4088 1378 4142 cod.
1427 4089 1737 4142 Vaticanus
1780 4091 1899 4140 499
1933 4105 1975 4142 s.
2015 4086 2145 4141 XV.

693 4193 1078 4248 Louanienses
1115 4195 1263 4249 hanc
1307 4195 1601 4263 epistulam
1646 4195 1710 4248 in
1756 4193 2047 4248 Vaticanis
2092 4193 2493 4263 exemplaribus
2538 4199 2809 4263 repertam

507 4284 683 4353 primi
721 4284 1024 4336 edida-unt.

2853 1553 2907 1592 1⁰
