3184 4959
533 457 660 520 llO
1259 454 1310 509 S.
1368 454 1643 509 Aureli
1698 455 2131 524 Augustini

529 667 724 731 parua
777 649 1101 729 praeterea
1159 649 1344 713 turba
1401 649 1721 714 confluxit.
1780 650 1893 715 sed
1946 651 2009 715 in
2069 655 2205 716 tota
2258 652 2371 716 illa
2416 652 2825 720 multitudine

525 756 826 838 perpauci
892 756 1295 838 apparebant,
1363 757 1472 839 qui
1537 757 1786 821 utiliter
1848 777 1921 822 ac
1986 758 2325 824 salubriter
2390 761 2493 844 agi
2570 779 2825 825 causam

523 860 704 925 illam
762 865 826 926 et
879 865 1124 926 tantam
1180 863 1396 945 reique
1453 865 1667 927 tantae
1727 865 2165 946 quaestionem
2218 866 2559 948 prudenter
2614 869 2679 930 et
2724 867 2825 949 pie

526 969 761 1034 discuti
827 972 1148 1052 cuperent.
1217 969 1412 1033 ceteri
1478 987 1627 1034 uero
1696 971 1900 1054 magis
1979 971 2057 1035 ad
2134 972 2569 1055 spectaculum
2645 973 2825 1054 quasi

525 1076 958 1140 altercationis
1023 1079 1274 1140 nostrae
1337 1095 1532 1158 prope
1598 1075 1908 1142 theatrica
1972 1079 2428 1145 consuetudine
2494 1100 2683 1162 quam
2748 1081 2825 1145 ad

521 1183 1008 1247 instructionem
1074 1183 1300 1247 salutis
1353 1183 1713 1248 Christiana
1776 1183 2116 1250 deuotione
2174 1190 2616 1252 conuenerant.
2674 1207 2817 1270 qua-

521 1291 777 1371 propter
821 1307 934 1354 nec
982 1289 1308 1354 silentium
1355 1291 1538 1354 nobis
1585 1291 1881 1374 praebere
1928 1311 2042 1356 nec
2089 1293 2329 1357 intente
2376 1297 2566 1375 atque
2614 1294 2823 1359 nobis-

525 1413 669 1464 cum
723 1396 1010 1461 modeste
1069 1397 1295 1460 saltem
1347 1399 1416 1461 et'
1456 1397 1739 1462 ordinate
1786 1398 2081 1480 conloqui
2126 1401 2476 1481 potuerunt
2520 1401 2820 1481 exceptiS,

523 1507 598 1567 ut
635 1502 780 1581 dixi,
819 1503 1061 1585 pauciS,
1103 1522 1370 1585 quorum
1407 1503 1711 1587 religiosa
1748 1507 1812 1568 et
1850 1504 2117 1586 simplex
2155 1506 2497 1587 apparebat
2531 1505 2819 1570 intentio.

519 1609 738 1690 itaque
784 1608 980 1673 libere
1027 1629 1139 1691 pro
1188 1609 1290 1674 sui
1340 1610 1653 1692 cuiusque
1691 1609 1884 1674 animi
1921 1613 2098 1675 motu
2137 1611 2527 1676 inmoderate
2564 1612 2819 1694 loquen-

521 1715 684 1778 tium
742 1717 1016 1797 strepitu
1072 1717 1282 1782 omnia
1335 1717 1755 1781 turbabantur
1809 1734 1922 1780 nec
1980 1717 2272 1782 euincere
2331 1719 2469 1782 siue
2518 1737 2632 1783 nos
2682 1719 2819 1782 siue

521 1821 660 1903 ipse
714 1821 1014 1906 rogando,
1068 1822 1386 1887 interdum
1434 1823 1625 1886 etiam
1675 1823 2065 1906 obiurgando
2112 1823 2464 1906 potuimuS,
2512 1828 2587 1888 ut
2632 1825 2815 1890 nobis

522 1927 885 1993 modestum
933 1928 1256 1992 silentium
1303 1929 1725 2012 praeberetur.

611 2035 736 2099 Res
793 2038 1007 2099 tamen
1063 2038 1413 2118 utcumque
1471 2036 1574 2119 agi
1632 2041 1857 2118 coepta
1910 2039 2009 2100 est
2065 2040 2128 2101 et
2193 2037 2439 2119 aliquot
2499 2038 2687 2103 horas
2751 2039 2811 2102 in

521 2141 762 2206 alterno
821 2160 1108 2206 sermone
1165 2143 1607 2224 protraximus,
1658 2148 1963 2226 quantum
2009 2143 2280 2208 uocibus
2326 2144 2817 2226 interquiescen-

521 2247 694 2312 tibus
751 2249 924 2313 uarie
981 2249 1512 2314 tumultuantium
1571 2249 1954 2314 sinebamur.
2012 2250 2125 2316 sed
2180 2252 2243 2314 in
2292 2251 2431 2334 ipso
2482 2251 2815 2334 disputati-

521 2354 658 2419 onis
734 2355 983 2421 exordio
1060 2375 1206 2420 cum
1269 2355 1635 2420 uideremus
1704 2375 1795 2436 ea,
1865 2376 2023 2440 quae
2090 2357 2479 2436 dicebantur,
2548 2357 2813 2423 subinde

517 2461 646 2525 labi
723 2461 798 2526 de
871 2461 1176 2528 memoria
1251 2461 1357 2526 uel
1431 2466 1649 2528 nostra
1720 2464 1826 2527 uel
1900 2483 2137 2541 eorum,
2204 2483 2472 2547 quorum
2540 2467 2813 2529 salutem

517 2568 788 2632 maxime
854 2569 1254 2647 curabamu8‚
1321 2572 1386 2632 et
1447 2571 1521 2633 ut
1577 2572 1750 2634 esset
1804 2571 1985 2634 nobis
2044 2572 2287 2635 cautior
2340 2570 2812 2652 modestiorque

518 2675 833 2752 tractati0,
893 2675 1086 2740 simul
1142 2678 1207 2740 et
1261 2695 1378 2740 uos
1427 2679 1618 2758 atque
1665 2677 1773 2740 alii
1818 2676 2063 2755 fratreS,
2115 2678 2223 2759 qui
2270 2659 2809 2754 absentes'eiant,

518 2781 670 2862 quid
724 2781 888 2846 inter
943 2801 1057 2846 nos
1115 2784 1329 2846 actum
1386 2786 1578 2862 esset,
1634 2782 1903 2865 legendo
1970 2785 2467 2867 cognosceretis,
2528 2785 2811 2868 postula-

515 2887 753 2966 uimus,
810 2891 886 2953 ut
941 2907 978 2952 a
1031 2889 1296 2952 notariis
1351 2889 1546 2954 uerba
1600 2895 1817 2954 nostra
1872 2891 2326 2972 exciperentur.
2398 2891 2504 2955 diu
2563 2891 2639 2956 ab
2694 2892 2807 2956 illo

514 2995 621 3059 uel
694 2995 752 3058 ei
827 2995 1370 3060 consentientibus
1442 2997 1825 3061 reluctatum
1904 3000 2027 3074 est3
2103 3001 2325 3080 postea
2396 3002 2607 3064 tamen
2671 2998 2809 3080 ipse

515 3100 851 3165 concessit.
928 3101 1040 3164 sed
1104 3101 1354 3178 notarii,
1421 3103 1529 3185 qui
1596 3102 1854 3168 aderant
1918 3109 2106 3186 atque
2171 3104 2236 3168 id
2294 3108 2549 3170 strenue
2603 3106 2807 3170 facere

514 3209 825 3289 poterant,
872 3207 1086 3272 nescio
1135 3227 1260 3290 qua
1307 3223 1499 3273 causa
1545 3210 1826 3292 excipere
1864 3212 2243 3276 noluerunt.⁸
2272 3212 2517 3296 egimus
2556 3212 2804 3288 saltem,

515 3317 589 3377 ut
642 3310 888 3393 fratres,
945 3315 1057 3396 qui
1110 3315 1444 3380 nobiscum
1501 3320 1697 3395 erant,
1748 3337 2125 3399 quamquam
2173 3319 2237 3381 in
2286 3319 2403 3384 hac
2450 3337 2515 3382 re
2561 3318 2803 3382 tardius

587 3561 614 3611 1
655 3557 892 3612 conflixit
928 3557 984 3610 A
1154 3557 1250 3612 sed
1289 3557 1444 3612 nobis
1483 3559 1611 3612 inm
1792 3561 1823 3614 3
1862 3560 1939 3613 rei
1978 3577 2116 3628 qnae
2154 3565 2308 3614 tante
2344 3561 2419 3615 M
2454 3565 2615 3631 (quae
2651 3565 2803 3614 tante

511 3647 615 3703 del.
653 3663 722 3700 m.
743 3651 804 3712 2)
835 3646 895 3699 F
969 3648 1002 3700 5
1040 3663 1208 3717 prope
1245 3647 1534 3716 theatrica]
1567 3649 1846 3718 prophete}
1881 3649 2066 3716 attica,
2104 3667 2173 3703 m.
2197 3654 2236 3702 2
2272 3667 2367 3719 pro
2397 3650 2505 3719 thel
2541 3651 2709 3704 attica
2732 3650 2801 3702 M

510 3735 808 3805 prophetae
845 3736 1016 3790 atrica
1051 3737 1112 3789 F
1249 3736 1636 3791 consuetudine
1674 3755 1793 3792 cum
1830 3754 1941 3792 ras.
1977 3755 2144 3808 super
2168 3745 2345 3807 postr.
2384 3739 2419 3792 l.
2457 3740 2531 3792 M
2636 3741 2666 3793 7
2705 3757 2801 3793 no-

509 3824 719 3878 biseum
758 3829 922 3894 atque
959 3825 1078 3879 edd.
1113 3832 1338 3894 praeter
1375 3843 1412 3879 α
1594 3829 1657 3880 11
1701 3828 1881 3880 omnia
1918 3829 2148 3896 strepitu
2186 3828 2306 3881 edd.
2452 3829 2801 3890 tubabantur,

507 3931 577 3967 m.
602 3917 640 3967 2
673 3913 1035 3967 turbabantur
1068 3914 1125 3969 R
1161 3913 1450 3968 turbantur
1485 3914 1663 3968 MFA
1786 3931 1882 3969 uos
1919 3915 1975 3968 R
2088 3917 2153 3968 14
2191 3915 2411 3984 aliquod
2448 3915 2579 3968 ΜΡ
2681 3933 2798 3970 oras

507 4003 584 4057 M
616 4006 767 4068 (m.2
803 4003 986 4069 horas)
1024 4003 1080 4057 P
1260 4004 1325 4058 15
1363 4005 1627 4057 alternos-1.
1668 4009 1801 4070 (ras,
1842 4007 1985 4057 1—2
2021 4006 2078 4070 l.)
2119 4003 2179 4057 F
2210 4005 2445 4058 alternos
2484 4006 2535 4057 A
2688 4021 2797 4058 ser·

507 4099 667 4146 mone
705 4094 758 4146 A
902 4093 1197 4161 ptraximus
1233 4092 1290 4146 R
1419 4095 1484 4147 19
1525 4093 1821 4147 modestior
1858 4109 1995 4162 quae
2034 4093 2107 4146 M
2227 4095 2297 4148 20
2336 4093 2412 4162 et]
2454 4097 2517 4146 ut
2551 4093 2612 4147 F
2644 4097 2707 4146 ut
2744 4097 2799 4146 et

495 4181 692 4249 flrm
873 4181 994 4240 aliis
1034 4184 1082 4247 (s
1119 4199 1240 4250 exp.
1277 4199 1346 4238 m.
1369 4185 1428 4250 2)
1469 4181 1544 4234 M
1682 4182 1745 4235 21
1792 4181 1863 4250 qd
1898 4181 1955 4236 R
2108 4184 2175 4236 22
2214 4187 2412 4244 uestra,
2450 4199 2518 4236 m.
2542 4185 2581 4235 2
2616 4187 2800 4236 nostra

508 4285 645 4323 corr.
683 4269 799 4322 uid.
829 4269 885 4323 R
958 4270 1026 4324 23
1066 4270 1489 4324 consistentibus
1518 4269 1580 4322 F
1646 4272 1715 4324 24
1742 4272 1937 4334 notari,
1958 4287 2033 4324 m.
2057 4274 2096 4325 2
2131 4272 2329 4325 notarii
2354 4271 2430 4325 M
2498 4273 2566 4326 25
2596 4271 2797 4340 excipe,

505 4375 644 4412 cor-r.
685 4363 802 4411 m.1
842 4359 1083 4428 excipere
1121 4359 1196 4414 M

2884 1107 2911 1146 5

2860 1639 2910 1676 1⁰

2848 2706 2901 2745 20

2844 3238 2897 3277 25
