3184 4959
318 1181 339 1229 l

1162 443 1692 513 epistularum
1750 445 2094 500 LXXXVIII.
2651 451 2781 513 413

478 639 706 712 lianus,
773 657 917 701 cum
966 636 1046 700 ab
1107 635 1481 719 inquirenda
1552 655 1748 702 causa
1820 638 2337 704 dissimulassem:
2411 642 2475 704 et
2548 641 2778 704 iterum

482 744 779 810 continuo
847 749 1200 808 conuentus
1266 748 1456 822 esset,
1522 743 1683 807 nihil
1745 761 1814 808 se
1871 743 2192 809 dicturum
2249 744 2525 828 amplius
2582 745 2783 830 gestis

483 850 811 933 expressit.
897 853 963 915 et
1024 849 1211 915 hodie
1274 850 1392 928 illi,
1460 849 1569 932 qui
1635 851 1756 916 hoc
1811 851 2118 926 fecerunt,
2174 851 2524 936 presbyteri
2583 853 2782 917 uestri

484 961 635 1021 sunt
717 956 923 1023 adhuc
1006 977 1121 1022 nos
1197 956 1457 1039 insuper
1528 957 1890 1022 territantes
1976 962 2070 1034 et,
2158 959 2328 1023 sicut
2415 961 2784 1040 potuerunt,

420 1087 444 1127 ⁵
483 1066 955 1148 persequentes,

571 1173 705 1237 Nec
759 1175 969 1236 tamen
1028 1171 1105 1236 de
1159 1171 1260 1235 his
1317 1171 1565 1237 iniuriis
1627 1176 1690 1238 et
1744 1173 2318 1256 persecutionibuS,
2378 1193 2536 1257 quas
2586 1173 2784 1239 eccle-

484 1280 580 1343 sia
634 1279 949 1344 catholica
1000 1279 1064 1343 in
1138 1279 1393 1363 regione
1448 1283 1666 1344 nostra
1728 1283 1882 1344 tnnc
1947 1280 2232 1363 pertulit,
2296 1280 2784 1364 imperatoribus

476 1391 751 1468 questus
818 1388 919 1450 est
981 1385 1317 1467 episcopus
1372 1387 1610 1450 noster.
1682 1385 1796 1450 sed
1849 1385 2019 1450 facto
2077 1385 2344 1451 concilio
2399 1385 2664 1468 placuit,
2713 1390 2786 1450 ut

485 1492 745 1576 pacifice
809 1491 1322 1568 conueniremini,
1391 1511 1537 1574 quo,
1606 1491 1661 1555 si
1725 1490 1860 1555 fieri
1925 1496 2165 1574 posset,
2231 1492 2548 1558 haberetis
2621 1493 2786 1557 inter

400 1621 448 1660 ιο
488 1617 605 1664 uos
652 1598 1073 1666 conlationem
1124 1601 1187 1664 et
1234 1617 1439 1663 errore
1487 1597 1744 1663 sublato
1790 1599 2062 1663 fraterna
2120 1599 2347 1663 caritas
2411 1599 2641 1683 pacis
2705 1599 2780 1663 in

484 1705 819 1770 uinculo
878 1704 1241 1770 laetaretur.
1292 1707 1357 1770 et
1400 1704 1463 1768 in
1510 1704 1652 1788 ipsa
1700 1705 2119 1770 conuentione
2167 1706 2321 1789 quid
2365 1705 2783 1771 Proculianus

483 1811 687 1894 primo
754 1811 1166 1894 responderit,
1240 1810 1409 1894 quod
1486 1811 1827 1875 concilium
1901 1811 2132 1876 facturi
2207 1811 2436 1876 essetis
2515 1814 2580 1876 et
2651 1811 2784 1876 illic

484 1917 709 1994 uisuri,
782 1917 933 2000 quid
998 1917 1375 2001 respondere
1439 1916 1775 1993 deberetiS,
1848 1916 2071 1982 deinde
2130 1917 2284 2000 quid
2337 1921 2581 2002 postea,
2640 1937 2786 1983 cum

484 2029 742 2108 propter
814 2043 995 2089 suam
1068 2023 1555 2107 promissionem
1633 2023 1837 2090 denuo
1913 2029 2264 2090 conuentus
2349 2029 2541 2104 esset,
2625 2025 2786 2090 actis

401 2155 451 2194 ιε
486 2130 865 2214 expresserit
898 2148 1199 2196 recusans
1236 2129 1565 2213 pacificam
1607 2131 2050 2208 conlationem,
2089 2131 2232 2214 ipsa
2258 2135 2442 2216 gesta
2468 2131 2789 2196 instruant

487 2237 869 2321 grauitatem
905 2240 1105 2302 tuam.
1146 2236 1371 2300 deinde
1408 2255 1553 2300 cum
1592 2240 1948 2302 uestrorum
1993 2237 2362 2302 clericorum
2406 2241 2471 2302 et
2509 2236 2784 2303 Circum-

488 2343 827 2409 cellionum
894 2343 1229 2409 notissima
1294 2343 1587 2408 omnibus
1659 2362 1781 2408 non
1839 2348 2118 2408 cessaret
2170 2344 2560 2422 immanitate,
2619 2344 2788 2407 dicta

488 2469 678 2516 causa
725 2453 825 2516 est
870 2470 1014 2515 cum
1066 2449 1353 2533 Crispino
1400 2449 1724 2514 iudicatus
1771 2451 2129 2515 haeretic-us
2177 2470 2290 2514 nec
2329 2469 2531 2533 poena
2569 2449 2786 2514 decem

484 2557 785 2622 librarum
862 2558 1019 2634 auri,
1095 2576 1253 2640 quae
1328 2557 1389 2620 in
1466 2555 1818 2621 haereticos
1887 2556 1963 2621 ab
2027 2556 2515 2639 imperatoribus
2581 2555 2788 2620 fuerat

398 2687 451 2726 ιο
488 2665 855 2742 constituta,
930 2683 1041 2747 per
1111 2661 1663 2728 mansuetudinem
1744 2663 2122 2727 catholicam
2198 2663 2369 2728 feriri
2435 2661 2786 2745 permissus

488 2773 587 2835 est
659 2775 722 2835 et
794 2774 1004 2836 tamen
1081 2769 1157 2834 ad
1230 2771 1644 2852 imperatores
1721 2770 2167 2854 appeUandum
2243 2770 2515 2853 putauit.
2603 2768 2785 2833 cuius

487 2876 895 2960 appellationi
956 2877 1126 2960 quod
1191 2877 1283 2941 ita-
1336 2895 1713 2959 responsum
1771 2879 1889 2948 est,
1947 2895 2148 2940 nonne
2205 2879 2566 2941 uestrorum
2611 2894 2783 2958 prae·

489 2983 717 3048 cedens
790 2983 1141 3067 inprobitas
1217 2987 1283 3048 et
1358 2982 1577 3047 eadem
1649 2982 1856 3064 ipsius
1933 2982 2273 3066 appellatio
2348 2981 2630 3059 extorsit,
2714 2985 2788 3045 ut

484 3087 703 3154 fieret?
750 3109 863 3155 nec
910 3093 1117 3156 tamen
1168 3090 1360 3154 etiam
1397 3093 1548 3173 post
1582 3089 1797 3172 ipsum
1832 3089 2212 3173 rescriptum
2250 3087 2786 3154 intercedentibus

398 3219 451 3260 25
488 3196 652 3278 apud
700 3196 1144 3278 imperatorem
1190 3196 1427 3262 nostris
1476 3195 1794 3278 episcopis
1835 3195 2051 3260 eadem
2094 3196 2229 3259 auri
2269 3194 2785 3260 condemnatione

670 3405 736 3458 1o
772 3405 905 3474 Eph.
946 3406 996 3466 4,
1036 3403 1069 3458 3

558 3539 587 3590 1
630 3536 1023 3591 dissimulasset
1058 3535 1115 3590 P
1148 3537 1268 3592 edd.
1486 3537 2024 3606 iterum—expressit
2071 3540 2128 3590 et
2163 3551 2267 3591 om.
2307 3537 2360 3589 A
2543 3538 2576 3590 2
2615 3553 2702 3589 se·
2732 3535 2791 3589 F

486 3627 519 3679 4
558 3627 855 3695 potuerunt
892 3628 943 3693 (e
981 3640 1049 3678 ex
1082 3641 1197 3678 ras.
1236 3631 1286 3679 et
1324 3641 1462 3682 corr.
1500 3643 1569 3679 m.
1589 3629 1644 3690 1)
1683 3625 1740 3678 P
1771 3626 2052 3695 potuerint
2076 3642 2130 3678 m
2231 3625 2264 3677 8
2303 3627 2630 3692 conquestus
2663 3623 2782 3678 edd.

484 3719 517 3772 9
568 3718 910 3772 conuenirem
960 3717 1147 3788 iniquo
1202 3719 1267 3772 M
1320 3733 1677 3772 conuenerem
1728 3719 1914 3788 iniquo
1965 3717 2030 3772 F
2073 3718 2414 3772 conuenirem
2463 3719 2522 3770 in
2576 3733 2680 3786 quo
2731 3720 2784 3770 A

554 3807 745 3875 possit,
773 3823 843 3860 m.
867 3809 909 3860 2
942 3811 1131 3874 posset
1159 3807 1232 3859 M
1334 3805 1393 3860 in
1431 3823 1529 3860 uos
1558 3806 1690 3860 ΜΓ
1722 3807 1866 3861 inter
1899 3822 2000 3860 nos
2030 3806 2150 3860 edd.
2179 3811 2478 3874 praeterm
2555 3805 2620 3859 10
2659 3821 2783 3858 con-

484 3895 823 3958 solationem,
859 3913 929 3950 m.
952 3899 993 3950 2
1029 3893 1377 3950 collationem
1414 3895 1471 3948 P
1611 3897 1666 3950 in
1705 3911 1809 3952 mn.
1840 3897 1897 3949 P
1928 3895 2014 3966 (in
2041 3895 2162 3964 fine
2195 3899 2276 3960 u.)
2316 3911 2370 3947 m
2481 3895 2542 3948 11
2585 3893 2782 3947 latere-

482 3987 573 4038 tur
603 3984 681 4039 M
818 3982 1208 4038 Proculeianus
1244 4002 1299 4038 m
1428 3986 1493 4039 12
1538 3987 1596 4038 et
1631 3985 1770 4054 illic]
1807 3989 1865 4039 et
1901 3985 2037 4039 alias
2077 3987 2132 4038 et
2167 3984 2282 4038 illic
2321 3983 2441 4037 edd.
2473 3987 2698 4053 praeter
2731 3999 2783 4035 m

489 4073 553 4127 13
581 4073 751 4127 uisuri
781 4073 935 4143 quid]
976 4073 1149 4127 uisuri
1180 4074 1271 4142 qui
1300 4073 1410 4128 ΓΑ
1487 4075 1552 4128 14
1582 4077 1738 4128 actus
1768 4075 1823 4128 A
1899 4075 1964 4128 15
1993 4089 2208 4127 recusas
2236 4071 2416 4126 MFA
2493 4073 2558 4126 16
2588 4059 2684 4125 ιῖῖο
2715 4071 2790 4123 Μ

557 4167 633 4233 et]
670 4179 733 4217 ex
771 4164 825 4218 A
1007 4163 1073 4218 18
1112 4161 1393 4232 Crispinus
1430 4163 1552 4218 edd.
1698 4163 2144 4233 deceilebrarnm
2181 4162 2242 4216 F
2274 4161 2677 4215 decelebratum
2715 4160 2784 4213 M

489 4253 553 4306 19
599 4253 780 4322 auriq;
828 4253 883 4306 in
934 4251 1161 4307 ereticos
1198 4251 1275 4306 M
1520 4253 1588 4307 22
1639 4251 1784 4321 quod
1831 4267 1934 4307 om.
1971 4253 2029 4306 A
2241 4247 2636 4322 praedecedens
2691 4247 2784 4316 (de

484 4345 645 4409 eras.)
684 4343 756 4396 M
