3184 4959
569 408 700 473 698
1287 407 1340 463 S.
1395 408 1671 462 Aureli
1725 409 2163 479 Augustini

568 621 806 685 querer.
864 620 1006 667 nam
1066 602 1142 668 de
1189 604 1418 669 ceteris
1475 624 1731 687 possem
1778 604 1968 669 etiam
2018 604 2309 669 decenter
2360 604 2755 690 interrogari,
2816 606 2877 669 si

564 710 726 775 mihi
773 710 1111 792 quisquam
1163 730 1264 775 res
1321 711 1496 793 ipsas
1551 729 1674 776 non
1724 711 1801 775 de
1855 710 2035 775 libris
2086 710 2405 777 Ciceronis
2463 711 2574 775 sed
2628 730 2745 794 per
2802 732 2877 775 ae

565 818 740 901 ipsas
795 816 1156 881 tractandas
1205 817 1775 899 dissoluendasque
1821 817 2155 900 proferret3
2212 816 2277 883 in
2323 817 2454 883 illis
2502 820 2719 883 autem
2768 837 2876 882 res

563 925 742 1006 ipsae
789 942 957 987 nunc
1014 926 1263 989 nostrae
1317 924 1701 1007 professioni
1755 924 1963 989 minus
2010 928 2389 1007 congruunt.
2448 924 2602 989 haec
2650 928 2876 989 autem

567 1030 777 1095 omnia
821 1049 941 1096 non
993 1030 1284 1109 facerem,
1341 1030 1468 1095 nisi
1512 1050 1613 1095 me
1668 1034 1817 1114 post
1860 1030 2343 1115 aegritudinem,
2390 1030 2453 1095 in
2502 1049 2627 1112 qua
2672 1049 2877 1110 eram,
2945 1054 2972 1093 ⁵

567 1155 714 1201 cum
759 1136 948 1202 homo
995 1140 1148 1202 tuus
1197 1138 1500 1215 uenisset,
1550 1136 1945 1219 aliquantum
1994 1136 2071 1200 ab
2109 1136 2405 1221 Hippone
2449 1154 2877 1202 remouerem.

567 1243 800 1324 quibus
847 1244 1002 1307 item
1041 1244 1265 1308 diebus
1312 1243 1783 1327 perturbatione
1821 1242 2195 1309 ualitudinis
2240 1242 2649 1325 febribusque
2693 1262 2877 1326 repe-

564 1349 726 1414 titus
765 1368 928 1414 sum.
965 1349 1112 1414 inde
1149 1351 1386 1415 factum
1429 1353 1547 1427 est,
1585 1353 1662 1415 ut
1697 1350 1962 1429 tardiu8‚
2002 1368 2190 1433 quam
2228 1352 2511 1431 possent,
2552 1349 2671 1415 tibi
2709 1350 2879 1415 haec

566 1456 986 1521 mitterentur.
1035 1476 1194 1539 quae
1243 1477 1366 1539 quo
1414 1457 1603 1522 modo
1655 1457 1993 1541 acceperis,
2039 1456 2347 1538 rescripta
2392 1454 2631 1539 flagito.

1603 1668 1823 1734 CXIX.
2918 1698 2973 1737 io

735 1806 1028 1862 DOMINO
1069 1806 1347 1863 SANCTO
1387 1807 1480 1863 Ac
1517 1807 1953 1863 BEATISSIMO
1994 1807 2231 1862 PAPAE
2268 1806 2689 1863 AUGUSTINO

1479 1896 1955 1953 CONSENTIUS.

482 2030 515 2093 1
656 2024 791 2087 Iam
849 2023 1102 2106 quidem
1169 2027 1385 2089 sancto
1442 2024 1728 2108 mihique
1786 2024 2029 2089 cunctis
2097 2024 2287 2088 animi
2350 2023 2703 2088 uirtutibus
2762 2022 2878 2086 ad-

566 2129 849 2194 mirando
923 2130 1098 2195 fratri
1163 2136 1272 2195 tuo
1338 2131 1570 2214 Alypio
1636 2131 1931 2214 episcopo
2008 2150 2208 2215 genus
2282 2128 2611 2213 petitionis
2684 2148 2877 2193 meae

567 2237 746 2301 breui
794 2255 1080 2301 sermone
1127 2256 1575 2321 suggesseram
1626 2257 1906 2321 sperans,
1956 2256 2215 2321 precum
2254 2256 2537 2301 mearum
2575 2240 2651 2301 ut
2696 2236 2877 2319 apud
2914 2258 2965 2296 ιε

569 2346 632 2407 te
683 2360 822 2407 esse
879 2344 1128 2408 adiutor
1182 2343 1564 2426 dignaretur.
1626 2344 1737 2409 sed
1796 2344 1944 2425 quia
1997 2343 2421 2427 praesentiam
2476 2341 2632 2405 mihi
2685 2346 2873 2406 tuam

570 2466 662 2525 ea,
701 2468 860 2531 quae
899 2449 978 2513 ad
1012 2450 1234 2514 uillam
1280 2450 1370 2514 ire
1411 2452 1742 2533 compulit,
1784 2470 1977 2515 causa
2010 2450 2353 2527 fraudauit‚
2402 2448 2593 2513 malui
2631 2448 2875 2514 litteris

566 2574 820 2637 precem
864 2556 1140 2620 inserere
1189 2576 1376 2639 quam
1427 2558 1927 2639 expectationem
1975 2556 2168 2621 animi
2212 2556 2540 2632 fluctuare,
2596 2554 2876 2619 maxime

569 2682 712 2726 cum
770 2662 855 2740 id,
915 2662 1084 2743 quod
1141 2666 1421 2745 postulo,
1480 2664 1535 2727 si
1591 2662 1749 2727 mihi
1796 2663 2054 2728 concedi
2112 2665 2397 2745 oportere
2450 2661 2877 2744 perspexeri8‚

567 2768 868 2833 adiuuare
925 2788 1183 2833 sensum
1229 2774 1416 2834 tuum
1462 2769 1775 2834 altissima
1830 2769 2132 2853 mysteria
2184 2770 2684 2853 perscrutantem
2740 2767 2879 2831 loci
2916 2792 2971 2831 20

566 2873 791 2956 ipsum,
858 2878 933 2939 ut
997 2876 1282 2953 arbitror,
1351 2876 1414 2939 in
1483 2894 1607 2957 quo
1672 2894 1837 2939 nunc
1896 2876 2216 2953 consistiS‚
2284 2875 2499 2939 ualeat
2561 2872 2875 2939 solitudo.

641 3134 664 3186 1
706 3136 909 3204 possim
949 3136 1113 3189 etiam
1152 3137 1204 3188 A
1243 3136 1407 3191 etiam
1442 3154 1659 3206 possem
1695 3138 1750 3193 R
1927 3138 1962 3190 4
1996 3136 2117 3206 ipsa
2153 3135 2275 3189 MA
2434 3135 2771 3206 professione
2822 3136 2883 3185 V

639 3226 820 3277 autern
857 3241 958 3279 om.
996 3224 1136 3278 P¹V
1275 3228 1306 3280 5
1345 3242 1451 3279 non
1489 3242 1611 3287 om„
1652 3242 1719 3279 m.
1742 3230 1773 3279 1
1811 3224 1941 3279 add.
1980 3225 2037 3278 P
2210 3225 2268 3278 in
2307 3241 2413 3294 qua
2451 3240 2595 3279 eram
2632 3240 2699 3277 m.
2723 3227 2765 3277 2
2800 3241 2877 3277 ese

563 3312 847 3380 inqueram
884 3312 940 3365 P
971 3313 1239 3383 inquiram
1263 3312 1339 3366 M
1441 3315 1475 3367 6
1512 3330 1787 3367 monerem
1814 3312 1888 3366 M
1918 3314 2267 3368 remouissem
2298 3314 2437 3367 lrm
2554 3313 2585 3365 7
2622 3311 2877 3367 febribus

568 3418 732 3472 quere
769 3403 977 3472 petitus
1015 3402 1147 3473 (pro
1185 3420 1290 3472 que
1326 3419 1440 3457 ras.
1480 3407 1554 3472 q.)
1593 3402 1669 3455 M
1751 3402 1784 3456 8
1829 3404 1909 3472 ut]
1952 3402 2095 3471 quod
2132 3403 2187 3458 R
2288 3404 2319 3455 9
2356 3402 2594 3473 Explicit
2630 3402 2877 3471 epistula

566 3492 742 3545 sancti
789 3491 1030 3561 agustini
1075 3490 1144 3545 ad
1192 3490 1496 3545 dioscorum
1541 3491 1619 3545 M
1660 3491 1879 3561 explicit
1928 3491 2161 3561 epistula
2207 3491 2384 3545 sancti
2430 3490 2710 3560 augustini
2748 3490 2875 3560 epi-

565 3579 715 3649 scopi
751 3578 822 3633 ad
859 3578 1158 3633 dioscorum
1197 3580 1253 3633 P

991 3731 1046 3783 Β
1103 3756 1169 3776 =
1208 3730 1323 3786 cod.
1369 3730 1737 3784 Bononiensis
1779 3734 1872 3793 58,
1910 3734 1983 3783 12
2019 3730 2063 3785 S
2096 3747 2139 3786 8.
2178 3730 2288 3785 IX.

999 3816 1045 3873 0
1099 3844 1166 3863 =
1206 3818 1322 3872 cod.
1362 3818 1979 3887 Andomaropolitanus
2014 3822 2127 3871 142
2162 3834 2206 3871 s.
2246 3818 2431 3872 XIII.

991 3908 1046 3961 P
1098 3932 1166 3952 =
1204 3906 1320 3963 cod.
1359 3906 1662 3960 Parisinus
1698 3910 1852 3960 1929
1886 3924 1928 3960 s.
1970 3906 2152 3961 XIII.

999 3998 1052 4051 T
1099 4022 1168 4044 =
1207 3996 1323 4051 cod.
1369 3996 1651 4051 Trecensis
1694 4000 1771 4049 40
1806 4013 1850 4052 ε.
1887 3996 2073 4049 XIII.

638 4148 703 4199 14
741 4148 992 4218 episcopo
1032 4164 1132 4203 om.
1171 4144 1276 4201 OT
1308 4146 1428 4200 edd.
1460 4151 1759 4215 praeterm
1835 4148 1899 4200 15
1940 4150 2004 4199 ut
2039 4162 2142 4200 om.
2173 4145 2228 4199 B
2304 4148 2368 4200 16
2406 4146 2627 4200 adiutor
2662 4160 2781 4199 esse
2814 4148 2880 4200 P

634 4238 732 4289 tua
765 4236 856 4305 (m.
877 4239 917 4290 2
951 4239 1069 4299 tua)
1109 4251 1338 4305 meaque
1376 4234 1446 4288 ad
1481 4235 1536 4287 Β
1614 4235 1679 4289 18
1714 4239 1840 4303 post
1878 4250 2039 4303 quam
2067 4252 2135 4289 m.
2158 4238 2197 4287 2
2227 4234 2357 4289 add.
2387 4251 2421 4303 p
2451 4234 2506 4286 Β
2580 4235 2652 4289 20
2680 4243 2875 4305 pseru-

563 4328 770 4379 tantem
810 4341 929 4379 cum
967 4341 1079 4378 ras.
1121 4328 1261 4379 1-2
1301 4325 1404 4379 litt.
1433 4328 1566 4392 post
1606 4332 1637 4394 Ῑ)
1676 4322 1871 4392 (supra
1910 4332 1943 4393 p
1980 4341 2049 4377 m.
2072 4327 2111 4378 2
2144 4323 2173 4377 ἕ
2208 4330 2266 4393 p)
2304 4322 2361 4375 Β
