3184 4959
544 441 673 504 622
1261 439 1313 496 S.
1371 439 1646 493 Aureli
1701 438 2131 510 Augustini

541 632 744 698 fuisse
805 633 1194 699 maculatum
1261 653 1378 700 nec
1441 638 1656 700 tamen
1722 635 1798 699 ab
1866 635 1957 700 eis
2024 635 2337 718 corporali
2400 637 2851 722 segregatione

544 739 657 804 sed
711 740 884 804 uitae
941 740 1460 806 dissimilitudine
1522 740 1725 806 fuisse
1792 741 2205 807 disiunctum.
2282 762 2425 808 cum
2494 743 2586 808 eis
2642 745 2849 808 altare

543 845 779 930 tetigit,
837 846 948 912 sed
991 847 1360 913 inmundam
1406 847 1661 912 illorum
1709 848 1912 913 uitam
1956 848 2068 914 ille
2123 867 2245 914 non
2301 849 2543 935 tetigit,
2590 849 2847 933 quando

546 953 641 1017 sic
695 953 985 1037 culpauit
1047 957 1238 1036 atque
1305 954 1536 1038 arguit.
1604 955 1921 1037 placentia
1984 955 2110 1020 ista
2166 957 2403 1039 quippe
2468 960 2843 1041 tanguntur,

546 1058 948 1142 displicentia
1025 1059 1438 1142 repelluntur.
1521 1060 1793 1143 ideoque
1874 1059 1974 1124 illi
2044 1062 2284 1142 optimo
2359 1060 2655 1145 episcopo
2724 1081 2847 1126 nec
2914 1083 2945 1122 ⁵

547 1185 832 1240 censura,
890 1185 1014 1250 qua
1069 1170 1327 1250 peccata
1371 1168 1755 1244 coherceret,
1802 1185 1919 1234 nec
1965 1170 2217 1234 cautela
2262 1168 2485 1247 defuit,
2533 1188 2657 1252 qua
2700 1168 2847 1234 uni-

545 1272 697 1338 tatis
762 1273 1096 1338 uinculum
1161 1274 1534 1340 custodiret.
1590 1273 1828 1359 legitur
1890 1275 2028 1340 eius
2094 1275 2155 1338 in
2221 1275 2493 1358 quadam
2540 1275 2843 1358 epistula,

548 1399 736 1464 quam
785 1379 1046 1463 scripsit
1099 1380 1177 1446 ad
1231 1382 1671 1463 presbyterum
1725 1381 2094 1459 Maximum,
2144 1381 2222 1446 de
2268 1382 2385 1446 hac
2430 1401 2497 1446 re
2554 1382 2721 1447 clara
2774 1385 2847 1446 et

547 1490 763 1570 aperta
826 1487 1161 1565 sententia,
1226 1507 1352 1569 qua
1397 1487 1649 1552 omnino
1696 1486 2021 1570 praecepit
2063 1487 2501 1570 propheticam
2555 1489 2843 1572 regulam

545 1597 769 1659 tenens
836 1593 1012 1659 nullo
1069 1593 1255 1659 modo
1306 1593 1611 1660 ecclesiae
1660 1593 1865 1658 deseri
1928 1594 2151 1658 debere
2220 1595 2531 1660 unitatem
2588 1600 2847 1679 propter
2882 1616 2943 1656 ιο

546 1701 856 1766 malorum
903 1699 1400 1783 permixtionem.
1448 1703 1617 1766 ‘nam
1652 1701 1775 1766 etsi
1811 1699 2151 1778 uident-ur’,
2187 1701 2416 1784 iuquit,
2456 1702 2539 1766 ‘in
2576 1703 2847 1768 ecclesia

548 1826 689 1872 esse
729 1807 985 1882 zizania,
1017 1825 1138 1870 non
1177 1811 1388 1872 tamen
1429 1806 1722 1891 impediri
1762 1807 1949 1873 debet
1982 1807 2141 1872 fides
2189 1811 2301 1873 aut
2338 1809 2565 1874 caritas
2602 1813 2841 1886 nostra,

545 1917 640 1994 ut,
682 1915 977 1996 quoniam
1029 1933 1170 1978 esse
1217 1913 1454 1980 zizania
1498 1915 1562 1979 in
1612 1913 1883 1980 ecclesia
1929 1916 2267 1990 cernimus,
2307 1933 2421 1982 nos
2462 1916 2537 1980 de
2576 1915 2845 1980 ecclesia

545 2021 938 2088 recedamus,
985 2024 1236 2086 tantum
1276 2019 1464 2086 modo
1503 2020 1687 2086 nobis
1725 2020 2139 2085 laborandum
2177 2023 2297 2098 est,
2334 2024 2409 2085 ut
2452 2021 2839 2086 frumentum

549 2147 690 2192 esse
735 2127 1102 2210 possimus’.
2876 2148 2935 2186 ιε

445 2231 522 2294 11
637 2235 834 2300 Istam
874 2233 1156 2300 caritatis
1194 2234 1404 2318 legem
1445 2253 1516 2298 ex
1555 2252 1662 2298 ore
1701 2233 1939 2300 Christi
1976 2233 2211 2298 domini
2254 2235 2717 2319 promulgatam
2752 2271 2845 2282 -——

547 2339 753 2423 ipsius
812 2340 979 2417 enirn
1037 2342 1188 2406 sunt
1239 2341 1404 2406 istae
1463 2339 1920 2406 similitudines
1978 2344 2045 2406 et
2089 2341 2165 2406 de
2213 2340 2469 2406 zizaniis
2517 2359 2717 2423 usque
2764 2341 2847 2406 ad

491 2505 495 2508 ,
547 2453 800 2531 tempus
844 2447 1077 2513 messis
1125 2448 1188 2511 in
1225 2448 1471 2513 unitate
1510 2447 1647 2532 agri
1692 2467 1804 2531 per
1848 2447 2159 2514 mundum
2198 2451 2265 2512 et
2300 2448 2377 2513 de
2422 2447 2610 2513 malis
2656 2447 2846 2531 pisci-

545 2555 666 2620 bus
723 2539 928 2638 usque
975 2554 1055 2620 ad
1102 2557 1356 2638 tempus
1411 2555 1621 2620 litoris
1678 2556 1843 2619 intra
1888 2554 2105 2618 eadem
2162 2554 2325 2618 retia
2366 2553 2709 2619 tolerandis
2754 2592 2847 2602 —

546 2659 705 2726 banc
761 2681 910 2746 ergo
968 2661 1250 2726 caritatis
1295 2661 1504 2745 legem
1555 2661 1611 2725 si
1656 2661 1929 2726 maiores
1974 2661 2173 2726 uestri
2218 2663 2431 2725 mente
2483 2661 2846 2744 retinerent,
2884 2683 2945 2722 κο

548 2767 606 2832 si
633 2787 775 2833 cum
817 2769 918 2834 dei
955 2767 1182 2833 timore
1220 2767 1574 2851 cogitarent
1610 2786 1733 2833 non
1768 2770 2027 2850 propter
2063 2766 2493 2833 Caecilianum
2530 2771 2595 2832 et
2627 2766 2845 2832 nescio

547 2894 710 2957 quos
765 2876 951 2940 Afros
1009 2875 1167 2954 siue,
1235 2879 1310 2939 ut
1363 2874 1627 2957 putatia,
1692 2893 1757 2939 re
1814 2893 1965 2940 uera
2021 2873 2393 2940 criminosos
2452 2874 2615 2952 siue,
2673 2873 2847 2956 quod

547 2980 752 3066 magis
818 2980 1200 3046 credendum
1267 2983 1387 3058 est,
1463 2980 1797 3046 calumniis
1874 2980 2191 3064 appetitos
2269 2999 2336 3045 se
2403 2980 2479 3044 ab
2556 2979 2843 3066 ecclesia,

548 3107 738 3170 quam
814 3087 1152 3172 descripsit
1224 3089 1361 3170 ipse
1427 3086 1776 3170 Cyprianus
1850 3107 1963 3170 per
2035 3106 2253 3154 omnes
2336 3089 2561 3172 gentes
2634 3085 2845 3150 radios

727 3316 758 3367 7
799 3313 955 3384 Cypr.
995 3330 1078 3384 ep.
1117 3315 1203 3377 54,
1241 3315 1274 3369 3
1315 3331 1368 3384 p.
1405 3315 1530 3377 622,
1573 3313 1783 3368 15-18
1822 3312 1907 3368 ed.
1944 3313 2183 3378 Hartel.;
2222 3312 2293 3368 cf.
2319 3315 2461 3383 Aug.
2500 3315 2691 3368 eontra
2717 3311 2842 3367 Cre-

546 3421 692 3458 scon.
721 3403 862 3457 Don.
893 3403 950 3458 11
973 3403 1070 3468 43;
1107 3404 1204 3468 483
1246 3405 1433 3457 contra
1471 3401 1743 3458 Gaudent.
1781 3403 1923 3458 Don.
1959 3402 2016 3457 11
2055 3403 2113 3467 3;
2158 3403 2225 3456 14
2408 3403 2473 3458 17
2512 3400 2717 3457 Matth.
2758 3400 2841 3462 13,

546 3492 786 3556 24—433
815 3491 1028 3546 47—50
1137 3493 1207 3546 24
1228 3490 1294 3545 de
1325 3491 1523 3546 cathol.
1545 3491 1675 3545 eccl.
1696 3491 1907 3544 unitate
1938 3507 1981 3546 c.
2005 3493 2038 3544 5
2056 3508 2108 3561 p.
2132 3491 2255 3554 214,
2280 3491 2489 3546 10—13
2518 3489 2605 3544 ed.
2634 3487 2839 3543 Hartel.

623 3637 649 3690 1
692 3634 758 3689 ab
798 3635 877 3688 eis
914 3650 972 3687 se
1010 3634 1270 3704 corporali
1309 3633 1464 3688 codd.
1507 3633 1643 3688 lam
1751 3633 1783 3686 3
1823 3633 1991 3686 uitam
2032 3649 2134 3688 om.
2172 3633 2229 3686 P
2342 3632 2379 3685 4
2414 3629 2697 3700 redarguit
2740 3628 2852 3683 VU

547 3725 670 3782 edd.
869 3723 1070 3793 quippe
1105 3722 1216 3777 ista
1262 3723 1372 3777 VU
1403 3722 1524 3776 edd.
1684 3725 1984 3791 arguuntur
2020 3721 2177 3776 codd.
2218 3722 2331 3775 lar
2369 3719 2731 3790 adtinguntur
2762 3735 2846 3782 m,-

545 3814 748 3884 εον-ἐρεῖ
783 3815 1084 3882 tanguntur
1096 3835 1109 3876 ;
1140 3812 1210 3880 cf.
1239 3828 1300 3882 p.
1332 3815 1466 3876 625,
1495 3815 1741 3880 10—12;
1770 3813 1907 3874 630,
1936 3813 2012 3864 12
2106 3813 2139 3864 6
2170 3809 2517 3864 cohercet-ent
2539 3811 2597 3874 (n
2626 3811 2767 3876 exp.)
2792 3805 2847 3858 P

552 3905 618 3958 10
655 3902 864 3958 nullum
899 3901 1059 3956 modo
1097 3901 1153 3954 P
1327 3902 1539 3955 unitate
1576 3901 1634 3954 Ρ
1786 3901 1847 3955 11
1890 3899 2245 3970 permixtione
2280 3898 2397 3953 PV
2552 3898 2619 3952 12
2656 3895 2839 3964 debet]

550 3993 715 4047 debet
749 3996 845 4048 aut
885 3991 1048 4062 Cypr.
1085 3992 1226 4060 Any.
1267 3995 1462 4044 contra
1504 3990 1753 4044 crescon.
1792 3995 1843 4043 et
1878 3995 2077 4042 contra
2117 3988 2397 4042 Gaudent.
2540 3988 2605 4042 13
2642 3985 2843 4040 zizania

551 4099 668 4136 esse
711 4081 872 4150 prr.
911 4082 1056 4149 Any.
1095 4086 1292 4134 contra
1334 4079 1579 4134 Crescon.
1621 4083 1672 4132 et
1706 4082 1901 4132 contra
1944 4077 2225 4132 Gaudent.
2372 4077 2493 4145 nos]
2535 4075 2641 4146 ipsi
2683 4072 2839 4142 C'ypr.

549 4172 692 4241 Any.
732 4177 930 4225 contra
969 4169 1216 4224 crescon.
1256 4175 1307 4223 et
1351 4174 1545 4225 contra
1591 4165 1867 4221 Gaudent.
2117 4166 2183 4219 14
2219 4164 2377 4218 nobis
2424 4166 2641 4218 tantum
2684 4160 2841 4216 modo

541 4278 598 4329 p.
645 4263 780 4324 623,
823 4261 860 4311 9
899 4259 1060 4328 Cypr.
1101 4261 1243 4326 Any.
1281 4262 1479 4312 contra
1520 4255 1769 4310 Crescon.
1809 4260 1859 4308 et
1896 4259 2093 4308 contra
2133 4253 2413 4308 Gaudent.
2554 4253 2617 4306 15
2654 4267 2841 4321 possu-

557 4365 676 4402 mus
706 4349 760 4401 P
863 4349 932 4402 23
971 4348 1050 4415 se]
1093 4347 1188 4401 sed
1227 4347 1283 4400 P
