3184 4959
496 423 629 486 460
1208 421 1261 476 S.
1324 419 1596 474 Aureli
1657 420 2090 490 Augustini

495 617 659 680 falsa
704 635 816 680 seu
866 634 1017 679 uera
1064 614 1469 679 nescierunt?
1526 613 1670 696 quis
1726 614 1908 679 locus
1966 615 2358 681 innocentiae
2413 617 2796 691 reseruntur,

494 722 551 786 si
600 723 831 786 crimen
882 725 983 786 est
1024 721 1351 803 proprium
1398 721 1643 786 nescire
1691 721 1924 786 crimen
1977 721 2296 787 alienum?
2345 739 2530 804 porro
2587 721 2642 786 si
2701 725 2800 786 tot

494 829 779 930 gentium
829 828 1097 911 populos
1146 829 1286 910 ipsa
1329 827 1708 912 ignorantia,
1757 829 1928 893 sicut
1975 827 2216 894 dictum
2264 831 2382 904 est,
2432 827 2796 894 innocentes

494 935 793 1012 ostendit,
851 954 1040 1017 quam
1096 953 1399 1018 magnum
1458 933 1694 998 crimen
1755 939 1854 998 est
1909 934 1986 998 ab
2045 935 2316 999 istorum
2361 933 2794 999 innocentium

494 1040 935 1106 communione
984 1040 1300 1124 separari?
1348 1059 1491 1104 nam
1540 1047 1606 1104 et
1651 1041 1820 1104 facta
1864 1041 2249 1116 nocentium,
2298 1059 2459 1122 quae
2505 1041 2795 1104 innocen·
2857 1063 2886 1101 s

492 1148 667 1212 tibus
714 1146 1132 1212 demonstrari
1176 1145 1281 1210 uel
1331 1147 1407 1210 ab
1456 1146 1897 1212 innocentibus
1945 1147 2116 1211 credi
2163 1165 2284 1212 non
2333 1150 2624 1228 possunt,
2671 1165 2790 1211 non

490 1251 825 1337 inquinant
868 1273 1271 1336 quemquam,
1313 1254 1369 1317 si
1406 1256 1664 1336 propter
1699 1251 2130 1318 innocentium
2170 1252 2561 1318 consortium
2599 1252 2792 1318 etiam

492 1359 747 1444 cognita
800 1361 1217 1424 sustinentur.
1282 1378 1405 1424 non
1464 1359 1631 1424 enim
1688 1363 1947 1442 propter
1995 1359 2196 1424 malos
2244 1357 2392 1423 boni
2439 1357 2788 1435 deserendi,

490 1465 603 1530 sed
666 1469 923 1549 propter
976 1466 1177 1531 bonos
1230 1464 1384 1529 mali
1440 1463 1752 1529 tolerandi
1811 1467 1981 1541 sunt,
2043 1464 2214 1528 sicut
2253 1462 2606 1528 tolerarunt
2649 1481 2789 1546 pro-

488 1573 737 1654 phetae,
788 1575 1001 1637 contra
1048 1591 1207 1653 quos
1254 1574 1433 1636 tanta
1477 1570 1792 1649 dicebant,
1850 1589 1964 1636 nec
2023 1571 2526 1634 communionem
2587 1587 2790 1634 saera-
2829 1598 2882 1634 ιο

400 1723 412 1738 .
488 1681 845 1744 mentorum
920 1678 1097 1743 illius
1170 1676 1391 1760 populi
1472 1676 1931 1758 relinquebant,
2019 1676 2188 1741 sicut
2267 1675 2404 1756 ipse
2491 1675 2784 1742 dominus

484 1787 817 1850 nocentem
881 1783 1107 1849 Iudam
1168 1801 1375 1865 usque
1432 1783 1511 1847 ad
1566 1783 1950 1867 condignum
2007 1783 2146 1848 eius
2203 1781 2439 1847 exitum
2486 1782 2788 1848 tolerauit

488 1896 553 1957 et
616 1911 763 1956 eum
828 1909 1071 1956 sacram
1138 1909 1355 1956 cenam
1422 1909 1569 1954 cum
1633 1891 2072 1956 innocentibus
2130 1890 2596 1956 communicare
2649 1907 2783 1970 per-

488 1999 685 2074 misit,
754 1999 922 2063 sicut
984 1999 1336 2062 tolerarunt
1390 1997 1666 2080 apostoli
1723 2017 1851 2072 eos,
1911 1997 2023 2080 qui
2075 2017 2189 2081 per
2233 1997 2563 2079 inuidiam,
2611 1995 2782 2080 quod

486 2105 691 2188 ipsius
752 2105 987 2170 diaboli
1040 2105 1276 2170 uitium
1333 2107 1450 2181 est,
1500 2103 1828 2170 Christum
1886 2103 2362 2185 adnuntiabunt,
2409 2106 2584 2170 sicut
2627 2104 2780 2168 tole·
2822 2128 2872 2164 ιε,

484 2213 655 2276 rauit
708 2211 1059 2295 Cyprianus
1126 2211 1513 2295 collegarum
1580 2212 1932 2290 auaritiam,
1991 2229 2183 2294 quam
2237 2211 2588 2278 secundum
2635 2227 2780 2292 apo·

486 2317 721 2380 stolum
772 2316 1049 2398 appellat
1092 2316 1469 2382 idolatriam.
1516 2321 1838 2400 postremo
1887 2319 2190 2401 quicquid
2233 2322 2386 2384 tunc
2433 2318 2777 2384 interillos

486 2422 819 2505 episcopos
895 2426 1149 2506 gestum
1224 2426 1343 2501 est,
1420 2424 1612 2488 etiam
1689 2425 1744 2490 si
1807 2425 1968 2490 forte
2033 2426 2110 2490 ab
2177 2426 2496 2508 aliquibus
2559 2445 2774 2490 eorum

486 2527 824 2605 sciebatur,
884 2529 938 2593 si
994 2548 1117 2593 non
1174 2529 1263 2594 sit
1318 2529 1602 2610 acceptio
1658 2549 2087 2613 personarum,
2145 2551 2310 2598 nunc
2356 2533 2434 2597 ab
2483 2532 2775 2598 omnibus

480 2634 825 2719 ignoratur.
912 2655 1023 2700 cur
1104 2655 1251 2720 ergo
1334 2655 1453 2702 non
1529 2637 1608 2702 ab
1691 2638 1986 2704 omnibus
2049 2659 2167 2722 pax
2231 2642 2539 2704 amaturP’
2618 2640 2775 2704 haec
2811 2663 2866 2702 20

482 2741 785 2806 facillime
843 2743 1121 2827 cogitare
1177 2744 1453 2826 possetis
1512 2749 1626 2808 aut
1685 2747 1958 2811 fortasse
2025 2748 2212 2812 etiam
2280 2747 2598 2832 cogitatis.
2662 2746 2772 2812 sed

480 2848 709 2914 melius
758 2853 910 2926 erat,
958 2855 1033 2914 ut
1078 2850 1373 2915 amaretis
1428 2852 1870 2933 possessiones
1923 2857 2223 2931 terrenaS,
2279 2871 2438 2935 quas
2493 2853 2772 2920 timendo

480 2956 738 3038 perdere
823 2955 1111 3040 cognitae
1194 2957 1451 3022 ueritati
1526 2960 1990 3038 consentiretis,
2066 2979 2255 3042 quam
2327 2965 2406 3026 ut
2475 2960 2770 3026 amaretis

660 3269 725 3321 14
760 3266 903 3320 Phil.
948 3270 993 3334 1,
1035 3269 1100 3321 15
1286 3269 1351 3322 16
1396 3269 1535 3338 Eph.
1586 3275 1638 3326 ἶ),
1685 3273 1742 3333 5;
1793 3271 1906 3326 Col.
1955 3273 2006 3333 3,
2055 3275 2111 3331 ὃς
2163 3271 2319 3342 Cypr.
2367 3289 2451 3344 ep.
2499 3277 2568 3330 55
2617 3291 2660 3330 c.
2699 3275 2766 3328 27

478 3371 527 3424 p.
568 3356 691 3418 644,
730 3356 995 3413 21-645,
1036 3359 1065 3410 ’ἲ
1107 3357 1189 3411 cd.
1231 3359 1438 3412 Hart-el.

548 3586 579 3638 3
618 3585 737 3653 ipsa
765 3601 867 3638 om..
902 3587 947 3636 (“
1035 3589 1067 3640 ὃ
1106 3587 1266 3655 quae]
1300 3584 1444 3654 quod
1475 3587 1527 3638 A
1623 3588 1652 3640 7
1694 3587 2046 3657 coinquinant
2071 3589 2128 3644 R
2217 3595 2252 3644 8
2289 3591 2606 3658 sustinetur,
2634 3609 2700 3645 m.
2725 3597 2764 3644 :e

474 3675 811 3727 sustinentur
846 3675 916 3726 M
954 3675 1322 3729 sustinenetur
1358 3677 1409 3728 A
1519 3675 1650 3730 boni
1687 3695 1788 3730 om.
1825 3677 1879 3731 L
1961 3679 1994 3732 9
2034 3679 2270 3732 toleraru
2307 3697 2430 3734 cum
2464 3696 2578 3734 ras,
2603 3697 2764 3750 super

396 3793 401 3801 ·
474 3779 505 3814 u
548 3774 635 3826 (m.
659 3769 687 3815 1
727 3764 787 3816 in
822 3768 1152 3832 vna1·9.‘unt)
1191 3764 1266 3817 M
1296 3764 1670 3819 tolerauerunt
1707 3765 1760 3821 R
1798 3767 1918 3821 edd.
1957 3766 2260 3822 tolerauere
2297 3768 2349 3822 L
2441 3770 2505 3824 10
2531 3769 2666 3823 talia
2695 3769 2768 3822 M

542 3879 757 3933 dicebat
792 3881 1313 3943 necommunionmn,
1350 3897 1419 3934 m.
1441 3884 1481 3934 2
1518 3881 1736 3936 (licebat
1771 3852 2274 3938 necourmunionem
2317 3885 2366 3938 0
2513 3887 2578 3939 13
2615 3887 2757 3955 eum]

470 3985 588 4020 cum
634 3969 681 4018 (¹
808 3970 872 4022 14
909 3968 1280 4023 tolerauerunt
1314 3969 1370 4022 R
1502 3972 1565 4025 16
1603 3971 1944 4040 collegerunt
1979 3975 2032 4025 A
2168 3974 2232 4027 17
2272 3973 2534 4044 appellati
2575 3976 2616 4040 (i
2655 3975 2756 4028 del.

469 4073 538 4110 m.
568 4063 631 4109 ut
656 4057 772 4110 uid.
804 4063 850 4126 1)
880 4057 1165 4111 dolatriam
1190 4061 1237 4110 A
1376 4059 1742 4113 idololatriam
1772 4061 1890 4115 edd.
1915 4067 2140 4130 praeter
2167 4079 2204 4114 a
2315 4063 2382 4115 19
2411 4078 2758 4132 personarum

470 4147 713 4216 acceptio
750 4149 805 4202 R
985 4147 1049 4199 21
1100 4147 1357 4201 facillime
1405 4149 1670 4218 cogitare]
1721 4149 1979 4202 facillime
2017 4151 2294 4214 facillime,
2331 4169 2401 4204 m.
2427 4155 2468 4205 2
2502 4151 2758 4206 facillime

471 4235 711 4304 cogitare
756 4235 831 4287 M
980 4237 1049 4288 ‘22
1102 4237 1467 4305 possessiones
1524 4241 1780 4292 amaretis
1827 4238 1881 4292 R
2061 4241 2758 4309 possessiones-amaretis

468 4341 570 4377 om.
609 4323 659 4376 L
