3184 4959
444 627 519 688 17

544 428 671 492 368
1262 427 1313 480 S.
1370 426 1640 479 Aureli
1701 429 2132 496 Augustini

632 620 861 684 Fateor
908 639 1057 683 sane
1104 619 1165 683 in
1217 639 1310 698 e0,
1362 620 1532 700 quod
1590 620 1866 702 epistula
1921 640 2060 686 mea
2118 623 2414 700 continet,
2475 624 2644 706 quod
2704 625 2843 690 ideo

544 729 933 790 sacramenta
1004 725 1378 790 Iudaeomm
1453 726 1694 790 Paulus
1770 726 2141 791 celebranda
2225 733 2612 812 susceperat,
2697 749 2842 794 cnm

542 834 669 896 iam
728 832 961 897 Christi
1028 835 1199 897 esset
1260 832 1613 914 apostoluS,
1682 835 1756 896 ut
1810 832 2064 898 doceret
2121 854 2239 898 non
2301 854 2442 900 esse
2487 836 2840 918 perniciosa

543 939 663 1016 his,
715 939 823 1021 qui
870 958 943 1002 ea
988 939 1244 1016 uellent,
1296 938 1463 1002 sicut
1512 957 1546 1001 a
1594 938 1961 1020 parentibus
2019 959 2128 1023 per
2182 943 2388 1025 legem
2447 947 2840 1025 acceperant,

544 1046 883 1124 custodire,
950 1046 1161 1109 minus
1226 1063 1325 1108 me
1390 1045 1684 1127 posuisse
1741 1045 1869 1110 ‘illo
1929 1047 2076 1111 dum
2134 1051 2306 1112 taxat
2361 1053 2664 1131 tempore,
2717 1069 2838 1131 quo
2903 1077 2930 1114 5

542 1153 817 1235 primum
881 1153 1027 1217 fidei
1093 1152 1296 1234 gratia
1358 1153 1643 1216 reuelata
1708 1155 1845 1230 est’,
1911 1157 2062 1218 tunc
2129 1156 2292 1220 enim
2351 1156 2470 1220 hoc
2525 1175 2648 1220 non
2709 1159 2842 1220 erat

543 1260 987 1342 perniciosum.
1054 1277 1397 1342 progressu
1454 1279 1606 1325 uero
1661 1261 1962 1340 temporis
2020 1261 2166 1324 illae
2226 1263 2704 1326 obseruationes
2761 1262 2838 1326 ab

545 1367 834 1430 omnibus
904 1365 1276 1432 Christianis
1353 1366 1804 1445 desererentur,
1880 1387 1976 1444 ne,
2055 1369 2109 1432 si
2182 1372 2332 1433 tunc
2410 1369 2651 1446 fierent,
2717 1389 2838 1434 non

544 1473 1019 1552 discerneretur,
1096 1473 1263 1554 quod
1331 1473 1487 1538 deus
1551 1475 1788 1557 populo
1849 1493 1964 1538 suo
2017 1495 2132 1558 per
2175 1477 2438 1560 Moysen
2496 1477 2834 1560 praecepit,

543 1581 619 1644 ab
672 1600 764 1656 eo,
813 1582 981 1663 quod
1028 1581 1089 1644 in
1138 1580 1395 1663 templis
1446 1580 1920 1646 daemoniorum
1969 1583 2231 1666 spiritus
2279 1583 2620 1648 inmundus
2658 1583 2836 1649 insti·
2877 1611 2924 1648 ιο

544 1687 687 1753 tuit.
754 1687 1013 1770 proinde
1068 1687 1282 1769 potius
1340 1687 1652 1770 culpanda
1708 1691 1806 1752 est
1861 1688 2260 1772 neglegentia
2313 1708 2474 1768 mea,
2524 1691 2674 1772 quia
2717 1690 2836 1755 hoc

542 1814 663 1858 non
730 1793 963 1871 addidi,
1020 1813 1207 1877 quarn
1267 1793 1624 1877 obiurgatio
1680 1797 1812 1858 tua.
1879 1815 2104 1859 uerum
2158 1798 2367 1860 tamen
2423 1797 2612 1880 longe
2671 1801 2833 1861 ante.

544 1921 731 1983 quam
777 1905 923 1965 tuas
970 1902 1215 1965 litteras
1264 1900 1674 1983 accepissem,
1723 1901 2006 1967 scribens
2046 1906 2260 1967 contra
2289 1901 2598 1967 Faustum
2637 1904 2835 1968 Mani-

542 2011 805 2074 chaeum
865 2028 987 2091 quo
1044 2008 1231 2072 modo
1290 2008 1555 2072 eundem
1612 2008 1826 2073 locum
1884 2010 2178 2090 quamuis
2233 2011 2515 2074 breuiter
2571 2011 2836 2093 explica-

540 2117 739 2180 uerim
806 2121 870 2180 et
932 2116 1053 2180 hoc
1117 2115 1251 2178 illic
1317 2133 1439 2179 non
1496 2115 2052 2197 praetermiserim,
2112 2120 2176 2180 et
2220 2116 2430 2198 legere
2477 2117 2730 2198 poterit,
2781 2117 2918 2181 si15

542 2241 663 2288 non
732 2223 1123 2306 dedignetur,
1189 2221 1543 2305 benignita-s
1613 2225 1726 2287 tua
1793 2226 1857 2287 et
1913 2242 1948 2286 a
2003 2223 2349 2288 carissimis
2413 2223 2670 2300 nostris,
2725 2243 2835 2306 per

543 2349 700 2411 quos
766 2330 922 2394 haec
988 2329 1224 2410 scripta
1288 2347 1451 2393 nunc
1506 2328 1674 2406 misi,
1733 2347 1856 2410 quo
1913 2328 2100 2392 modo
2157 2329 2462 2396 nolueris,
2507 2329 2630 2393 tibi
2675 2329 2828 2393 fides

540 2436 653 2500 fiat
715 2436 875 2501 illud
941 2453 1042 2499 me
1108 2437 1249 2499 ante
1318 2435 1614 2499 dictasse.
1681 2435 1962 2517 mihique
2032 2436 2106 2500 de
2166 2436 2373 2500 animo
2432 2455 2572 2501 meo
2630 2435 2828 2500 crede.

543 2542 712 2624 quod
787 2561 996 2606 coram
1070 2541 1183 2606 deo
1261 2543 1525 2623 loquens
1590 2541 1726 2604 iure
1793 2541 2074 2606 caritatis
2132 2561 2420 2625 exposco,
2485 2562 2828 2626 numquam

538 2649 697 2713 mihi
742 2649 957 2714 uisum
1002 2649 1201 2713 fuisse
1260 2649 1447 2712 etiam
1504 2666 1672 2711 nunc
1731 2647 2122 2713 Christianos
2189 2669 2259 2712 ex
2313 2647 2565 2713 Iudaeis
2631 2649 2828 2714 factos
2865 2673 2914 2713 -20

542 2760 933 2820 sacramenta
996 2755 1107 2820 illa
1160 2758 1380 2820 uetera
1434 2755 1721 2836 quolibet
1777 2755 2028 2834 affectu,
2087 2756 2373 2838 quolibet
2417 2755 2624 2820 animo
2675 2757 2829 2820 cele-

724 3035 860 3090 1—5
898 3059 966 3080 =
1004 3052 1057 3104 p.
1100 3035 1184 3098 74,
1217 3035 1356 3087 1-4
1506 3035 1571 3088 13
1603 3035 1671 3091 cf.
1699 3035 1926 3103 August.
1961 3038 2150 3088 contra
2178 3035 2438 3088 Faustum
2469 3034 2502 3090 l.
2533 3035 2658 3087 xlx
2690 3051 2732 3088 c.
2766 3035 2827 3087 17

617 3194 641 3246 1
686 3193 835 3260 sane]
876 3209 1015 3246 nane
1052 3192 1107 3243 P
1247 3193 1302 3245 in
1342 3208 1404 3244 eo
1445 3191 1613 3260 quod]
1654 3193 1709 3245 in
1749 3207 1810 3245 eo
1852 3192 1994 3261 quod
2029 3193 2088 3246 in
2126 3209 2187 3247 eo
2215 3199 2266 3247 Α
2409 3207 2531 3246 mea
2567 3207 2668 3245 om.
2701 3189 2828 3244 AP¹

543 3283 787 3336 continet
820 3299 941 3336 mea
968 3281 1091 3336 edd.
1234 3280 1384 3350 ideo]
1425 3282 1480 3334 in
1514 3297 1574 3334 eo
1605 3279 1661 3335 R
1769 3281 1802 3334 2
1839 3285 2196 3344 sacramente,
2235 3299 2302 3338 m.
2325 3285 2365 3335 2
2401 3283 2738 3336 sacramenta
2763 3279 2835 3333 M

542 3373 573 3426 3
612 3374 717 3425 iam
757 3389 858 3425 om.
898 3371 995 3424 HI
1118 3373 1153 3424 4
1191 3371 1353 3438 sicut]
1395 3374 1458 3424 ut
1494 3371 1637 3424 sicut
1672 3370 1848 3424 PMA
1973 3374 2006 3426 5
2046 3375 2274 3434 custore,
2315 3387 2452 3425 corr.
2491 3387 2561 3424 m.
2585 3375 2613 3422 1
2653 3371 2827 3423 custo-

543 3460 657 3514 dire
692 3461 748 3512 P
887 3460 1139 3514 minimus
1178 3461 1216 3512 I
1352 3459 1594 3529 potuisse
1635 3460 1690 3511 P
1847 3459 1941 3528 qui
1977 3459 2033 3513 P
2157 3462 2189 3514 6
2226 3457 2333 3512 fide
2368 3459 2496 3512 PM
2639 3459 2742 3512 erit
2777 3459 2828 3510 A

544 3552 572 3602 7
610 3551 871 3619 temporis
918 3551 1035 3603 erat
1080 3549 1443 3617 perniciesrm
1492 3549 1600 3601 nisi
1644 3549 1771 3602 illae
1811 3549 1930 3602 edd.
1967 3555 2268 3617 praet-erm
2447 3549 2480 3601 8
2518 3547 2830 3600 deserentur

544 3639 830 3709 PQMAE
968 3655 1037 3692 ne
1076 3639 1121 3692 si
1160 3655 1237 3691 an
1272 3639 1329 3692 ni
1368 3639 1414 3691 si
1448 3639 1716 3706 scriptum
1753 3638 1840 3700 sit,
1871 3639 2138 3692 incertum
2171 3637 2230 3690 R
2267 3637 2374 3690 nisi
2417 3636 2522 3706 ΟΕ
2555 3635 2700 3706 qnod
2727 3635 2830 3688 nisi

542 3729 640 3781 HI
779 3729 935 3782 fieret
968 3727 1433 3797 HPQMIAPOE
1446 3745 1501 3781 m
1685 3727 1750 3779 10
1786 3727 1991 3796 templo
2029 3727 2085 3782 A
2237 3727 2257 3780 i
2295 3725 2746 3793 dae,moniorum
2781 3723 2834 3775 P

610 3817 899 3870 inmundos
932 3816 1038 3888 ΟΕ
1109 3817 1173 3870 13
1209 3815 1423 3869 litteras
1462 3819 1583 3868 tuas
1613 3815 1669 3871 R
1696 3815 1811 3868 edd.
1845 3815 2058 3870 litteras
2089 3819 2212 3882 (om.
2244 3817 2388 3878 tuas)
2435 3812 2543 3884 ΘΕ
2621 3815 2688 3867 14
2711 3812 2826 3866 bre·

540 3907 684 3959 biter
722 3905 1098 3975 explicaberim
1137 3905 1244 3959 HI
1410 3905 1474 3958 15
1510 3905 1593 3956 illi
1633 3903 1735 3958 HI
1877 3908 1931 3957 et
1967 3921 2070 3958 om.
2110 3905 2211 3958 111
2351 3904 2595 3974 potuerit
2635 3902 2736 3972 ΡΟ
2773 3907 2828 3966 (ιι

542 3997 683 4064 erp.)
719 3995 844 4050 MR
976 3995 1038 4051 16
1080 3998 1134 4048 et
1172 4011 1204 4046 a
1240 4011 1343 4046 om.
1382 3993 1484 4048 HI
1629 4010 1660 4046 a
1695 4009 1799 4048 om.
1837 3993 1893 4045 P
2019 3994 2083 4046 17
2121 4009 2262 4046 nunc
2301 3993 2434 4046 haec
2471 3992 2676 4062 scripta
2711 3989 2826 4044 edd.

612 4085 773 4152 nnnc]
813 4099 921 4136 non
959 4084 1079 4136 PM
1116 4099 1221 4136 non
1252 4099 1275 4133 ἰ
1320 4085 1535 4150 (parua
1572 4081 1710 4149 ras.)
1747 4081 1803 4132 A
1911 4081 2014 4132 nisi
2057 4079 2104 4148 Q
2141 4082 2198 4144 (n
2237 4097 2304 4132 ex
2341 4095 2471 4140 raa,
2509 4079 2683 4144 fuisse
2717 4077 2828 4130 uid.

544 4174 617 4241 m)
653 4173 713 4227 E
749 4177 898 4236 (m.2
934 4170 1080 4238 misi)
1220 4171 1285 4223 18
1324 4169 1434 4234 fiat,
1472 4175 1601 4224 m.2
1637 4171 1734 4222 fiet
1770 4169 1842 4221 P¹
1887 4170 1979 4222 fiet
2013 4169 2140 4222 Em
2283 4185 2387 4236 me,
2424 4171 2552 4220 m.2
2590 4185 2622 4220 a
2657 4183 2742 4220 me
2777 4166 2834 4219 E

616 4261 762 4314 dicta
799 4277 915 4314 esse
958 4260 1005 4330 Q
1040 4259 1243 4313 dictum
1286 4275 1401 4312 esse
1441 4260 1499 4312 Ε
1679 4260 1743 4312 19
1781 4258 1970 4326 loques
2009 4257 2076 4310 H
2269 4258 2401 4318 iure,
2441 4272 2579 4311 corr.
2621 4255 2828 4321 (m.1?1

540 4351 660 4402 iura
700 4349 763 4400 M
871 4351 934 4402 21
978 4349 1222 4418 quelibet
1260 4348 1325 4401 H
1464 4347 1685 4401 affectui
1728 4346 1774 4416 Q

3137 4360 3172 4557 t—
