3184 4959
1101 453 1629 524 epistularum
1684 451 1871 508 LXIX.
2499 455 2629 518 245

333 653 688 729 inuentum,
744 653 838 729 ut,
896 651 1064 733 quod
1118 651 1182 714 in
1241 650 1380 715 eius
1438 649 1624 714 corde
1684 647 1943 713 diuinus
1990 666 2196 713 sermo
2248 645 2627 722 aedificauit,

333 777 736 841 nequaquam
780 759 1132 840 tempestas
1177 755 1372 820 huius
1417 753 1858 838 temptationis
1916 755 2247 830 euerteret,
2304 752 2399 816 sic
2454 755 2629 834 opta-

334 885 484 930 mus
530 869 596 929 et
641 864 1051 946 deprecamur
1096 883 1132 928 a
1177 862 1452 942 domino,
1499 866 1574 926 ut
1621 861 2033 943 consequenti
2070 860 2207 925 uita
2244 862 2309 924 et
2342 859 2627 924 moribus

336 971 476 1036 suis
539 972 748 1054 magis
811 971 1146 1054 magisque
1209 969 1508 1043 declaret,
1565 987 1753 1051 quam
1810 967 1966 1032 bene
2024 971 2321 1052 gesturus
2375 965 2627 1043 fuisset,

265 1103 292 1140 ε,
338 1077 507 1160 quod
569 1077 852 1160 profecto
919 1081 1184 1162 gereret,
1242 1076 1298 1142 si
1345 1075 1466 1140 hoc
1514 1076 1920 1159 oportuisset.
1975 1073 2361 1139 retribuatur
2406 1073 2462 1136 ei
2508 1091 2629 1154 pax

335 1188 608 1263 aeterna,
676 1203 836 1267 quae
900 1183 1216 1267 promissa
1271 1187 1371 1248 est
1425 1183 1753 1261 ecclesiae,
1810 1183 1918 1265 qui
1974 1180 2287 1247 intellexit
2332 1179 2457 1244 sibi
2503 1198 2625 1244 non

334 1290 646 1374 expedire,
693 1291 863 1374 quod
907 1291 1048 1374 paci
1093 1310 1216 1356 non
1263 1289 1633 1372 expediebat
1677 1289 2001 1354 ecclesiae.

139 1391 183 1452 2
424 1397 520 1462 Tu
586 1417 760 1473 uero,
824 1397 916 1461 fili
981 1397 1329 1474 carissime,
1394 1416 1518 1462 non
1583 1395 1897 1460 mediocre
1956 1394 2260 1480 gaudium
2315 1396 2625 1470 nostrum,

335 1505 445 1586 qui
501 1505 677 1570 nulla
731 1506 846 1570 tali
891 1505 1270 1570 necessitate
1317 1523 1354 1568 a
1399 1502 1807 1586 suscipiendo
1855 1501 2228 1584 episcopatu
2273 1497 2625 1582 impediris,

243 1635 296 1672 ιο
335 1611 522 1676 decet
583 1612 861 1676 indolem
917 1617 1096 1677 tuam
1153 1610 1406 1676 Christo
1460 1611 1526 1676 in
1579 1613 1644 1674 te
1703 1609 1933 1688 dicare,
1980 1608 2149 1691 quod
2197 1606 2393 1672 dedit.
2448 1606 2626 1690 inge-

333 1719 510 1784 nium
567 1721 800 1802 quippe
853 1721 1060 1796 tuum,
1116 1717 1471 1801 prudentia,
1527 1715 1910 1799 eloquentia,
1960 1716 2265 1801 grauitas,
2314 1714 2624 1780 sobrietas

273 1855 282 1860 ·
336 1830 402 1890 et
473 1830 700 1905 cetera,
769 1827 1000 1908 quibus
1068 1828 1366 1890 ornantur
1427 1843 1635 1890 mores
1701 1825 1817 1900 tui,
1884 1823 2047 1888 dona
2110 1826 2263 1887 sunt
2326 1821 2445 1888 dei.
2522 1821 2627 1886 cui

332 1934 566 1998 melius
633 1933 920 1999 seruiunt
983 1951 1174 2016 quam
1229 1931 1348 2010 illi,
1407 1952 1444 1998 a
1498 1949 1623 2014 quo
1680 1932 1921 1996 tributa
1966 1935 2135 2009 sunt,
2182 1935 2258 1995 ut
2304 1933 2369 1994 et
2414 1932 2625 1993 custo-

333 2040 588 2104 diantur
652 2044 716 2104 et
779 2041 1132 2124 augeantur
1195 2043 1259 2104 et
1321 2037 1728 2122 perficiantur
1791 2041 1856 2102 et
1916 2041 2433 2102 remunerentur?
2499 2054 2623 2101 non

243 2169 294 2208 ιε
333 2147 618 2212 seruiant
663 2147 810 2212 huic
857 2147 1132 2227 saeculo,
1179 2165 1259 2212 ne
1301 2149 1649 2210 uanescunt
1684 2165 1829 2210 eum
1866 2145 1978 2208 illo
2018 2147 2208 2226 atque
2246 2143 2623 2227 dispereant.

331 2273 456 2320 non
521 2253 632 2319 diu
693 2257 907 2318 tecum
973 2253 1036 2318 in
1101 2253 1219 2318 hoe
1277 2252 1592 2338 agendum
1647 2251 1969 2328 nouimus,
2026 2254 2263 2334 quanta
2313 2251 2623 2317 facilitate

335 2359 692 2426 consideres
758 2379 905 2444 spes
961 2359 1242 2425 inanium
1299 2359 1627 2424 hominum
1684 2362 1750 2424 et
1794 2359 2189 2424 insatiabiles
2239 2359 2623 2442 cupiditates

333 2472 396 2532 et
437 2468 744 2534 incertam
815 2469 1034 2533 uitam.
1101 2467 1281 2532 abice
1337 2466 1534 2552 igitur
1587 2485 1661 2530 ex
1716 2466 1946 2545 animo,
1994 2467 2298 2550 quicquid
2342 2471 2623 2534 terrenae

333 2579 524 2658 atque
603 2574 802 2640 falsae
873 2573 1202 2640 felicitatis
1275 2573 1707 2657 expectatione
1774 2577 2172 2656 conceperat;
2240 2592 2495 2656 operare
2559 2577 2621 2642 in

240 2702 296 2744 ιο
333 2701 484 2766 agro
549 2681 672 2762 dei,
730 2681 842 2746 ubi
895 2687 1106 2746 certus
1163 2684 1262 2747 est
1313 2681 1584 2758 fructus,
1642 2681 1753 2745 ubi
1808 2684 1941 2746 tam
1993 2683 2201 2747 multa
2251 2686 2429 2748 tanto
2478 2687 2621 2748 ante

330 2788 648 2871 promissa
710 2787 1028 2872 completa
1089 2791 1260 2868 sunt,
1335 2791 1410 2853 ut
1480 2807 1574 2864 ea,
1652 2807 1813 2870 quae
1888 2791 2147 2864 restant,
2219 2789 2621 2856 insanissime

332 2894 764 2976 desperentur.
829 2894 1236 2958 obsecramus
1292 2897 1356 2958 te
1401 2913 1520 2975 per
1560 2892 1799 2959 Christi
1846 2893 2245 2960 diuinitatem
2294 2899 2359 2961 et
2402 2895 2621 2961 huma-

329 3003 618 3080 nitatem,
654 3021 768 3084 per
801 3019 1022 3083 pacem
1061 3001 1354 3066 caelestis
1391 3001 1567 3066 illius
1608 3001 1909 3078 ciuitatis,
1949 3001 2115 3065 unde
2152 3002 2621 3085 peregrinantes

330 3108 546 3174 labore
589 3108 926 3192 temporali
971 3111 1288 3173 aeternam
1331 3107 1617 3191 requiem
1665 3127 2125 3191 comparamus,
2165 3111 2237 3173 ut
2274 3108 2339 3174 in
2380 3109 2621 3191 episco-

239 3233 292 3272 25
329 3218 552 3297 patum
600 3213 972 3300 Bagaiensis
1020 3215 1326 3280 ecclesiae
1372 3215 1550 3280 fratri
1598 3219 1709 3280 tuo
1756 3233 1877 3280 non
1918 3215 2335 3299 ignominiose
2372 3215 2621 3282 cadenti

331 3321 444 3386 sed
517 3321 792 3405 gloriose
867 3321 1119 3388 cedenti
1191 3321 1517 3386 succedas.
1602 3321 1783 3402 plebs
1856 3322 1987 3400 illa,
2074 3323 2177 3388 cui
2258 3342 2371 3405 per
2442 3326 2618 3387 tuam

328 3431 608 3493 mentem
655 3448 726 3494 ac
760 3428 1047 3513 linguam
1086 3428 1266 3493 donis
1304 3428 1407 3495 dei
1440 3429 1843 3494 fecundatam
1884 3432 1949 3492 et
1984 3432 2265 3494 ornatam
2304 3429 2621 3494 uberrima

328 3536 712 3600 incrementa
766 3553 1114 3617 speramus,
1171 3535 1234 3599 in
1291 3539 1356 3601 te
1411 3534 1745 3619 intellegat
1798 3536 2055 3600 fratrem
2104 3539 2287 3600 tuum
2336 3553 2459 3600 non
2505 3555 2617 3618 pro

399 3831 432 3885 3
471 3831 589 3885 uita
636 3830 892 3892 moribus,
937 3835 1058 3884 m.1
1103 3846 1240 3884 corr.
1289 3830 1407 3884 uita
1443 3833 1500 3885 et
1537 3830 1775 3884 moribus
1824 3830 1879 3885 U
2048 3833 2081 3884 4
2124 3847 2281 3900 quam
2320 3832 2383 3886 in
2418 3847 2533 3885 ras.
2576 3832 2625 3882 V

329 3921 362 3972 5
400 3918 448 3972 si
486 3922 542 3972 et
577 3919 682 3972 hoc
721 3921 801 3987 (et
831 3918 898 3972 in
931 3918 1068 3990 ras.)
1115 3917 1168 3970 V
1199 3919 1244 3972 si
1279 3919 1337 3972 in
1373 3920 1476 3973 hoc
1512 3918 1567 3974 U
1674 3919 1740 3972 12
1777 3921 1957 3972 cetera
1993 3935 2095 3972 om.
2141 3917 2197 3973 U
2304 3919 2368 3973 13
2408 3920 2457 3972 ei
2496 3919 2614 3974 edd.

399 4007 622 4061 turbata
655 4007 706 4061 T
775 4008 840 4062 15
881 4011 1044 4078 atque
1083 4006 1393 4076 dispereant
1430 4023 1548 4061 cum
1585 4007 1681 4062 illo
1728 4006 1780 4061 U
1885 4011 2047 4076 atque
2086 4025 2187 4063 om.
2224 4007 2275 4060 T
2348 4008 2413 4061 16
2452 4024 2615 4077 agen-

328 4095 476 4165 dum]
515 4097 731 4165 agenda
760 4102 788 4150 e
819 4101 870 4162 (e
907 4097 970 4150 in
1005 4111 1117 4150 ras.
1147 4113 1216 4152 m.
1235 4100 1293 4164 2)
1331 4096 1384 4150 V
1482 4097 1543 4150 18
1575 4112 1703 4165 ergo
1741 4096 1792 4150 T
1892 4097 1956 4149 19
1985 4097 2171 4164 atque]
2215 4097 2271 4148 et
2307 4094 2361 4149 U
2489 4113 2616 4150 con-

327 4189 564 4255 ceperat,
601 4201 738 4240 corr.
767 4187 888 4241 m.1
924 4203 1242 4255 conceperas
1290 4185 1343 4239 V
1380 4201 1703 4254 conceperas
1750 4184 1805 4238 U
1920 4185 1985 4239 21
2027 4185 2297 4252 completa
2332 4187 2459 4238 sunt
2494 4201 2617 4254 pro-

323 4274 494 4328 missa
528 4275 646 4329 edd.
725 4277 794 4330 23
831 4277 948 4344 per]
991 4280 1045 4330 et
1081 4291 1178 4344 per
1224 4275 1274 4326 V
1309 4279 1426 4346 (per
1460 4291 1501 4328 s.
1539 4291 1592 4328 u.
1630 4292 1699 4328 m.
1721 4279 1770 4340 1)
1820 4273 1874 4328 U
1940 4275 2012 4328 24
2048 4273 2104 4328 in
2142 4273 2459 4343 episcopatu
2497 4273 2616 4328 edd.

325 4365 396 4419 25
435 4365 746 4434 uaginensis
783 4363 939 4420 codd.
978 4364 1100 4420 edd.
1245 4365 1312 4419 28
1349 4381 1446 4435 pro
1485 4381 1584 4418 om.
1634 4361 1688 4416 U
