3184 4959
449 1015 482 1076 1

452 2727 491 2786 2

533 468 661 530 514
1266 465 1319 518 S.
1376 463 1652 518 Aureli
1705 465 2136 534 Augustini

1566 659 1791 726 XCVI.

532 799 826 856 DOMINO
876 799 1387 856 DILECTISSIMO
1434 800 1527 854 ET
1572 800 1655 854 IN
1705 799 1996 855 CHRISTI
2039 801 2369 856 MEMBRIS
2421 801 2838 857 HONORABI-

723 890 937 944 LITER
974 889 1516 945 AMPLECTENDO
1556 889 1753 945 FILIO
1795 889 2121 946 OLYMPIO
2162 890 2643 946 AUGUSTINUS.

627 1014 944 1101 Quicquid
1000 1017 1089 1081 sis
1156 1017 1505 1082 secundum
1566 1017 1806 1082 saeculi
1863 1015 2056 1081 huius
2117 1035 2392 1096 cursum,
2450 1035 2566 1082 nos
2623 1020 2840 1081 tamen

537 1124 864 1188 carissimo
914 1127 979 1188 et
1024 1123 1449 1189 sincerissimo
1500 1141 1806 1190 conseruo
1867 1127 2083 1188 nostro
2135 1121 2426 1207 Olympio
2477 1122 2840 1188 Christiano
2902 1147 2932 1187 ⁵

538 1230 843 1295 fidissime
910 1229 1269 1296 scribimus,
1337 1231 1456 1295 hoc
1515 1231 1682 1296 enim
1737 1230 1856 1296 tibi
1911 1250 2050 1295 esse
2115 1232 2354 1296 scimus
2413 1231 2580 1296 omni
2639 1231 2844 1316 gloria

536 1336 879 1421 gloriosius
930 1341 993 1402 et
1040 1338 1211 1404 omni
1258 1337 1652 1402 sublimitate
1701 1337 2063 1402 sublimius
2111 1337 2280 1402 fama
2317 1337 2550 1421 quippe
2599 1337 2676 1401 ad
2722 1357 2842 1402 nos

537 1445 801 1527 pertulit
846 1445 1147 1510 honorem
1195 1448 1258 1510 te
1300 1445 1598 1528 adeptum
1638 1465 1778 1510 esse
1819 1445 2172 1522 celsiorem,
2222 1463 2381 1527 quae
2426 1447 2643 1508 utrum
2689 1463 2842 1508 uera

538 1554 730 1631 esset,
814 1551 1094 1616 nondum
1178 1551 1345 1634 apud
1429 1571 1541 1616 nos
1626 1551 1832 1616 fuerat
1905 1551 2366 1627 confirmatum,
2453 1570 2601 1616 cum
2683 1552 2838 1616 haec

539 1658 856 1723 scribendi
903 1658 1193 1742 prouenit
1241 1659 1509 1724 occasio.
1559 1659 1672 1723 sed
1709 1659 2005 1742 quoniam
2053 1659 2351 1724 nouimus
2399 1661 2462 1722 te
2510 1677 2547 1721 a
2585 1657 2838 1723 domino
2881 1683 2935 1722 ιο

540 1765 840 1830 didicisse
900 1784 1019 1830 non
1079 1766 1209 1830 alta
1264 1784 1481 1849 sapere
1540 1766 1652 1830 sed
1711 1766 2058 1830 humilibus
2115 1764 2488 1842 consentire,
2553 1765 2840 1846 quolibet

540 1871 816 1936 culmine
894 1875 1237 1954 prouectus
1313 1891 1507 1951 33333,
1582 1893 1702 1936 non
1780 1873 1980 1950 aliter,
2057 1891 2244 1955 quam
2321 1872 2508 1950 soles,
2590 1872 2840 1936 litteras

541 1981 788 2042 nostras
835 1981 899 2043 te
948 1982 1351 2062 accepturum
1400 1999 1541 2044 esse
1590 1980 2077 2061 praesumimus,
2127 1979 2377 2043 domine
2424 1977 2840 2044 dilectissime

543 2088 607 2148 et
651 2085 715 2149 in
756 2085 994 2151 Christi
1040 2085 1338 2150 membris
1386 2086 1838 2151 honorabiliter
1873 2085 2302 2169 amplectende
2351 2085 2462 2151 fili.
2509 2085 2842 2168 temporali

542 2212 691 2258 uero
744 2192 1051 2256 felicitate
1100 2193 1176 2256 ad
1225 2195 1477 2257 aeterna
1528 2192 1707 2256 lucra
1751 2197 1816 2256 te
1872 2193 2210 2276 prudenter
2254 2211 2523 2257 usurum
2579 2192 2842 2255 minime
2881 2217 2940 2254 15

545 2299 933 2377 dubitamuS,
991 2301 1085 2377 ut,
1143 2303 1377 2381 quanto
1434 2301 1581 2382 plus
1637 2303 1822 2384 potes
1869 2299 1933 2363 in
1987 2299 2104 2363 hac
2151 2302 2399 2364 terrena
2443 2317 2509 2363 re
2563 2297 2842 2381 publica.

541 2409 718 2471 tanto
776 2406 922 2488 plus
978 2405 1282 2488 inpendas
1333 2405 1590 2472 caelesti
1647 2406 1764 2484 illi,
1823 2424 1982 2487 quae
2037 2408 2100 2470 te
2155 2405 2219 2470 in
2267 2405 2519 2470 Christo
2573 2404 2842 2490 peperit.

544 2513 815 2590 ciuitati,
884 2513 1050 2596 quod
1116 2513 1234 2576 tibi
1291 2512 1548 2577 uberius
1614 2513 1991 2596 rependatur
2041 2514 2105 2578 in
2169 2514 2426 2598 regione
2482 2511 2840 2578 uiuentium

544 2623 608 2684 et
650 2620 714 2684 in
762 2638 913 2684 uera
956 2639 1111 2702 pace
1161 2637 1528 2684 securorum
1578 2639 1650 2684 ac
1699 2620 1832 2684 sine
1879 2619 2002 2684 fine
2049 2619 2443 2704 gaudiorum.

632 2725 845 2790 Sancti
911 2726 1124 2790 fratris
1183 2731 1245 2789 et
1301 2724 1664 2809 coepiscopi
1717 2726 1843 2791 mei
1896 2726 2201 2791 Bonifatii
2265 2725 2638 2810 petitionem
2690 2728 2842 2790 tuae
2879 2753 2938 2792 20

542 2853 763 2898 rursus
823 2834 1069 2898 caritati
1126 2834 1519 2912 commendo,
1584 2853 1660 2898 ne
1725 2834 1888 2899 forte
1945 2853 2106 2898 nunc
2175 2833 2308 2898 fieri
2375 2833 2602 2917 possit,
2668 2831 2840 2915 quod

727 3059 788 3112 11
832 3057 983 3112 Rom.
1028 3059 1109 3126 12,
1155 3060 1218 3112 16

758 3183 814 3235 P
864 3209 929 3228 =
970 3183 1088 3237 cod.
1127 3183 1431 3236 Parisinus
1464 3199 1596 3238 nou.
1639 3201 1753 3252 aeq.
1795 3188 1950 3238 1443
1983 3201 2026 3238 3.
2067 3184 2308 3238 IX—X.

756 3273 833 3325 M
866 3296 932 3317 =
972 3273 1088 3325 cod.
1126 3273 1486 3326 Monacensis
1528 3276 1688 3326 6266
1723 3290 1765 3326 3.
1805 3276 1879 3328 X.

758 3359 819 3412 F
867 3385 932 3406 =
972 3361 1087 3414 cod.
1128 3361 1570 3432 Salisbmyensis
1607 3363 1670 3414 X
1705 3366 1782 3416 29
1817 3379 1860 3416 s.
1899 3362 2142 3416 Χ-ΧΙ,

758 3452 813 3503 Α
866 3475 930 3496 =
969 3451 1085 3504 cod.
1125 3451 1742 3518 Audomaropolitamcs
1785 3455 1876 3506 76.
1918 3453 1970 3504 8.
2015 3454 2050 3504 9
2085 3467 2126 3504 s.
2167 3451 2413 3505 X—XI.

766 3539 813 3592 C
865 3563 931 3584 =
971 3539 1085 3592 cod.
1131 3540 1451 3594 Casinensis
1486 3538 1606 3593 16¹⁹
1641 3557 1684 3593 8.
1727 3540 1837 3596 XI.

758 3629 833 3681 P¹
867 3653 933 3673 =
975 3629 1092 3684 cod.
1130 3629 1429 3683 Parisinus
1463 3645 1596 3683 nou.
1639 3645 1755 3697 aeq.
1795 3632 1952 3682 1444
1987 3645 2029 3683 s.
2069 3629 2180 3682 XI.

760 3716 815 3770 R.
867 3743 933 3762 =
972 3717 1090 3770 cod.
1129 3717 1281 3771 Mus.
1318 3719 1466 3772 Brit.
1504 3717 1635 3788 Rey.
1681 3721 1716 3771 5
1751 3718 1812 3771 D
1859 3718 1949 3771 VI
1976 3735 2017 3775 3.
2057 3718 2372 3772 XI—XII.

618 3841 651 3894 3
700 3839 794 3902 fili,
842 3855 976 3893 corr.
1023 3857 1092 3892 m.
1122 3843 1152 3892 1
1198 3839 1308 3893 filio
1357 3840 1415 3894 F
1582 3841 1618 3894 4
1667 3841 1740 3893 sit
1783 3840 1858 3892 P²
2035 3841 2067 3894 6
2119 3839 2430 3893 fidelissime
2468 3837 2670 3892 ΙΙΙΑΡι
2717 3837 2834 3892 edd.

538 3933 763 3998 praete-r
798 3929 819 3981 l
839 3946 885 3980 m
1070 3929 1379 3997 scripsimus
1414 3929 1471 3980 P
1647 3945 1764 3982 esse
1802 3929 1906 3982 tibi
1942 3929 2018 3980 Pl
2197 3929 2229 3981 7
2268 3928 2444 3982 omnis
2480 3927 2535 3981 P
2713 3926 2835 3982 sub·

546 4017 752 4070 tilitate
790 4017 841 4069 A
988 4018 1021 4070 8
1061 4017 1293 4085 adeptu·
1326 4022 1371 4082 (s
1411 4017 1575 4085 eras.)
1613 4018 1690 4072 M
1829 4018 2172 4087 celsioremq;
2213 4033 2350 4087 quae
2386 4017 2441 4070 P
2586 4017 2652 4070 12
2692 4033 2746 4070 es
2783 4015 2836 4070 R

550 4107 617 4160 13
656 4123 800 4160 esses
840 4109 893 4160 Α
1002 4107 1457 4176 praesumpsimus
1482 4106 1537 4159 P
1620 4107 1684 4161 15
1724 4111 2002 4160 aeternam
2043 4112 2116 4172 (m
2154 4111 2296 4174 exp.)
2327 4105 2389 4158 F
2458 4107 2523 4160 19
2561 4109 2836 4160 secuturo-

548 4211 663 4248 rum
705 4193 751 4247 C
874 4211 967 4248 «ac
1003 4195 1076 4247 M
1206 4195 1321 4246 sine
1360 4194 1487 4263 fine]
1528 4194 1646 4248 sine
1685 4195 1788 4248 fine
1827 4195 2160 4248 manentium
2197 4194 2324 4248 Rm
2433 4194 2503 4248 20
2540 4193 2735 4248 fratres
2771 4193 2842 4246 M

549 4289 707 4350 (corr.
746 4301 817 4336 m.
842 4289 869 4335 1
906 4283 1110 4350 fratris)
1150 4283 1223 4336 Ρι
1370 4284 1644 4352 petionem
1681 4284 1737 4336 P
1905 4285 1970 4337 21
2011 4289 2197 4354 posset
2237 4287 2288 4336 A
2435 4282 2837 4354 quod—posset

546 4387 668 4429 om..
706 4372 769 4423 in
808 4387 976 4441 marq.
1015 4389 1083 4425 m.
1106 4377 1137 4425 1
1174 4373 1304 4425 add.
1346 4373 1467 4437 (sed
1502 4374 1676 4441 possit
1705 4388 1811 4440 pro
1849 4377 2055 4442 posset)
2096 4373 2150 4425 P
