3184 4959
1108 459 1635 530 epistularum
1692 460 1840 516 LIII.
1896 461 2032 516 LIV.
2594 467 2723 532 159

433 653 819 720 emendando
884 655 1325 738 responsiones
1380 658 1524 720 tuas
1579 656 1785 721 multo
1842 655 2101 723 breuius
2160 679 2417 742 possem
2470 681 2723 743 respon-

433 760 576 825 dere
643 763 708 824 et
769 763 833 824 te
897 759 1202 824 facillime
1269 762 1382 824 aut
1454 759 1887 826 confirmarem
1961 765 2074 828 aut
2138 765 2539 850 corrigerem.
2604 767 2725 834 hoc

433 866 706 950 quidem,
776 869 850 929 ut
911 865 1060 939 dixi,
1125 865 1399 930 mallem.
1469 866 1582 934 sed
1642 869 1855 932 tamen
1910 870 1987 932 ut
2038 889 2205 936 nunc
2258 872 2724 954 responderem,

430 973 629 1040 malui
698 972 1052 1056 longiorem
1125 971 1330 1038 facere
1393 991 1749 1040 sermonem
1814 993 2001 1056 quam
2069 975 2455 1044 dilationem.
2524 979 2725 1062 primo

375 1081 644 1162 sitaque
700 1082 912 1144 tenere
967 1083 1034 1144 te
1108 1079 1280 1156 u010,
1339 1079 1508 1162 quod
1575 1083 1676 1146 est
1739 1080 1931 1146 huius
1998 1081 2448 1165 disputationis
2515 1091 2725 1168 caput,

433 1187 759 1253 dominum
814 1189 1102 1251 nostrum
1158 1186 1372 1252 Iesum
1433 1187 1779 1266 Christum,
1837 1187 2005 1255 sicut
2067 1189 2205 1273 ipse
2260 1191 2323 1256 in
2392 1193 2726 1276 euangelio

433 1295 738 1378 loquitur,
793 1293 924 1358 leni
976 1293 1130 1378 iugo
1189 1313 1304 1360 suo
1353 1313 1468 1360 nos
1517 1295 1878 1362 subdidisse
1926 1299 1991 1361 et
2038 1297 2317 1364 sarcinae
2363 1299 2515 1367 leui.
2562 1299 2728 1364 unde

437 1401 848 1467 sacramentis
893 1420 1152 1465 numero
1199 1401 1629 1486 paucissimis,
1671 1402 2115 1468 obseruatione
2152 1405 2495 1484 facillimis,
2536 1405 2729 1490 signi-

435 1508 724 1575 ficatione
781 1507 1346 1591 praestantissimis
1419 1509 1791 1576 societatem
1856 1510 2005 1576 noui
2076 1513 2298 1593 populi
2362 1512 2730 1596 conligauit‚

352 1637 402 1678 ιο
438 1615 630 1680 sicuti
687 1617 786 1680 est
839 1615 1202 1698 baptismus
1258 1613 1563 1680 trinitatis
1614 1616 1863 1682 nomine
1910 1622 2334 1695 consecratus,
2386 1620 2731 1684 communi-

439 1721 600 1787 catio
669 1721 948 1804 corporis
1015 1724 1080 1786 et
1144 1721 1470 1808 sanguinis
1535 1721 1741 1805 ipsius
1790 1725 1855 1788 et
1902 1723 1957 1788 si
2004 1725 2157 1807 quid
2204 1726 2379 1791 aliud
2423 1727 2485 1791 in
2534 1728 2731 1812 scrip-

433 1827 593 1894 turis
657 1827 975 1894 canonicis
1041 1827 1517 1894 commendatur
1581 1829 1858 1912 exceptis
1926 1831 2048 1908 his,
2130 1851 2291 1914 quae
2355 1833 2729 1900 seruitutem

437 1934 655 2018 populi
718 1935 956 2000 ueteris
1021 1954 1132 2017 pro
1201 1934 1617 2018 congruentia
1678 1934 1887 2000 cordis
1947 1936 2205 2002 illorum
2260 1943 2327 2004 et
2379 1940 2735 2024 prophetici

436 2040 740 2125 temporis
790 2041 1148 2120 onerabant,
1198 2059 1360 2122 quae
1407 2045 1472 2105 et
1515 2041 1576 2106 in
1627 2041 1907 2124 quinque
1942 2044 2124 2110 libris
2162 2044 2372 2128 Moysi
2408 2046 2731 2132 leguntur.

355 2171 405 2212 ιο
441 2149 548 2213 illa
612 2151 848 2226 autem,
916 2168 1074 2230 quae
1137 2167 1260 2214 non
1327 2149 1562 2231 scripta
1627 2149 1740 2216 sed
1804 2150 2038 2216 tradita
2094 2152 2513 2233 custodimus,
2570 2173 2734 2237 quae

441 2255 692 2337 quidem
749 2259 888 2320 toto
944 2260 1254 2321 terrarum
1314 2256 1462 2321 orbe
1519 2261 1869 2332 seruantur,
1928 2258 2114 2322 datur
2168 2259 2459 2345 intellegi
2504 2261 2609 2327 uel
2656 2261 2731 2326 ab

441 2361 595 2444 ipsis
654 2362 962 2445 apostolis
1017 2364 1124 2426 uel
1178 2363 1478 2445 plenariis
1537 2363 1845 2442 conciliis,
1894 2385 2159 2448 quorum
2210 2370 2307 2432 est
2354 2367 2417 2431 in
2468 2368 2738 2434 ecclesia

441 2467 854 2534 saluberrima
931 2469 1294 2548 auctoritas,
1372 2470 1811 2535 commendata
1886 2476 2076 2555 atque
2153 2476 2395 2539 statuta
2456 2475 2733 2550 retineri,

442 2575 632 2640 sicuti
690 2573 858 2658 quod
915 2574 1152 2640 domini
1209 2576 1421 2660 passio
1480 2582 1544 2643 et
1598 2579 1975 2646 resurrectio
2036 2582 2100 2643 et
2155 2581 2439 2646 ascensio
2488 2581 2550 2644 in
2602 2600 2736 2646 cae-

625 2803 656 2856 7
695 2801 894 2856 Matth.
937 2803 1020 2867 11,
1060 2803 1132 2857 30

449 2945 592 3014 prior
639 2945 878 3015 epistula
925 2947 1034 3007 est;
1082 2943 1250 2998 habet
1297 2944 1496 3015 quippe
1541 2946 1601 3000 in
1646 2945 1841 3015 capite,
1890 2947 2011 3014 quis
2059 2945 2127 3000 ad
2167 2961 2324 3015 quem
2362 2948 2589 3012 scribat;
2640 2948 2737 3002 sed

418 3033 570 3110 ‚ideo
617 3034 760 3088 inter
801 3034 972 3088 libros
1019 3032 1400 3088 adnumeratur
1442 3034 1547 3090 hoc
1593 3051 1745 3103 opus,
1794 3035 2047 3104 quoniam
2097 3051 2347 3104 sequens,
2386 3036 2481 3106 qui
2517 3037 2740 3092 nomina

448 3125 634 3176 nostra
677 3139 784 3176 non
831 3122 1015 3182 habet,
1062 3121 1236 3176 multo
1285 3126 1370 3176 cst
1413 3123 1669 3192 prolixior
1714 3125 1771 3178 et
1816 3124 1871 3178 in
1911 3141 1975 3178 eo
2012 3123 2185 3178 multo
2224 3124 2381 3194 plura
2418 3129 2738 3182 tractantur.

517 3211 582 3266 In
619 3212 853 3282 epistula
888 3211 1168 3282 augustini
1205 3211 1274 3266 ad
1309 3211 1611 3266 ianuarium
1649 3210 1697 3266 S
1726 3213 1861 3268 item
1900 3213 2137 3283 epistula
2171 3213 2321 3267 beati
2360 3215 2637 3284 augustini
2670 3215 2737 3269 ad

447 3300 750 3355 ianuarium
785 3299 859 3354 1²¹
899 3301 1225 3369 augustinus
1265 3299 1333 3354 ad
1368 3301 1670 3354 ianuarium
1708 3302 1776 3356 H
1806 3301 2003 3374 incipit
2036 3301 2179 3356 liber
2216 3303 2287 3358 ad
2330 3303 2635 3358 ianuarium
2672 3303 2739 3358 de

449 3389 676 3444 diuersis
705 3389 1174 3444 obseruationibus
1202 3389 1260 3442 P
1290 3390 1486 3460 incipit
1515 3389 1583 3444 ad
1612 3390 1995 3460 inquisitiones
2024 3391 2256 3445 ianuarii
2281 3391 2423 3446 liber
2456 3393 2661 3462 primus
2694 3392 2743 3446 Ο

447 3480 642 3549 incipit
677 3479 849 3532 saneti
889 3479 1168 3548 augustini
1205 3477 1275 3532 ad
1311 3479 1695 3549 inquisitiones
1732 3479 1965 3533 ianuarii
1998 3478 2139 3533 liber
2176 3481 2381 3551 primus
2409 3481 2485 3534 M
2508 3497 2571 3534 ex
2598 3481 2739 3535 libro

447 3568 618 3638 primo
657 3568 726 3621 ad
759 3567 1145 3637 inquisitiones
1183 3568 1423 3622 Ianuarii
1459 3567 1602 3638 Euy.
1712 3585 1765 3637 p.
1809 3568 1927 3632 158,
1969 3570 2035 3623 15
2074 3567 2425 3638 adprobando
2464 3569 2663 3638 (postr.
2705 3570 2737 3623 l.

450 3673 514 3712 ex
549 3660 712 3722 corr.)
749 3656 806 3709 P
947 3657 980 3709 2
1017 3656 1276 3711 facillime
1314 3661 1411 3710 aut
1447 3673 1513 3711 ex
1549 3673 1689 3713 corr.
1725 3673 1795 3712 m.
1815 3661 1861 3720 1,
1899 3657 2072 3725 fuisse
2107 3657 2225 3711 uid.
2264 3657 2451 3712 facillu
2490 3675 2555 3712 ea
2592 3662 2654 3712 ut
2690 3659 2746 3710 P

520 3749 613 3800 aut
663 3745 1008 3800 confirmare·
1045 3749 1140 3800 aut
1192 3747 1487 3814 corrigere»
1533 3745 1580 3800 O
1630 3749 1726 3799 aut
1776 3745 2089 3800 confirmare
2146 3749 2241 3801 aut
2292 3748 2561 3815 corrigere
2616 3748 2740 3802 edd.

449 3837 480 3888 5
519 3837 572 3889 tc
610 3851 712 3888 om.
752 3831 799 3888 S
940 3833 1086 3904 quid,
1127 3851 1262 3888 corr.
1304 3834 1449 3902 quod
1493 3833 1538 3888 Ο
1684 3835 2104 3904 dispensationis
2144 3835 2262 3889 SM
2393 3837 2425 3890 6
2464 3835 2739 3891 Christum

449 3938 548 3976 om.
584 3922 737 3976 P¹M
913 3925 943 3978 7
981 3939 1110 3988 non,
1149 3939 1284 3977 corr.
1323 3941 1390 3979 m.
1413 3928 1442 3976 1
1477 3941 1576 3978 nos
1615 3925 1670 3976 P
1809 3923 1919 3977 leni
1958 3925 2027 3975 P·
2209 3925 2242 3978 8
2282 3923 2659 3979 obseruatione
2700 3925 2747 3980 S

519 4012 972 4082 significationem
1009 4011 1058 4066 S
1164 4013 1232 4066 10
1267 4013 1410 4066 sicut
1453 4011 1672 4078 OP¹M;
1707 4014 1777 4080 cf.
1806 4029 1867 4081 p.
1908 4017 2037 4079 160,
2084 4015 2118 4067 5
2221 4015 2281 4068 11
2326 4030 2401 4078 se,
2439 4031 2507 4068 m.
2532 4017 2572 4068 2
2608 4015 2655 4067 si
2693 4015 2748 4068 P

453 4101 518 4155 12
555 4101 623 4155 iis
649 4102 846 4170 flrm
958 4102 1022 4156 13
1061 4101 1490 4172 pro—temporis
1530 4119 1633 4156 om.
1671 4103 1726 4154 P
1846 4103 1909 4156 14
1946 4102 2287 4156 honerabant
2321 4102 2427 4156 ΡΟ
2538 4102 2602 4156 15
2641 4103 2741 4166 illi,

451 4205 584 4244 corr.
622 4194 744 4244 m.1
778 4190 874 4244 illa
909 4191 964 4244 P
1073 4193 1137 4246 16
1178 4195 1478 4254 seruantur,
1518 4207 1658 4245 corr.
1696 4209 1763 4245 m.
1787 4196 1817 4245 1
1854 4192 2209 4246 obseruantur
2254 4190 2300 4244 Ο
2408 4192 2498 4245 uel
2522 4208 2665 4246 eras.
2698 4192 2744 4246 Ο

453 4278 518 4332 18
555 4280 744 4348 atque]
787 4295 892 4348 que
926 4279 984 4332 P
1122 4280 1356 4334 retinere
1395 4279 1443 4334 S
1530 4281 1596 4334 19
1638 4279 1841 4334 domini
1878 4281 2115 4350 passio..
2158 4283 2247 4346 (ne
2278 4285 2441 4346 eras.)
2474 4280 2529 4334 Ρ
2560 4281 2743 4350 passio

453 4365 656 4420 domini
701 4367 747 4420 O
891 4368 945 4421 in
986 4369 1193 4422 caelum
1231 4385 1333 4424 om.
1373 4369 1449 4424 P¹
