3184 4959
560 438 688 502 638
1285 435 1338 490 S.
1394 435 1669 490 Aureli
1721 435 2159 504 Augustini

559 650 661 695 me
699 650 736 695 a
765 649 953 695 cursu
994 647 1133 694 meo
1170 647 1461 706 reuoces;
1500 629 1614 693 illa
1650 629 1816 693 enim
1856 630 1995 694 sola
2030 629 2171 695 uisa
2210 633 2327 709 est,
2370 650 2559 713 quam
2596 649 2869 713 praepo-

559 756 768 801 nerem
805 737 984 800 mihi.
1033 736 1255 800 fratres
1295 754 1533 813 omme,
1582 734 1692 817 qui
1728 735 1914 800 nobis
1952 735 2016 799 in
2054 735 2309 800 domino
2350 737 2639 802 conserui
2686 739 2867 810 sunt,

561 846 627 906 et
672 842 961 907 desidero
1009 842 1286 905 multum
1335 845 1399 906 et
1445 842 1678 907 salut-o.

1239 945 1266 970 Ο

1646 1035 1774 1100 ΟΧ.

559 1175 851 1230 DOMINO
901 1174 1340 1230 BEATISSIMO
1388 1175 1629 1241 ATQUE
1683 1174 2123 1230 DULCISSIMO
2172 1174 2616 1230 VENERABILI
2662 1174 2866 1228 Nunn-
2938 1188 2967 1226 5

561 1263 819 1329 UMQUE
855 1263 1379 1318 DESIDERABILI
1416 1263 1683 1318 FRATRI
1718 1263 1808 1318 ΕΤ
1848 1263 2409 1318 CONSACERDOTI
2448 1263 2728 1318 SEVERO
2769 1263 2871 1317 ET

561 1352 687 1418 QUI
743 1352 990 1409 TECUM
1048 1353 1235 1407 SUNT
1291 1352 1695 1408 FRATRIBUS
1752 1352 2212 1408 AUGUSTINUS
2267 1353 2362 1406 ΕΤ
2419 1351 2547 1418 QUI
2598 1351 2871 1408 MECUM

1017 1441 1205 1497 SUNT
1241 1441 1568 1496 FRATRES
1608 1442 1689 1495 IN
1725 1441 2016 1496 DOMINO
2058 1441 2413 1498 SALUTEM.

647 1568 942 1651 Epistula
1003 1587 1165 1646 mea,
1233 1588 1421 1651 quam
1485 1569 1773 1653 peruexit
1826 1568 2195 1635 carissimus
2260 1569 2433 1634 filius
2493 1573 2574 1634 et⁴
2611 1567 2870 1633 condia-

563 1693 758 1739 conus
817 1678 1033 1739 noster
1077 1674 1473 1752 Timotheus,
1530 1675 1657 1739 iam
1711 1679 1931 1758 parata
1984 1679 2119 1740 erat
2168 1676 2553 1758 profecturo,
2610 1674 2867 1757 quando
2913 1706 2969 1745 ιο

559 1781 674 1844 filii
720 1780 922 1844 nostri
969 1778 1461 1858 Quoduultdeus
1511 1783 1575 1846 et
1624 1779 2023 1847 Gaudentius
2072 1782 2149 1846 ad
2195 1801 2311 1848 nos
2358 1786 2668 1847 uenerunt
2713 1801 2869 1846 cum

558 1888 790 1952 litteris
847 1887 998 1951 tuis.
1063 1887 1210 1950 inde
1274 1889 1516 1952 factum
1584 1890 1703 1966 est,
1770 1890 1845 1952 ut
1900 1889 2199 1954 continuo
2266 1889 2673 1974 proficiscens
2738 1907 2868 1953 non

559 1993 831 2058 adferret
874 1994 1347 2075 responsionem
1392 2013 1621 2073 meam,
1678 1995 1973 2077 quoniam
2020 1999 2169 2078 post
2210 1995 2465 2062 illorum
2511 1995 2865 2060 aduentum

562 2100 1214 2184 quantulumcumque
1271 2101 1439 2183 apud
1485 2121 1599 2167 nos
1647 2101 1997 2168 inmoratus
2047 2105 2148 2167 est
2193 2105 2259 2168 et
2301 2105 2702 2187 profecturus
2750 2125 2869 2187 per

559 2206 746 2271 horas
811 2206 1096 2291 singulas
1161 2206 1516 2273 uidebatur.
1597 2208 1709 2272 sed
1778 2207 1900 2272 etsi
1972 2228 2083 2291 per
2146 2228 2291 2273 eum
2363 2210 2863 2292 respondissem,
2912 2239 2971 2279 ιε

563 2313 770 2378 adhuc
818 2313 1065 2378 debitor
1119 2313 1336 2379 forem.
1396 2332 1539 2376 nam
1589 2316 1655 2377 et
1707 2331 1893 2391 nuuc,
1952 2314 2119 2396 quod
2167 2315 2388 2380 uideor
2432 2317 2867 2399 respondisse,

564 2420 809 2485 debitor
865 2439 1006 2484 sum
1063 2440 1187 2484 non
1244 2420 1382 2484 dico
1432 2419 1738 2496 caritatis,
1795 2439 1981 2502 quam
2038 2423 2215 2486 tanto
2268 2423 2477 2506 magis
2535 2423 2869 2500 debemu3‚

563 2530 796 2609 quanto
855 2527 1132 2608 amplius
1185 2526 1679 2608 inpenderimu8‚
1737 2527 1920 2591 cuius
1978 2546 2093 2592 nos
2146 2534 2485 2611 perpetuos
2542 2529 2869 2594 debitores

561 2633 840 2698 ostendit
903 2632 1229 2715 apostolus
1288 2632 1536 2697 dicens:
1591 2633 1913 2697 Nemini
1970 2634 2397 2716 quicquam
2456 2633 2869 2712 debeatis,

558 2739 720 2804 nisi
785 2743 874 2803 ut
935 2739 1289 2804 inuicem
1358 2738 1767 2823 diligatis,
1844 2740 1956 2804 sed
2028 2740 2229 2823 ipsius
2297 2741 2611 2822 epistulae
2674 2745 2863 2820 tuae;
2912 2771 2973 2812 20

561 2847 810 2929 quando
851 2846 1013 2910 enim
1064 2845 1378 2911 sufficiam
1415 2849 1564 2910 tuae
1604 2846 1911 2911 suauitati
1949 2851 2286 2928 tantaeque
2324 2847 2619 2912 auiditati
2668 2849 2869 2912 animi

561 2952 680 3030 tui,
727 2972 917 3035 quam
964 2952 1120 3016 mihi
1163 2954 1332 3017 lecta
1368 2953 1731 3018 nuntiauit?
1778 2973 1912 3018 rem
1951 2953 2203 3036 quidem
2249 2953 2313 3017 in
2349 2956 2415 3018 te
2462 2953 2622 3018 mihi
2666 2955 2873 3020 notis-

744 3121 810 3174 19
847 3119 999 3172 Rom.
1045 3119 1126 3183 13,
1165 3119 1198 3174 8

641 3247 664 3298 1
707 3211 844 3298 meo*
867 3260 988 3306 om..
1025 3260 1093 3297 m.
1116 3247 1156 3296 2
1194 3243 1321 3298 add.
1361 3243 1435 3297 M
1644 3259 1868 3298 reuoces
1904 3259 2023 3297 meo
2062 3243 2182 3297 edd.
2402 3243 2525 3306 uisi,
2564 3259 2703 3298 corr.
2742 3251 2875 3299 m.1

564 3333 683 3386 uisa
717 3333 784 3386 K

875 3431 933 3483 P
992 3455 1058 3476 =
1097 3431 1212 3484 cod.
1251 3431 1556 3484 Parisinus
1588 3446 1719 3484 nou.
1762 3447 1878 3498 aeq.
1916 3432 2071 3483 1443
2106 3445 2148 3485 8.
2188 3428 2431 3483 IX—X.

883 3520 956 3574 M
992 3545 1061 3566 =
1100 3520 1218 3573 cod.
1255 3519 1619 3573 Monacensis
1660 3523 1821 3573 6266
1856 3536 1899 3574 ε.
1938 3520 2013 3572 X.

885 3607 946 3662 F
987 3633 1056 3653 =
1096 3609 1212 3664 cod,
1251 3607 1691 3676 Salisburyeneis
1725 3609 1789 3660 X
1822 3611 1904 3661 29
1937 3623 1981 3661 ε.
2022 3607 2263 3660 Χ-ΧΙ.

883 3697 940 3748 A
995 3720 1062 3742 =
1101 3697 1217 3750 cod.
1258 3696 1872 3765 Audomaropolitanus
1914 3699 2005 3760 76,
2046 3698 2098 3759 8,
2142 3699 2177 3748 9
2211 3711 2253 3748 s.
2292 3695 2535 3748 Χ-ΧΙ,

884 3784 958 3837 P¹
992 3809 1059 3830 =
1099 3785 1214 3838 cod.
1253 3786 1557 3838 Parisinus
1590 3801 1720 3839 nou.
1762 3801 1878 3854 aeq.
1917 3789 2071 3838 1444
2106 3800 2149 3838 ε.
2190 3783 2302 3837 XI.

884 3874 940 3928 R
997 3899 1063 3918 =
1103 3875 1217 3928 cod.
1253 3874 1407 3928 Mus.
1445 3875 1594 3929 Brit.
1629 3874 1763 3944 Rey.
1809 3877 1845 3927 5
1878 3873 1940 3928 D
1985 3873 2075 3928 VI
2102 3890 2145 3927 ε.
2184 3873 2505 3928 XI—XII.

637 3996 669 4049 6
709 4004 901 4067 coaepo
941 4013 1008 4051 ex
1044 4013 1184 4051 corr.
1222 4015 1288 4050 m.
1313 4001 1366 4062 2,
1403 3999 1578 4064 fuisse
1612 3997 1729 4050 uid.
1771 4004 1961 4050 conseo
1998 3997 2053 4050 P
2239 3995 2628 4050 ‹et—fratribus
2664 4011 2772 4050 om.
2810 3998 2878 4050 P

565 4085 598 4138 8
636 4085 854 4154 fratres]
897 4091 986 4154 sps
1023 4085 1150 4154 (del.
1189 4103 1258 4140 m.
1281 4089 1340 4150 2)
1379 4085 1464 4140 ῦς
1507 4085 1573 4138 P¹
1785 4086 1850 4140 10
1887 4086 1992 4138 iarn
2033 4085 2247 4154 parata]
2284 4085 2552 4154 inparata,
2590 4089 2720 4138 m.2
2757 4087 2869 4140 im-

564 4179 756 4243 parata
791 4175 846 4227 P
955 4176 1016 4229 11
1057 4175 1230 4228 nostri
1267 4193 1369 4230 om.
1406 4175 1481 4229 Ρ1
1613 4175 1678 4229 13
1717 4175 1957 4230 auferret
1991 4175 2065 4228 Ρι
2193 4175 2258 4228 16
2294 4176 2426 4228 tunc
2460 4172 2641 4227 MFA
2680 4177 2873 4242 aeft·

569 4264 634 4318 18
671 4262 1082 4332 inpenderemus
1119 4263 1249 4316 ,ΑΡι
1398 4265 1462 4317 19
1502 4262 1714 4318 debetis
1750 4264 1807 4318 R
1947 4264 2013 4317 21
2054 4262 2439 4317 sufficientiam
2476 4263 2531 4316 A
2668 4263 2739 4316 22
2778 4265 2873 4318 tui

566 4353 750 4421 quam]
793 4352 1042 4420 cuiquam
1081 4353 1134 4404 P
1269 4354 1323 4406 in
1363 4355 1418 4406 te
1457 4352 1592 4406 mihi
1629 4370 1731 4407 om.
1772 4353 1825 4406 A
1860 4352 1995 4406 mihi
2030 4353 2087 4405 in
2126 4355 2181 4405 te
2220 4350 2341 4406 edd.
