3184 4959
463 1389 505 1452 3

556 453 684 516 508
1277 448 1331 502 S.
1390 447 1668 503 Aureli
1721 447 2159 518 Augustini

550 663 675 709 non
725 645 801 708 ab
847 643 1235 722 hominibuS,
1292 663 1494 727 neque
1542 643 1711 709 enim
1759 644 2098 727 quisquam
2153 644 2483 709 hominum
2541 644 2736 710 sentit
2793 645 2854 708 in

554 750 679 814 alio
734 750 929 814 talem
986 750 1219 814 mentis
1276 749 1686 834 agnitionem,
1754 750 1869 815 sed
1923 749 1988 814 in
2043 749 2318 832 quodam
2371 751 2544 815 intus
2603 750 2857 816 silentio

551 856 763 922 nescio
812 856 979 922 unde
1017 857 1359 922 clamatur:
1406 857 1628 941 ‘Euge‚
1678 858 1892 942 euge!’
1937 860 2195 940 propter
2240 857 2360 922 hoc
2409 875 2608 942 genus
2652 861 2860 942 temp-

549 964 813 1030 tationis
852 964 928 1028 ab
980 965 1203 1048 angelo
1244 964 1710 1046 colaphizatum
1759 982 1828 1028 se
1873 966 2091 1029 tantus
2129 963 2462 1047 apostolus
2499 962 2856 1030 confitetur.

552 1090 700 1137 ecce
760 1070 929 1136 unde
1005 1071 1164 1136 11116
1234 1071 1553 1136 11616666
1619 1088 1846 1153 super
1907 1074 2183 1135 terram
2247 1074 2385 1135 tota
2445 1073 2853 1155 temptatio
2923 1091 2951 1130 s

554 1180 691 1256 est,
760 1177 1007 1261 quando
1083 1180 1149 1243 et
1200 1176 1293 1243 ibi
1346 1177 1537 1244 homo
1611 1179 1982 1260 temptatur,
2047 1176 2178 1256 ubi,
2245 1179 2552 1260 quantum
2615 1180 2854 1261 potest,

552 1284 726 1349 uitae
773 1283 1067 1350 caelestis
1116 1282 1522 1349 similitudini
1570 1285 1920 1366 coaptatur.

645 1388 815 1469 Quid
888 1390 1093 1457 dicam
1171 1390 1247 1456 de
1322 1389 1700 1456 uindicando
1773 1391 1880 1456 uel
1951 1409 2074 1455 606
2140 1388 2537 1469 uindicando,
2603 1391 2853 1473 quando

554 1500 811 1582 quidem
864 1501 985 1566 hoc
1038 1502 1249 1565 totum
1302 1498 1382 1563 ad
1438 1517 1654 1563 eorum
1715 1498 1987 1563 salutem
2043 1498 2344 1582 proficere
2399 1499 2722 1576 uolumuS,
2787 1500 2852 1563 in

554 1627 713 1692 quos
784 1605 1235 1672 uindicandum
1308 1604 1416 1669 uel
1488 1623 1611 1670 non
1686 1604 2139 1670 uindicandum
2217 1623 2357 1671 esse
2431 1605 2852 1670 arbitramur?
2893 1625 2946 1664 ιο

553 1713 697 1797 quis
745 1713 935 1778 etiam
985 1711 1071 1776 sit
1115 1709 1477 1776 uindicandi
1522 1710 1753 1776 modus
1799 1730 1921 1776 non
1969 1712 2180 1776 solum
2235 1730 2347 1793 pro
2395 1711 2700 1793 qualitate
2743 1710 2854 1776 uel

552 1819 907 1902 quantitate
982 1817 1315 1900 culparum
1384 1835 1609 1881 uerum
1682 1817 1875 1882 etiam
1957 1837 2068 1901 pro
2148 1818 2528 1901 quibusdam
2601 1817 2850 1883 uiribus

550 1927 925 2001 animorum,
974 1925 1128 2008 quid
1175 1925 1443 2007 quisque
1490 1925 1772 2000 sufferat,
1828 1923 1982 2006 quid
2025 1927 2299 2002 recuset,
2347 1942 2424 1989 ne
2471 1943 2592 1990 non
2639 1925 2850 1990 solum

548 2053 671 2098 non
708 2031 996 2116 proficiat
1032 2031 1144 2096 sed
1175 2031 1363 2096 etiam
1397 2030 1669 2110 deficiat,
1709 2050 1896 2114 quam
1937 2031 2318 2114 profundum
2359 2035 2423 2096 et
2455 2030 2851 2098 latebrosum

548 2143 676 2205 est!
760 2136 1208 2222 inpendentem
1289 2157 1539 2221 quoque
1622 2137 1974 2203 uindictam
2057 2140 2438 2216 metuenteS‚
2523 2157 2682 2220 quae
2765 2138 2844 2202 ab
2885 2131 2938 2197 153

548 2245 915 2312 hominibus
961 2246 1292 2325 metuitur,
1339 2245 1552 2309 nescio
1602 2247 1818 2309 utrum
1863 2244 2081 2326 plures
2131 2245 2399 2310 correcti
2445 2248 2615 2325 sunt,
2657 2264 2849 2327 quam
2877 2269 2914 2310 e

546 2353 610 2417 in
653 2352 930 2418 deterius
978 2352 1290 2418 abierunt.
1338 2351 1510 2434 quid,
1560 2370 1706 2416 cum
1755 2369 1942 2434 saepe
1981 2351 2233 2430 accidit,
2281 2357 2374 2429 ut,
2425 2352 2478 2418 si
2524 2352 2586 2416 in
2629 2371 2846 2436 quem-

549 2481 737 2544 quam
793 2458 1243 2534 uindicaueriS,
1306 2458 1445 2542 ipse
1502 2461 1737 2540 pereat,
1807 2457 1861 2522 si
1929 2455 2206 2523 inultum
2267 2457 2622 2542 reliqueris,
2687 2459 2848 2523 alter

545 2569 804 2651 pereat?
870 2585 989 2650 ego
1056 2565 1119 2629 in
1185 2565 1286 2628 his
1352 2563 1588 2629 cotidie
1652 2581 1914 2645 peccare
1977 2583 2080 2628 me
2145 2565 2350 2629 fateor
2409 2568 2476 2630 et
2536 2565 2846 2650 ignorare,

549 2674 799 2756 quando
849 2691 1055 2756 quoue
1112 2672 1299 2737 modo
1349 2670 1706 2736 custodiam
1760 2670 1846 2750 id,
1906 2669 2074 2752 quod
2131 2671 2440 2755 scriptum
2497 2678 2620 2737 est:
2667 2671 2845 2737 Pec-
2881 2697 2938 2738 20

552 2784 831 2845 cantes
898 2799 1161 2845 coram
1219 2777 1593 2844 omnibus
1663 2795 1928 2862 argue,
1995 2781 2083 2842 ut
2146 2779 2408 2843 ceteri
2471 2779 2844 2845 timorem

546 2885 912 2966 habeant,
980 2887 1046 2949 et
1100 2884 1268 2965 quod
1326 2884 1632 2965 scriptum
1691 2885 1818 2948 est:
1877 2881 2210 2966 Corripe
2268 2903 2440 2948 eum
2493 2885 2712 2951 inter
2765 2889 2842 2950 te

546 2995 624 3056 et
686 2991 953 3073 ipsum
1018 2991 1298 3067 solum,
1374 2993 1439 3054 et
1504 2989 1672 3072 quod
1739 2989 2052 3074 scriptum
2117 2995 2245 3056 est:
2311 2989 2592 3057 Nolite
2659 2996 2841 3057 ante

543 3102 862 3179 tempus
941 3115 1412 3180 quemquam
1486 3095 1880 3173 iudicare,
1955 3099 2021 3161 et
2085 3097 2254 3179 quod
2329 3098 2636 3180 scriptum
2711 3103 2840 3164 est:

547 3204 823 3269 Nolite
882 3201 1273 3276 iudicare,
1331 3206 1421 3267 111
1474 3221 1622 3268 non
1679 3201 2186 3282 indicemini,
2253 3224 2455 3288 neque
2512 3206 2678 3270 enim
2735 3206 2935 3275 hic2⁵

543 3309 786 3374 addidit
842 3313 1047 3374 ‘ante
1094 3311 1456 3391 tempus’,
1516 3313 1581 3374 et
1629 3309 1795 3393 quod
1855 3310 2165 3392 scriptum
2213 3314 2340 3376 est:
2397 3312 2506 3377 Tu
2554 3313 2687 3395 qui
2734 3331 2837 3384 es,
3155 3363 3157 3403 1

540 3417 673 3499 qui
748 3415 1067 3480 iudices
1155 3417 1507 3481 alienum
1584 3419 1950 3482 seruum?
2035 3435 2176 3482 suo
2263 3417 2580 3484 domino
2672 3423 2839 3484 stat

540 3525 679 3587 aut
755 3521 1005 3600 cadit3
1082 3523 1346 3588 stabit
1419 3527 1714 3601 autem;
1789 3527 2084 3607 potens
2161 3527 2288 3589 est
2360 3525 2566 3590 enim
2641 3525 2834 3591 deus

714 3767 749 3820 4
786 3765 843 3820 11
881 3765 999 3821 Cor.
1043 3767 1124 3830 12,
1166 3769 1196 3821 7
1298 3769 1329 3820 5
1359 3766 1456 3820 Iob
1486 3767 1535 3832 7,
1568 3769 1593 3820 1
1699 3767 1768 3824 20
1798 3766 1825 3820 Ι
1855 3766 1990 3822 Tim.
2030 3771 2080 3831 5,
2119 3769 2190 3823 20
2290 3769 2359 3822 22
2397 3769 2596 3826 Matth.
2640 3769 2721 3831 18.
2764 3771 2830 3824 15

538 3855 815 3911 231001.
844 3857 896 3920 4,
937 3859 969 3910 5
1081 3857 1149 3910 25
1186 3856 1385 3912 Matth.
1427 3857 1475 3921 7,
1517 3858 1573 3923 1;
1615 3857 1744 3912 Luc.
1783 3860 1834 3920 6,
1875 3857 1942 3912 37
2052 3859 2122 3912 26
2159 3859 2312 3912 Rom.
2357 3859 2439 3922 14,
2477 3861 2512 3913 4

607 3997 639 4050 3
678 3998 780 4051 hoc
816 4014 918 4052 om.
957 3997 1012 4051 P
1150 3997 1216 4052 10
1255 4001 1350 4050 aut
1396 3997 1509 4052 VU
1541 3997 1660 4054 edd.
1803 3999 1867 4053 17
1909 3998 2036 4068 quid
2079 4001 2221 4069 cum]
2265 4015 2382 4053 cum
2424 3996 2508 4064 (ivi
2543 4017 2653 4056 ras.
2691 4001 2832 4054 satis

537 4086 749 4154 ampla)
799 4085 843 4137 V
884 4102 1005 4140 cum
1044 4085 1157 4140 lar
1300 4084 1514 4138 accidat
1560 4085 1673 4140 VU
1703 4085 1822 4140 edd.
1988 4089 2052 4140 18
2091 4089 2410 4157 relinqueris
2449 4089 2503 4142 P
2643 4089 2712 4144 20
2747 4089 2828 4159 id]

535 4179 593 4229 et
630 4174 741 4229 VU
833 4177 903 4230 24
943 4191 1267 4244 quemquam
1304 4190 1409 4231 om.
1449 4173 1559 4227 VC
1591 4175 1710 4231 edd.
1748 4191 1848 4231 sec.
1889 4176 2047 4246 Γαῖα.
2090 4177 2215 4242 (Gr.
2245 4183 2313 4244 τι)
2353 4185 2566 4246 quaqua
2597 4180 2749 4244 (εἰσί)
2781 4179 2834 4232 Ρ

608 4269 663 4316 61
700 4263 1158 4333 quod—iudicare
1195 4279 1298 4319 om.
1346 4261 1455 4318 VU
1488 4263 1610 4318 edd.
1749 4266 1816 4320 26
1858 4264 1951 4334 qui
1990 4283 2063 4324 es,
2103 4283 2170 4319 m.
2197 4270 2235 4320 2
2274 4266 2393 4335 quis
2433 4281 2490 4319 es
2528 4265 2582 4318 P
2616 4267 2735 4336 quis
2774 4283 2829 4319 es

544 4351 656 4407 VU
685 4351 805 4407 edd.
844 4369 944 4407 sec.
992 4351 1149 4421 Vulfl.
1261 4353 1329 4405 27
1367 4351 1590 4413 indicae.
1633 4369 1698 4407 m.
1722 4357 1760 4407 2
1799 4369 1934 4408 corr.
1973 4354 2090 4408 uid.
2133 4353 2337 4410 iudicas
2377 4354 2431 4407 P
2465 4355 2670 4409 iudicas
2709 4353 2829 4410 edd.
