3184 4959
217 1620 268 1659 10

213 2155 266 2195 15

209 2694 262 2731 80

1075 436 1617 507 epistularum
1678 435 1836 491 CXX.
2484 438 2611 501 709

306 634 578 699 stantiae
625 635 814 715 atque
863 631 1074 715 aliqua
1126 634 1306 713 parte
1355 629 1735 695 dissimilem
1782 634 1847 694 et
1894 648 1967 695 eo
2014 630 2202 695 modo
2252 630 2607 697 inferiorern

307 741 602 824 spiritum
677 742 991 815 sanctum,
1065 737 1348 820 itemque
1413 736 1544 816 illa,
1615 756 1775 818 quae
1852 736 2171 819 persuasit
2232 740 2480 819 patrem
2546 742 2611 803 et

304 848 510 913 filium
555 846 745 911 unius
792 844 1226 927 eiusdemque,
1275 844 1570 926 spiritum
1619 862 1769 909 uero
1819 848 2109 908 sanctum
2158 842 2419 909 alterius
2468 863 2607 909 esse

307 954 723 1029 substantiae,
771 971 894 1017 non
941 952 1107 1029 ideo,
1156 950 1306 1035 quia
1351 950 1512 1016 ratio
1551 954 1671 1028 est,
1723 949 1835 1015 sed
1875 950 2023 1034 qnia
2068 950 2233 1015 falsa
2278 950 2439 1016 ratio
2488 954 2607 1033 est,

307 1059 586 1125 cauenda
631 1063 696 1124 et
742 1058 1116 1125 detestanda
1162 1057 1426 1122 dicenda
1472 1060 1590 1122 est.
1640 1056 1699 1121 si
1746 1060 1961 1121 autem
2005 1057 2166 1122 ratio
2214 1076 2367 1122 uera
2414 1062 2605 1134 esset,

303 1185 423 1231 non
470 1166 694 1249 utique
742 1168 1035 1231 errasset.
1102 1167 1484 1248 quapropter
1539 1163 1709 1227 sicut
1755 1182 1879 1227 non
1925 1162 2068 1229 ideo
2118 1163 2309 1227 debes
2358 1182 2606 1228 omnem

301 1273 506 1338 uitare
573 1290 948 1349 sermonem,
1015 1272 1164 1353 quia
1219 1274 1320 1335 est
1383 1274 1450 1334 et
1512 1288 1718 1334 sermo
1786 1270 2011 1347 falsus,
2078 1268 2168 1334 ita
2232 1288 2357 1335 non
2413 1268 2605 1336 debes

303 1398 555 1444 omnem
609 1378 813 1444 uitare
879 1378 1210 1455 rationem,
1271 1375 1420 1459 quia
1474 1380 1576 1441 est
1632 1379 1696 1441 et
1758 1376 1921 1441 falsa
1982 1376 2163 1441 ratio.
2230 1376 2349 1442 hoc
2410 1380 2475 1441 et
2530 1377 2607 1443 de

302 1486 614 1568 sapientia
668 1485 955 1560 dixerim
1023 1502 1226 1566 neque
1285 1483 1449 1548 enim
1506 1487 1841 1567 propterea
1895 1482 2208 1566 sapientia
2267 1482 2609 1548 deuitanda

305 1596 424 1668 est,
493 1590 642 1673 quia
705 1593 806 1655 est
869 1593 934 1653 et
994 1589 1157 1654 falsa
1236 1588 1564 1671 sapientia,
1634 1587 1739 1652 cui
1805 1588 2084 1653 stultitia
2148 1592 2247 1652 est
2312 1586 2605 1653 Christus

305 1696 662 1773 crucifixus,
711 1697 820 1779 qui
869 1702 992 1761 est
1039 1695 1168 1760 dei
1223 1696 1496 1759 uirtus
1546 1697 1624 1759 et
1673 1694 1799 1758 dei
1848 1694 2288 1777 sapientia,
2350 1699 2415 1759 et
2458 1694 2603 1761 ideo

304 1823 443 1885 per
523 1803 684 1868 hanc
769 1801 1233 1867 stultitiam
1317 1799 1980 1884 praedicationis
2064 1800 2387 1884 placuit
2460 1800 2601 1865 deo

307 1910 587 1975 saluos
649 1910 924 1974 facere
989 1908 1441 1988 credentes,
1510 1908 1908 1990 quoniam,
1977 1908 2185 1990 quod
2252 1907 2602 1972 stultum

305 2020 430 2081 est
504 2016 654 2095 dei,
731 2015 1197 2098 sapientius
1265 2018 1391 2080 est
1465 2013 1959 2082 hominibus.
2035 2014 2155 2081 hoc
2220 2013 2601 2097 quibusdam

301 2122 824 2207 philosophorum
863 2132 930 2187 et
967 2126 1288 2187 oratorum
1333 2140 1454 2187 non
1502 2140 1721 2185 ueram
1767 2120 1939 2185 uiam
1987 2120 2100 2185 sed
2145 2120 2283 2185 ueri
2328 2119 2601 2185 similem

303 2228 694 2293 sectantibus
743 2232 809 2293 et
861 2228 926 2291 in
985 2247 1058 2292 ea,
1112 2246 1180 2292 se
1234 2227 1410 2309 ipsos
1467 2226 1755 2308 aliosque
1811 2225 2179 2291 fallentibus
2234 2226 2603 2308 persuaderi

298 2354 422 2399 non
477 2334 709 2417 potuit,
758 2333 1140 2416 quibusdam
1196 2352 1346 2398 uero
1396 2351 1615 2397 eorum
1670 2332 1903 2415 potuit.
1966 2336 2031 2397 et
2076 2332 2311 2414 quibus
2368 2332 2599 2415 potuit,

299 2458 502 2523 neque
560 2440 928 2506 scandalum
987 2443 1088 2503 est
1141 2438 1436 2505 Christus
1495 2438 1830 2503 crucifixus
1896 2458 2098 2521 neque
2164 2439 2469 2517 stultitia3
2533 2439 2597 2503 in

303 2547 400 2611 his
449 2548 614 2611 enim
670 2549 840 2625 sunt,
899 2546 1130 2628 quibus
1186 2546 1513 2613 uocatis
1570 2545 1901 2611 Iudaeis
1960 2547 2037 2610 et
2084 2544 2423 2610 Graecis
2472 2545 2599 2609 dei

301 2654 576 2718 uirtus
625 2657 751 2718 est
796 2657 875 2717 et
923 2654 1050 2719 dei
1099 2652 1534 2737 sapientia.
1593 2651 1655 2717 in
1704 2672 1829 2735 qua
1875 2651 2000 2731 uia,
2046 2652 2115 2718 id
2160 2651 2362 2717 estin
2415 2652 2597 2717 cuius

299 2758 536 2825 Christi
593 2760 868 2825 crucifixi
935 2760 1078 2837 fide,
1137 2760 1245 2843 qui
1303 2760 1440 2825 eius
1495 2758 1941 2824 rectitudinem
2006 2778 2117 2843 per
2172 2758 2273 2823 dei
2328 2760 2597 2842 gratiam

299 2867 822 2950 comprehendere
867 2871 1231 2949 potuerunt,
1289 2869 1356 2931 et
1401 2867 1456 2930 si
1501 2864 1871 2949 philosophi
1916 2864 2219 2949 appellati
2265 2868 2416 2930 sunt
2460 2865 2596 2931 siue

297 2976 596 3053 oratoi·e8‚
670 2974 953 3056 profecto
1031 2974 1261 3038 humili
1335 2973 1572 3057 pietate
1640 2973 1915 3038 confessi
1989 2975 2139 3037 sunt
2212 2972 2334 3037 sibi
2408 2974 2595 3056 longe

295 3080 706 3147 excellentius
763 3081 829 3145 in
878 3101 950 3146 ea
1005 3081 1206 3147 fuisse
1261 3080 1555 3163 praeuios
1614 3080 1967 3162 piscatores
2023 3097 2145 3143 non
2206 3078 2417 3143 solum
2466 3098 2595 3144 cre-

297 3186 484 3251 dendi
538 3187 904 3252 firmissimo
960 3187 1182 3254 robore
1238 3206 1462 3252 uerum
1521 3187 1711 3251 etiam
1770 3186 2183 3270 intellegendi
2239 3185 2595 3251 certissima

294 3293 582 3361 ueritate.
659 3313 802 3359 curn
877 3295 1046 3359 enim
1122 3294 1495 3359 didicissent
1569 3293 1649 3357 ad
1723 3293 1842 3359 hoc
1909 3293 2113 3357 electa
2177 3312 2316 3358 esse
2394 3292 2593 3357 stulta

292 3398 514 3464 mundi
553 3402 618 3465 et
661 3400 930 3479 infirma,
978 3403 1054 3465 ut
1101 3399 1414 3483 sapientia
1451 3399 1985 3465 confunderentur
2030 3402 2095 3463 et
2138 3398 2346 3478 fortia,
2396 3416 2592 3480 seque

295 3506 746 3590 cognouissent
789 3507 1102 3572 fallaciter
1147 3526 1366 3589 sapere
1406 3511 1470 3572 et
1504 3506 1890 3571 inbecilliter
1924 3506 2305 3588 praeualere,
2344 3505 2592 3570 confusi

293 3612 631 3676 salubriter
703 3614 856 3678 facti
923 3617 1072 3678 sunt
1146 3613 1331 3679 stulti
1396 3616 1461 3677 et
1522 3611 1777 3690 infirmi,
1854 3614 1929 3675 ut
1998 3630 2108 3695 per
2187 3608 2459 3675 stultum
2527 3618 2592 3675 et

473 3786 539 3840 10
575 3786 605 3841 Ι
641 3786 763 3842 Cor.
805 3786 853 3849 1,
895 3785 988 3850 18;
1029 3786 1122 3849 24;
1166 3786 1262 3849 21;
1303 3786 1373 3839 25
1485 3786 1552 3840 19
1589 3784 1619 3839 Ι
1657 3784 1780 3840 Cor.
1822 3786 1869 3850 1,
1909 3786 1980 3839 24
2097 3784 2166 3839 26
2204 3782 2232 3837 Ι
2270 3782 2389 3840 Cor.·
2432 3784 2480 3847 1,
2519 3784 2585 3837 27

292 3874 360 3927 29
397 3873 425 3928 Ι
463 3874 584 3930 Cor.
625 3876 674 3943 1,
712 3876 782 3928 25

365 4000 390 4053 1
435 3998 541 4052 alia
574 3999 621 4053 0
702 4000 734 4051 5
775 4000 821 4053 si
861 4000 1064 4067 autem]
1105 4016 1230 4052 nam
1261 3999 1308 4052 si
1341 3997 1570 4053 ΟΡΤΤί
1611 3996 1731 4052 edd.
1816 3997 1850 4050 6
1886 3996 2012 4051 ideo
2048 4014 2155 4051 non
2188 3996 2235 4050 O
2304 3998 2338 4051 8
2378 4012 2589 4050 omnem

289 4104 394 4143 om,
438 4086 484 4141 0
591 4089 624 4141 9
661 4086 890 4141 uitanda
929 4087 1162 4143 OPTT¹
1197 4087 1318 4142 edd.
1423 4088 1490 4141 14
1517 4087 1652 4141 *hoc
1678 4086 1733 4140 B
1856 4088 1921 4140 1⁶7
1960 4102 2142 4139 eorum
2180 4101 2287 4138 non
2325 4085 2509 4155 potuit
2536 4084 2590 4138 P

289 4176 357 4230 19
403 4176 472 4230 iis
519 4175 639 4229 edd.
820 4178 890 4230 25
935 4176 1228 4231 firmissimi
1273 4176 1466 4230 robure
1511 4176 1568 4229 B
1798 4175 2149 4229 certissimam
2198 4174 2487 4227 ueritatem
2533 4174 2589 4226 B

287 4265 356 4318 26
394 4264 568 4318 stulta
603 4280 720 4319 esse
765 4262 996 4319 ΟΡΤΤι
1032 4265 1151 4319 edd.
1227 4265 1295 4318 27
1335 4264 1498 4318 fortia
1527 4268 1583 4318 et
1608 4264 1879 4333 sapientia
1907 4262 2361 4317 confunderentur
2388 4262 2443 4315 P
2464 4262 2583 4316 edd.

359 4355 416 4406 et
451 4352 618 4407 fortia
645 4368 747 4407 om.
783 4353 960 4408 ΟΤΤ1
1034 4354 1102 4406 28
1130 4353 1389 4417 inbecilli,
1417 4370 1486 4407 m.
1515 4358 1580 4407 ut
1604 4352 1720 4407 uid.
1752 4356 1793 4405 2
1817 4350 2091 4406 inbecillia
2120 4351 2175 4405 B
2209 4351 2484 4406 imbecilla
2516 4352 2585 4404 Τ1
