3184 4959
90 658 276 724 V14

1118 466 1647 536 epistularum
1706 465 1902 522 CVIII.
2536 472 2661 535 627

459 661 628 742 Quid
671 660 856 737 illud,
904 661 1073 742 quod
1121 660 1344 725 soletis
1385 660 1460 725 de
1510 661 1887 726 sustentatis
1936 662 2484 744 persecutionibus
2533 665 2665 749 glo-

367 768 556 833 riari?
613 769 669 832 si
722 770 1032 850 martyres
1077 787 1200 832 non
1247 768 1403 832 facit
1447 785 1643 833 causa
1688 768 1800 832 sed
1844 787 2067 850 poena,
2127 788 2273 834 cum
2320 771 2661 837 diceretur:

369 873 2661 958 Beati,quipersecutionempatiuntur,frustraestadditum:

370 981 714 1064 Propter
765 981 1208 1046 iustitiam.
1257 999 1456 1046 nonne
1503 1000 1624 1045 uos
1672 982 1861 1046 etiam
1909 981 1972 1045 in
2020 981 2142 1047 hoc
2186 982 2377 1048 titulo
2427 985 2664 1068 gloriae

307 1111 335 1153 5
371 1087 878 1153 Maximianistae
926 1088 1228 1152 facillime
1278 1088 1560 1163 uincunt‚
1603 1087 1713 1170 qui
1749 1089 2253 1172 persecutionem
2294 1109 2413 1156 non
2456 1092 2667 1155 solum

371 1199 596 1278 postea
648 1195 987 1261 uobiscum
1044 1195 1155 1260 sed
1211 1194 1386 1276 prius
1436 1197 1501 1260 et
1555 1214 1594 1259 a
1638 1195 1824 1260 uobis
1876 1195 2316 1278 pertulerunt?
2372 1197 2667 1262 aduocati

372 1303 730 1366 accusantis
795 1302 1251 1366 Maximianum
1324 1306 1540 1366 uestro
1606 1300 1853 1385 collega
1922 1305 2255 1383 praesente
2318 1303 2665 1382 Restituto,

374 1406 484 1490 qui
526 1406 591 1470 in
645 1407 859 1472 locum
907 1407 1086 1472 Salui
1129 1405 1648 1472 Membressitani
1704 1427 1849 1472 cum
1902 1407 2130 1471 ceteris
2184 1406 2315 1473 illis
2372 1409 2667 1474 undecim

374 1513 510 1578 sine
549 1512 850 1578 dilatione
889 1514 1188 1591 damnati,
1238 1517 1580 1594 antequam
1626 1514 1763 1595 ipse
1804 1513 1937 1579 dies
1976 1513 2302 1579 dilationis
2346 1517 2666 1596 transiret,

286 1646 339 1686 ιο
372 1619 502 1684 iam
537 1619 745 1684 fuerat
781 1621 1127 1695 ordinaturi,
1175 1620 1372 1684 uerba
1409 1622 1581 1699 sunt,
1622 1639 1781 1703 quae
1818 1619 1943 1684 iam
1982 1621 2172 1704 paulo
2212 1624 2355 1686 ante
2394 1641 2667 1688 comme-

374 1727 640 1791 moraui.
687 1725 975 1791 Titianus
1025 1727 1212 1791 etiam
1259 1726 1380 1790 iam
1432 1726 1533 1790 die
1579 1727 1719 1808 ipso
1770 1726 2090 1791 dilationis
2138 1730 2454 1793 transacto
2502 1729 2669 1794 Feli-

377 1833 627 1897 cianum
712 1837 776 1898 et
845 1834 1334 1910 Praetextatum,
1419 1837 1621 1899 totam
1700 1834 1906 1917 ipsam
1992 1837 2209 1899 contra
2276 1835 2667 1901 Primianum

378 1938 904 2020 conspirationem
959 1939 1173 2004 uerbis
1231 1939 1633 2024 grauissimis
1680 1939 2028 2004 accusauit.
2088 1940 2427 2005 concilium
2475 1943 2667 2007 etiam

377 2041 730 2131 Bagaiense
785 2065 905 2111 non
963 2047 1162 2111 semel
1219 2047 1418 2132 gestis
1464 2046 2023 2128 proconsularibus
2072 2065 2145 2110 ac
2191 2046 2417 2112 deinde
2463 2050 2666 2113 muni-

289 2179 343 2220 15
379 2154 692 2236 cipalibus
748 2153 1092 2238 allegatum
1143 2158 1260 2229 est,
1318 2153 1588 2217 excitata
1640 2152 1899 2231 iudicia,
1953 2153 2329 2235 impetratae
2372 2156 2667 2220 minacis-

378 2261 576 2326 simae
621 2261 959 2340 iussiones,
1015 2261 1410 2344 postulatum
1459 2264 1648 2341 atque
1695 2263 2105 2342 praeceptum
2154 2263 2272 2338 est,
2328 2261 2406 2325 ad
2454 2262 2666 2326 coher-

378 2368 675 2433 citionem
692 2367 1063 2432 resistentes
1081 2368 1594 2451 perducerentur,
1625 2365 2020 2448 impertitum
2043 2367 2346 2446 officium,
2368 2387 2672 2433 concessa

378 2476 606 2540 auxilia
645 2475 1002 2553 ciuitatum,
1043 2493 1155 2558 per
1191 2492 1350 2554 quae
1390 2473 1475 2551 id,
1515 2473 1685 2554 quod
1722 2473 2073 2537 iudicatum
2112 2477 2230 2551 est,
2278 2474 2666 2557 impleretur.

379 2584 531 2666 quid
587 2603 736 2668 ergo
791 2582 1122 2646 nobiscum
1181 2580 1257 2643 de
1311 2579 1579 2643 tolerata
1644 2580 2079 2661 persecutione
2136 2580 2498 2664 confligitis,
2558 2583 2667 2663 qui

281 2714 335 2754 20
369 2689 704 2755 uobiscum
777 2689 904 2752 ista
975 2709 1095 2753 non
1173 2706 1372 2769 aequo
1439 2687 1576 2751 iure
1642 2686 2025 2752 diuisimus?
2100 2706 2243 2752 cum
2312 2687 2475 2751 enim
2544 2708 2666 2752 non

372 2814 638 2879 semper,
697 2795 804 2877 qui
859 2795 1365 2877 persecutionem
1424 2793 1721 2871 sustinet,
1767 2795 2096 2877 perueniat
2150 2795 2227 2856 ad
2283 2795 2665 2876 passionem,

371 2903 464 2966 sic
518 2902 685 2967 inter
739 2921 852 2966 nos
902 2905 1400 2985 composuerunt
1455 2901 1669 2965 clerici
1716 2905 1783 2964 et
1829 2900 2387 2965 Circumcelliones
2444 2903 2666 2977 uestri,

371 3012 446 3073 ut
501 3028 618 3073 uos
673 3008 1197 3093 persecutionem,
1263 3027 1378 3072 nos
1434 3007 1797 3090 passionem
1853 3007 2338 3072 sustineremus,
2406 3006 2537 3086 sed,
2596 3013 2667 3072 ut

373 3115 518 3190 dixi,
567 3135 710 3180 cum
751 3115 1240 3180 Maximianistis
1290 3115 1366 3179 de
1412 3113 1539 3178 ista
1583 3113 1773 3177 laude
1822 3116 2079 3192 certate,
2130 3114 2239 3196 qui
2286 3118 2503 3178 contra
2548 3133 2665 3178 uos

283 3247 337 3288 25
371 3223 638 3287 recitant
703 3225 884 3306 gesta
948 3222 1244 3299 forensia,
1309 3221 1421 3285 ubi
1478 3241 1588 3286 eos
1653 3241 1765 3304 per
1818 3221 2060 3286 iudices
2118 3221 2666 3304 persecutionibus

373 3328 686 3413 agitastis,
745 3328 856 3392 sed
911 3331 1098 3410 plane
1157 3348 1302 3393 cum
1359 3328 1741 3410 quibusdam
1799 3347 2015 3392 eomm
2073 3328 2187 3392 tali
2244 3328 2668 3392 cohercitione

373 3437 670 3500 correctis
724 3439 950 3516 postea
1005 3435 1462 3512 concordastis,
1519 3433 1687 3498 unde
1742 3453 1857 3500 nec
1912 3438 2130 3499 nostra
2185 3439 2281 3498 est
2338 3435 2669 3518 desperata

550 3626 582 3678 3
621 3625 818 3679 Matth.
857 3627 911 3687 5,
956 3626 1021 3680 10

441 3751 474 3802 2
515 3749 690 3803 dicere
715 3751 719 3816 ζ
744 3752 893 3803 retur
919 3750 975 3802 P
1071 3751 1104 3803 4
1142 3750 1199 3803 in
1236 3751 1338 3803 hoc
1375 3740 1550 3802 titulo'
1578 3749 1753 3818 gloria
1779 3749 1834 3803 P
1870 3750 1925 3803 in
1962 3748 2123 3801 huius
2162 3747 2309 3801 tituli
2348 3747 2524 3816 gloria
2561 3746 2673 3800 V'U

372 3838 522 3905 edd.;
555 3839 754 3907 scripsi
788 3840 844 3891 in
881 3837 984 3892 hoc
1022 3838 1187 3892 titulo
1227 3837 1434 3908 gloriae
1542 3841 1575 3893 5
1613 3838 2072 3892 maximinianiste
2102 3838 2156 3891 P
2296 3837 2589 3890 uincuntur
2616 3836 2671 3888 P

371 3928 404 3981 8
443 3927 614 3982 Saluii
650 3944 703 3980 m
885 3929 952 3981 10
989 3929 1119 3980 sunt
1155 3943 1256 3980 om.
1296 3927 1351 3979 P
1529 3928 1593 3980 11
1634 3926 1741 3979 iam
1780 3942 1882 3980 om.
1931 3925 2041 3980 VU
2074 3924 2193 3980 edd.
2362 3923 2471 3992 die]
2513 3923 2579 3976 de
2618 3923 2673 3976 P

375 4017 438 4069 12
479 4015 544 4069 de
581 4018 704 4069 tota
725 4017 848 4086 ipsa
875 4020 1063 4070 contra
1085 4015 1405 4085 primianum
1440 4015 1841 4086 conspiratione
1872 4013 2116 4070 VUedd.
2193 4013 2258 4067 13
2288 4012 2534 4066 cecilium
2566 4012 2675 4066 VU

375 4105 439 4158 14
477 4105 772 4174 uagaiense
808 4104 865 4157 P
894 4105 1152 4172 uagiense
1200 4102 1438 4157 VUlsr
1473 4103 1779 4171 vagaiense
1800 4121 1851 4155 m
2018 4102 2083 4155 15
2123 4102 2417 4170 ellegatum
2454 4100 2510 4152 P
2545 4101 2666 4154 alli-

371 4199 556 4265 gatum
607 4193 656 4248 U
797 4193 1058 4262 impetrat
1096 4193 1491 4246 eminacissime
1531 4191 1582 4243 P
1696 4193 1760 4246 16
1801 4190 2165 4245 cohertionem
2214 4189 2269 4244 U
2391 4189 2455 4244 17
2496 4191 2666 4258 impe-

371 4285 534 4337 ritum
572 4283 729 4338 codd.
768 4288 818 4336 et
857 4281 988 4336 add.
1029 4283 1344 4336 coniectura
1382 4281 1705 4350 imperatum
1738 4281 1807 4335 lr
1832 4281 2155 4349 imperatum
2183 4296 2212 4333 s
2306 4279 2371 4334 19
2408 4277 2663 4346 tolerata]

371 4374 636 4442 imperata
665 4371 772 4424 VU
795 4371 915 4426 edd.
1005 4371 1074 4425 23
1103 4370 1382 4440 passiones
1401 4369 1456 4422 P
1541 4371 1610 4423 27
1642 4368 1925 4440 desperata
1959 4373 2043 4423 est
2071 4368 2124 4422 U
2148 4373 2231 4422 est
2260 4367 2668 4440 desperandam

2494 4471 2595 4526 40*
