3184 4959
77 1446 139 1507 V
177 1446 258 1509 32

263 1580 316 1623 1⁰

266 2115 317 2156 1⁶

263 2648 319 2691 20

262 3180 314 3221 25

1076 403 1608 472 epistularum
1666 401 1908 457 CXVIII.
2518 406 2649 471 695

354 596 544 661 etiam
601 596 678 661 ab
741 596 902 679 ipsis
967 596 1198 661 atomis
1265 596 1544 661 adfluant
1606 596 1961 682 imagines?
2029 598 2084 664 si
2150 598 2457 677 adfluunt,
2524 618 2647 682 quo

351 703 539 770 modo
595 703 724 767 iam
783 706 932 767 sunt
987 703 1204 781 atomi,
1272 723 1310 769 a
1364 704 1596 786 quibus
1654 704 1867 787 aliqua
1922 724 2183 789 corpora
2238 708 2647 789 separantur?

353 810 410 875 si
463 829 586 875 non
643 808 950 888 adfluunt,
1010 812 1120 875 aut
1173 814 1390 893 potest
1444 812 1689 893 aliquid
1742 812 1877 877 sine
1924 812 2313 896 imaginibus
2362 812 2648 896 cogitari,

353 918 524 999 quod
579 916 984 982 uehementer
1037 918 1280 995 nolunt,
1339 920 1450 983 aut
1503 918 1671 983 unde
1728 922 1963 983 norunt
2008 922 2278 997 atomos,
2328 937 2485 1001 quas
2532 938 2647 983 nec

355 1023 632 1108 cogitare
678 1026 1068 1107 potuerunt?
1111 1023 1223 1088 sed
1267 1024 1396 1089 iam
1441 1024 1645 1107 pudet
1690 1044 1791 1090 me
1836 1024 1963 1089 ista
1997 1026 2305 1104 refellere,
2354 1044 2497 1091 cum
2540 1044 2647 1091 eos

351 1151 474 1197 non
519 1130 822 1213 puduerit
856 1130 982 1195 ista
1017 1130 1278 1207 sentire;
1329 1148 1472 1195 cum
1513 1150 1667 1195 uero
1708 1131 1847 1195 ausi
1884 1138 2032 1197 sunt
2068 1131 2260 1197 etiam
2298 1132 2646 1207 defendere,

353 1256 476 1303 non
531 1236 660 1301 iam
706 1254 926 1301 eorum
982 1237 1096 1301 sed
1149 1238 1354 1319 ipsius
1411 1239 1659 1321 generis
1718 1238 1976 1303 humani
2034 1258 2135 1303 me
2188 1238 2407 1321 pudet,
2464 1239 2649 1303 cuius

353 1362 536 1408 aures
583 1344 740 1409 haec
785 1342 946 1409 ferre
991 1347 1354 1427 potuerunt.

443 1449 602 1515 Cum
637 1450 838 1534 igitur
873 1452 1055 1515 tanta
1091 1451 1178 1515 sit
1215 1451 1486 1515 caecitas
1525 1451 1837 1517 mentium
1885 1471 1997 1535 per
2030 1452 2387 1537 ingluuiem
2430 1470 2649 1534 pecca-

351 1560 564 1621 torum
611 1576 1014 1639 amoremque
1061 1558 1286 1635 carnis,
1335 1562 1410 1621 ut
1445 1558 1633 1622 etiam
1684 1557 1809 1623 ista
1856 1558 2313 1623 sententiarum
2358 1560 2648 1641 portenta

355 1663 484 1729 otia
539 1659 882 1729 doctorum'
925 1668 1242 1729 conterere
1307 1664 1689 1748 disputando
1754 1664 2097 1747 potuerint,
2165 1663 2489 1730 dubitabis
2552 1667 2647 1739 tu,

351 1769 678 1847 Dioscore‚
726 1772 834 1835 uel
872 1771 1208 1854 quisquam
1246 1771 1544 1855 uigilanti
1589 1772 1843 1856 ingenio
1880 1771 2205 1855 praeditus
2244 1771 2421 1836 nullo
2460 1769 2647 1835 modo

355 1876 434 1941 ad
489 1877 870 1958 sequendam
929 1878 1262 1943 ueritatem
1317 1878 1550 1943 melius
1608 1878 1858 1943 consuli
1918 1878 2207 1961 potuisse
2265 1877 2479 1963 generi
2534 1876 2647 1941 hu·

352 2002 558 2061 manc,
606 2001 796 2065 quam
850 1986 925 2049 ut
979 1984 1168 2049 homo
1217 1984 1294 2049 ab
1349 1985 1492 2067 ipsa
1537 1985 1807 2049 ueritate
1854 1990 2192 2067 susceptus
2246 1983 2650 2049 ineffabiliter

354 2091 544 2171 atque
597 2090 972 2156 mirabiliter
1027 2095 1092 2156 et
1153 2091 1355 2175 ipsius
1419 2091 1484 2155 in
1549 2092 1735 2157 terris
1798 2110 2131 2173 personam
2196 2110 2420 2176 gerens
2474 2094 2649 2155 recta

353 2196 792 2279 praecipiendo
851 2202 916 2262 et
970 2198 1188 2263 diuina
1239 2197 1526 2263 faciendo
1596 2198 1933 2263 salubriter
1988 2198 2157 2263 credi
2218 2196 2646 2280 persuaderet,

354 2304 524 2385 quod
577 2304 854 2369 nondum
921 2304 1260 2387 prudenter
1321 2308 1543 2386 posset
1596 2304 1926 2388 intellegi?
1980 2304 2172 2369 huius
2229 2318 2356 2369 nos·
2410 2302 2646 2387 gloriae

355 2410 690 2487 seruimuS,
760 2410 910 2475 huic
963 2414 1027 2475 te
1082 2410 1473 2475 inmobiliter
1527 2414 1719 2493 atque
1776 2412 2136 2475 constanter
2192 2410 2442 2474 credere
2506 2409 2647 2473 hor-

351 2520 582 2595 tamur,
629 2536 740 2601 per
787 2537 974 2599 quem
1021 2518 1260 2582 factum
1310 2520 1429 2595 est,
1478 2521 1553 2582 ut
1598 2537 1717 2583 non
1768 2518 1955 2599 pauci
2003 2516 2115 2581 sed
2160 2516 2384 2599 populi
2432 2516 2643 2593 etiam,

354 2624 462 2705 qui
517 2641 640 2687 non
698 2626 970 2707 possunt
1021 2623 1147 2689 ista
1193 2622 1540 2688 diiudicare
1585 2622 1844 2701 ratione,
1900 2622 2023 2687 fide
2068 2622 2401 2701 inrideant,
2450 2621 2645 2686 donec

354 2729 738 2795 salutaribus
805 2729 1157 2813 praeceptis
1223 2729 1663 2793 adminiculati
1722 2728 1993 2793 euadant
2048 2729 2123 2793 ab
2179 2728 2279 2791 his
2346 2727 2647 2811 perplexi·

349 2836 592 2901 tatibus
630 2836 694 2899 in
735 2855 918 2900 auras
955 2835 1336 2918 purissimae
1376 2839 1566 2919 atque
1606 2836 2071 2901 sincerissimae
2108 2834 2421 2901 ueritatis.
2462 2834 2645 2900 cuius

351 2944 716 3009 auctoritati
751 2947 926 3009 tanto
967 2943 1262 3009 deuotius
1301 2944 1723 3027 obtemperari
1760 2947 2030 3026 oportet,
2070 2946 2302 3026 quanto
2350 2942 2643 3008 uidemus

349 3051 596 3115 nullum
643 3051 770 3115 iam
819 3070 1088 3116 errorem
1138 3070 1206 3115 se
1255 3050 1482 3115 audere
1531 3051 1829 3116 extollere
1878 3049 1957 3113 ad
2005 3048 2473 3134 congregandas
2522 3048 2645 3113 sibi

349 3158 570 3221 turbas
643 3158 1077 3241 inperitorum,
1151 3159 1260 3240 qui
1333 3176 1456 3222 non
1525 3155 1869 3223 Christiani
1943 3155 2216 3221 nominis
2289 3155 2645 3219 uelamenta

423 3332 449 3385 1
493 3330 756 3401 adfluant]
798 3330 1026 3385 affluent
1061 3332 1184 3385 MA
1275 3332 1306 3385 3
1346 3331 1483 3401 sine]
1525 3331 1572 3385 si
1612 3348 1719 3383 non
1756 3331 1811 3385 A
1900 3331 1935 3383 4
1974 3330 2130 3399 quas]
2170 3344 2302 3399 quos
2332 3329 2387 3383 R
2476 3330 2508 3383 6
2548 3344 2643 3397 po-

347 3418 518 3473 tuerit
544 3420 618 3472 M
650 3420 860 3489 puduei·
885 3419 960 3473 Ρι
998 3419 1324 3488 puduerunt,
1351 3420 1582 3489 punctis
1618 3435 1760 3474 corr.
1797 3418 2055 3489 puduerit
2087 3418 2135 3473 V
2282 3418 2393 3471 sint
2418 3416 2493 3470 Ρι
2522 3415 2641 3471 edd.

339 3513 622 3577 praetera
669 3510 727 3571 ,9
765 3510 840 3562 sit
875 3525 975 3563 om.
1007 3508 1061 3561 P
1169 3508 1484 3563 illuuiemm
1560 3509 1627 3562 10
1666 3510 2035 3577 amortemque
2076 3510 2123 3573 (t
2159 3510 2300 3575 exp.)
2327 3506 2383 3561 R
2482 3530 2507 3557 n
2529 3522 2643 3559 car·

347 3595 432 3650 nis
459 3596 526 3649 M
637 3598 746 3651 ista
781 3614 904 3663 θυι,
941 3614 1008 3650 m.
1031 3601 1060 3650 1
1099 3598 1228 3653 add.
1259 3597 1330 3651 ,Ρ1
1441 3596 1711 3666 portenda
1735 3595 1812 3649 M
1881 3598 1943 3651 11
1978 3596 2153 3650 ocium
2177 3595 2234 3649 P
2340 3598 2644 3648 conterrere

347 3685 504 3753 (med.
543 3703 570 3737 r
605 3702 674 3740 m.
696 3690 736 3740 2
771 3686 912 3755 exp.)
948 3686 1022 3741 M
1159 3686 1440 3755 potuerint
1475 3687 1584 3756 (int
1618 3702 1661 3738 s.
1698 3701 1757 3740 u.
1792 3702 1863 3738 m.
1902 3690 1967 3738 ut
2000 3684 2117 3739 uid.
2157 3687 2216 3751 2)
2254 3683 2310 3736 Ρ
2426 3684 2492 3737 12
2530 3682 2643 3735 ullo

347 3774 487 3829 P¹V
519 3776 638 3829 edd.
670 3782 952 3845 praetera
1047 3776 1112 3829 13
1151 3774 1220 3829 ad
1258 3776 1586 3845 sequendam
1622 3792 1691 3828 m.
1718 3778 1759 3829 2
1793 3790 1861 3827 ex
1896 3773 2285 3843 assequendam
2312 3773 2367 3827 P
2456 3773 2523 3828 14
2560 3772 2642 3825 in-

347 3864 638 3919 effabiliter
673 3868 955 3935 susceptus
992 3865 1048 3920 R
1159 3866 1225 3919 15
1265 3866 1322 3917 et
1356 3880 1459 3919 om.
1491 3864 1544 3917 Β
1656 3864 1723 3917 16
1760 3862 2107 3934 percipiendo
2144 3862 2197 3915 V
2303 3862 2365 3915 17
2403 3861 2647 3931 intelligi

347 3958 532 4023 posset
565 3954 622 4007 R
761 3954 828 4009 18
865 3956 1176 4007 constantes
1213 3954 1268 4007 A
1405 3954 1468 4007 19
1507 3952 1603 4007 sed
1640 3978 1664 4004 a
1696 3957 1751 4018 (fi
1788 3968 1929 4006 eras.
1950 3950 2002 4017 ἓ)
2040 3951 2114 4006 Μ
2254 3952 2323 4005 20
2360 3949 2647 4004 diiudicari

343 4042 470 4097 MR
508 4047 597 4109 (m.
620 4046 660 4097 2
696 4041 1015 4112 diiudicare)
1174 4043 1442 4096 rationem
1477 4041 1533 4094 P
1692 4040 1919 4095 credant
1952 4038 2073 4094 edd.
2219 4040 2286 4093 21
2328 4038 2643 4093 amminicu-

345 4132 478 4186 latie
514 4130 724 4185 uadunt
762 4136 850 4197 (m.
873 4135 902 4184 1
940 4146 1076 4185 corr.
1118 4129 1341 4199 uadant)
1387 4148 1456 4184 m.
1480 4133 1520 4184 2
1555 4145 1694 4185 corr.
1732 4128 1807 4182 M
1848 4128 2257 4183 amminuculati
2295 4127 2533 4181 euadant
2568 4127 2641 4181 P1

345 4222 414 4275 24
453 4236 564 4275 uase
602 4220 818 4290 (parua
851 4222 990 4285 ras.)
1029 4218 1104 4272 M
1280 4218 1538 4273 extollere
1577 4218 1662 4272 bis
1698 4218 1771 4270 Ρι
1977 4216 2349 4286 imperitorum
2386 4216 2493 4269 sibi
2528 4219 2642 4269 tur·

345 4310 440 4363 bas
477 4310 534 4365 R
642 4310 710 4363 25
747 4308 1008 4378 nominis]
1046 4315 1080 4361 1‘1
1117 4308 1350 4363 hominis
1387 4308 1458 4361 M
