3184 4959
496 408 625 470 356
1211 404 1263 458 S.
1322 402 1594 455 Aureli
1651 402 2088 472 Augustini

498 619 646 664 uero
712 601 993 664 sanctam
1062 598 1437 679 scripturam
1506 597 1569 660 in
1639 617 1890 663 summo
1952 601 2014 661 et
2071 598 2328 663 caelesti
2387 600 2788 666 auctoritatis

498 706 770 770 culmine
817 706 1211 770 conlocatam
1259 703 1336 767 de
1384 705 1654 768 ueritate
1703 703 1840 768 eius
1889 708 2100 768 certus
2147 724 2218 768 ac
2266 724 2527 770 securus
2578 707 2786 790 legam

499 817 564 879 et
606 812 669 876 in
718 832 791 876 ea
835 811 1123 876 homines
1171 812 1275 874 uel
1324 810 1706 891 adprobatos
1753 811 1858 874 uel
1909 810 2274 876 emendatos
2314 813 2419 876 uel
2459 813 2787 878 damnatos

498 919 805 984 ueraciter
849 918 1088 982 discam
1136 918 1371 1001 potius,
1422 937 1634 998 quam,
1682 917 1850 980 facta
1897 918 2172 981 humana
2219 919 2367 982 dum
2418 921 2480 983 in
2533 919 2790 1002 quibus-

499 1025 643 1089 dam
696 1025 1035 1090 laudabilis
1092 1022 1492 1088 excellentiae
1546 1023 1831 1106 personis
1887 1023 2225 1107 aliquando
2285 1025 2534 1091 credere
2599 1025 2790 1090 timeo
2859 1047 2884 1082 ⁵

498 1131 1031 1215 reprehendenda,
1118 1131 1257 1213 ipsa
1330 1130 1547 1195 diuina
1619 1131 1872 1212 eloquia
1947 1132 2102 1195 mihi
2177 1132 2304 1196 sint
2379 1133 2616 1215 ubique
2691 1152 2792 1196 su-

502 1241 737 1321 specta.

590 1345 942 1410 Manichaei
1008 1345 1281 1427 plurima
1336 1345 1694 1410 diuinarum
1753 1347 2228 1428 scripturarum.
2286 1347 2516 1430 quibus
2575 1365 2792 1412 eorum

503 1453 779 1517 nefarius
846 1472 1013 1516 error
1077 1451 1429 1516 clarissima
1494 1453 1948 1516 sententiarum
2017 1454 2464 1536 perspicuitate
2537 1453 2793 1520 conuiu-

504 1560 685 1636 citur,
754 1559 901 1640 quia
966 1560 1025 1622 in
1094 1559 1288 1623 alium
1356 1577 1612 1623 sensum
1682 1560 2052 1642 detorquere
2109 1579 2230 1625 non
2287 1563 2576 1642 possunt,
2633 1559 2792 1624 falsa
2839 1581 2888 1616 ω

504 1686 644 1729 esse
702 1665 1107 1744 contendunt,
1164 1666 1251 1730 ita
1305 1669 1539 1742 tamen,
1598 1670 1672 1731 ut
1725 1667 1986 1731 eandem
2043 1667 2392 1732 falsitatem
2457 1687 2578 1733 nou
2645 1669 2794 1732 scri-

504 1772 800 1836 bentibus
849 1772 1154 1854 apostolis
1200 1772 1483 1837 tribuant
1528 1773 1642 1838 sed
1689 1775 1900 1838 nescio
1942 1774 2173 1855 quibus
2213 1773 2502 1839 codicum
2543 1793 2796 1856 corrup-

505 1877 773 1942 toribuS.
840 1877 1007 1958 quod
1069 1882 1278 1942 tamen
1342 1879 1491 1960 quia
1574 1899 1688 1944 nec
1753 1881 2041 1964 pluribus
2119 1881 2258 1946 siue
2332 1881 2792 1962 antiquioribus

507 1985 962 2068 exemplaribus
1009 2005 1122 2052 nec
1166 1986 1598 2069 praecedentis
1645 1987 1902 2071 linguae
1951 1988 2348 2063 auctoritate,
2387 1987 2552 2052 unde
2589 1987 2794 2052 Latini

506 2091 647 2156 libri
696 2093 1087 2174 interpretati
1132 2096 1300 2174 sunt,
1348 2095 1611 2178 probare
1660 2095 1996 2176 aliquando
2043 2099 2408 2179 potuerunt,
2458 2095 2792 2159 notissima
2837 2109 2888 2148 1⁵

510 2199 800 2264 omnibus
874 2200 1143 2265 ueritate
1217 2201 1494 2283 superati
1568 2203 1943 2284 confusique
2011 2202 2367 2268 discedunt.
2441 2202 2610 2267 itane
2675 2220 2794 2268 non

508 2306 825 2390 intellegit
914 2310 1135 2372 sancta
1222 2308 1555 2391 prudentia
1648 2314 1778 2387 tua,
1865 2311 2100 2391 quanta
2177 2309 2458 2374 malitiae
2541 2308 2796 2374 illorum

510 2417 797 2496 patescat
870 2413 1139 2502 occasio,
1216 2415 1271 2479 si
1344 2435 1465 2479 non
1542 2416 1619 2480 ab
1687 2414 1830 2481 aliis
1895 2416 2280 2500 apostolicas
2344 2416 2591 2480 litteras
2657 2433 2796 2480 esse

510 2520 792 2596 falsatas
842 2521 951 2586 sed
996 2522 1171 2604 ipsos
1220 2523 1543 2606 apostolos
1591 2524 1754 2588 falsa
1802 2522 2134 2606 scripsisse
2183 2524 2514 2588 dicamus}>

598 2626 737 2692 Non
792 2631 911 2703 est,
958 2629 1191 2711 inquis,
1248 2629 1544 2694 credibile
1592 2630 1710 2696 hoc
1758 2631 1820 2695 in
1869 2631 2054 2695 Petro
2103 2631 2395 2706 Paulum,
2445 2629 2616 2712 quod
2661 2629 2795 2712 ipse
2833 2645 2888 2684 20

511 2735 746 2800 Paulus
792 2735 1046 2813 fecerat,
1094 2737 1405 2820 arguisse.
1452 2755 1575 2801 non
1622 2757 1790 2802 nune
1835 2756 2088 2820 quaere,
2137 2737 2289 2820 quid
2335 2737 2584 2802 fecerit:
2651 2733 2802 2818 quid

514 2842 855 2924 scripserit,
904 2862 1157 2926 quaero,
1205 2845 1325 2909 hoe
1373 2843 1450 2908 ad
1489 2845 1949 2926 quaestionem,
1989 2863 2180 2926 quam
2219 2844 2494 2927 suscepi,
2533 2842 2801 2907 maxime

510 2949 800 3030 pertinet,
848 2955 921 3014 ut
967 2951 1203 3014 ueritas
1253 2950 1610 3015 diuinarum
1659 2951 2115 3034 scripturarum
2161 2951 2240 3016 ad
2287 2954 2564 3016 nostram
2613 2949 2798 3014 fidem

516 3055 962 3120 aedificandam
1028 3058 1367 3122 memoriae
1434 3059 1872 3122 commendata
1937 3079 2058 3122 non
2125 3079 2160 3122 a
2224 3057 2620 3141 quibuslibet
2693 3055 2801 3120 sed

692 3335 900 3388 20-21
943 3335 1007 3388 cf.
1045 3350 1097 3404 p.
1136 3337 1257 3395 2⁸5,
1298 3338 1498 3389 9—12:
1550 3336 1772 3391 Hieron.
1811 3337 1866 3388 in
1907 3335 2062 3390 Pauli
2101 3353 2186 3405 ep.
2225 3336 2292 3390 ad
2333 3336 2449 3390 Gal.
2489 3336 2545 3390 II
2584 3337 2642 3389 11
2687 3353 2798 3406 sqq.

518 3423 721 3494 ‹Migne
757 3423 951 3494 patrol.
991 3423 1087 3476 lat.
1126 3424 1301 3476 XXVI
1334 3442 1385 3494 p.
1426 3427 1547 3485 339,
1588 3427 1824 3490 22—25)

588 3603 619 3654 5
660 3617 885 3670 persone
928 3599 973 3669 Q
1010 3616 1284 3670 personae,
1323 3619 1391 3654 m.
1416 3605 1454 3653 2
1490 3601 1736 3670 personis
1765 3601 1823 3654 E
1963 3601 2199 3665 credere,
2237 3603 2361 3654 m.2
2399 3600 2506 3670 fida
2543 3599 2806 3654 credenda

518 3689 736 3760 aliqndo
776 3689 882 3758 qda
917 3689 978 3743 Ε
1116 3691 1333 3744 „timeo
1375 3694 1450 3754 (te
1490 3693 1654 3756 eras.)
1699 3689 1746 3758 Q
1899 3693 1930 3746 6
1967 3689 2320 3760 reprehende„
2359 3707 2422 3743 m.
2449 3693 2488 3742 2
2523 3689 2806 3760 reprehen-

520 3778 695 3832 denda
729 3779 801 3832 Ρι
948 3778 1059 3832 sint
1094 3795 1207 3832 ras.
1245 3796 1310 3832 ex
1348 3783 1473 3832 sunt
1514 3779 1559 3848 Q
1668 3779 1701 3831 8
1741 3779 2108 3848 scriptu[rum
2149 3779 2202 3831 P
2319 3780 2384 3833 10
2425 3778 2560 3832 aliu-
2589 3779 2636 3848 (s
2675 3793 2804 3832 era-3.

518 3869 657 3938 uid.)
694 3868 767 3920 M
890 3869 955 3922 12
995 3869 1086 3938 qui
1128 3869 1233 3937 QE
1267 3873 1355 3932 (m.
1377 3871 1417 3921 2
1454 3869 1673 3936 quibus)
1807 3869 1871 3922 13
1909 3869 2026 3922 sine
2060 3867 2238 3921 PMA
2275 3885 2373 3920 nec
2409 3865 2466 3921 R
2589 3868 2652 3920 14
2691 3881 2806 3935 pre-

520 3957 761 4012 cidentes
803 3957 849 4028 Q
894 3957 1291 4028 praecedentes.
1338 3963 1463 4012 m.,·.’
1506 3957 1883 4026 praecedentis
1921 3957 1981 4010 E
2158 3959 2223 4009 15
2271 3956 2616 4026 interpretati
2663 3955 2804 4021 sunt}

517 4047 889 4116 interpretatis
928 4065 1016 4100 um
1056 4047 1109 4100 P
1217 4049 1279 4100 17
1320 4045 1610 4117 prudentia
1647 4050 1834 4100 sancta
1861 4045 1982 4100 edd.
2097 4047 2161 4100 19
2201 4044 2440 4100 dicemus
2467 4045 2524 4098 P
2627 4044 2697 4098 20
2733 4045 2808 4096 in·

522 4135 657 4205 quie,
692 4135 789 4189 secl
824 4151 849 4186 s
885 4135 950 4187 in
987 4151 1097 4188 ras.
1139 4139 1226 4189 (m.
1249 4135 1359 4200 222)
1396 4135 1457 4188 E
1488 4135 1670 4204 inquit
1714 4135 1760 4205 Q
1893 4135 1958 4187 21
2001 4133 2214 4204 inquiro
2253 4132 2371 4188 edd.
2483 4133 2551 4186 22
2593 4131 2810 4202 quaero]

522 4223 661 4277 seria
698 4237 861 4291 quero
900 4223 997 4276 Η]
1174 4224 1275 4276 hoc
1323 4223 1469 4292 quod
1520 4225 1588 4277 ad
1629 4223 1702 4277 P¹
1883 4223 2084 4292 suscipi
2115 4221 2161 4291 Q
2315 4223 2381 4277 23
2420 4223 2504 4291 ut]
2541 4226 2722 4274 utrum
2759 4220 2818 4274 E

523 4315 589 4365 24
628 4311 1037 4366 conmendatam
1076 4310 1141 4364 H
1280 4312 1704 4382 quibuscumque
1742 4313 1845 4366 HI
