3184 4959
167 9 771 246 ss

540 449 673 514 326
1264 448 1319 500 S.
1374 445 1653 500 Aureli
1707 445 2146 515 Augustini

544 643 744 708 eiuS.
810 643 863 707 si
921 643 1043 707 hoc
1098 661 1221 706 non
1280 641 1484 706 uultis
1537 639 1930 725 intellegere,
1988 641 2202 706 audite
2261 640 2668 726 euangelium
2713 643 2842 707 iam

542 768 665 833 per·
718 768 788 814 os
856 749 1178 833 proprium
1243 749 1540 830 loquente
1606 748 1747 829 ipso
1814 747 2069 813 domino
2149 752 2213 812 et
2287 749 2562 814 dicente:
2639 747 2843 828 Quia

544 856 983 940 oportebat
1050 856 1124 920 de
1194 855 1445 922 Christo
1513 855 1913 937 compleri
1979 855 2261 934 omnia,
2329 873 2527 938 quae
2595 855 2672 921 de
2725 856 2838 922 iilo

544 963 860 1045 scripta
923 965 1113 1028 sunt
1174 962 1251 1026 in
1316 962 1499 1046 lege
1566 963 1644 1026 et
1705 961 2139 1044 prophetis
2207 969 2285 1026 et
2340 963 2706 1046 psalmiS‚
2765 966 2842 1028 et

542 1069 1012 1151 praedicari
1069 1069 1144 1133 in
1206 1067 1519 1133 nomine
1577 1067 1753 1133 eius
1809 1068 2398 1151 paenitentiam
2447 1073 2526 1135 et
2570 1069 2841 1135 remis-
2899 1096 2936 1136 s

546 1175 857 1241 sionem
924 1177 1441 1258 peccatorum
1509 1193 1648 1256 per
1721 1195 1990 1240 omnes
2067 1177 2356 1259 gentes
2429 1176 2840 1259 incipiens

546 1284 635 1347 ab
691 1283 1239 1348 Hierusalem.
1304 1281 1473 1365 quod
1518 1283 1584 1346 in
1631 1284 1878 1365 psalmo
1928 1283 2086 1347 dixit
2138 1282 2492 1348 ‘uocauit
2545 1286 2840 1348 terram

547 1408 583 1452 a
650 1389 857 1454 solis
934 1392 1112 1454 ortu
1186 1408 1445 1472 usque
1522 1389 1617 1454 ad
1691 1392 2110 1468 occasum'‚
2185 1390 2308 1456 hoc
2377 1391 2442 1455 in
2509 1390 2841 1475 euangelio

548 1498 705 1576 ‘per
770 1515 1039 1560 ornnes
1109 1500 1421 1580 gentes’
1488 1499 1569 1574 et,
1629 1496 1800 1580 quod
1852 1496 1917 1562 in
1973 1499 2220 1580 psalmo
2279 1496 2435 1562 dixit
2491 1497 2842 1563 ‘ex-Sion

550 1603 875 1684 species
924 1602 1248 1669 decoris
1298 1602 1517 1680 eius’,
1557 1603 1780 1668 hocin
1830 1603 2160 1688 euangelio
2209 1603 2368 1669 dixit
2413 1603 2840 1687 ‘incipiens
2881 1631 2944 1670 ιο

478 1739 489 1762 x
549 1707 639 1772 ab
698 1707 1259 1776 Hierusalem’.

456 1822 500 1883 2
638 1814 913 1899 Fingitis
966 1835 1085 1881 uos
1142 1819 1287 1880 ante
1340 1820 1596 1899 tempus
1653 1817 1882 1881 messis
1939 1817 2160 1902 fugere
2215 1818 2524 1899 permixta
2585 1815 2841 1891 zizania,

552 1920 700 2002 quia
744 1941 862 1986 uos
910 1922 1067 1988 estis
1114 1923 1251 1988 sola
1298 1922 1553 1990 zizania.
1603 1941 1748 1986 nam
1796 1922 1852 1987 si
1896 1923 2210 1988 frumenta
2248 1923 2501 2003 essetis,
2538 1923 2847 2007 permixta

550 2027 787 2092 zizania
829 2029 1183 2094 toleraretis
1234 2033 1300 2094 et.
1344 2049 1379 2094 a
1425 2032 1645 2113 segete
1695 2029 1930 2096 Christi
1975 2048 2095 2094 non
2149 2049 2263 2096 uos
2321 2029 2711 2095 diuideretiS.
2769 2028 2844 2094 de

551 2133 808 2200 zizaniis
848 2133 1103 2216 quidem
1144 2137 1381 2200 dictum
1434 2139 1559 2200 est:
1610 2133 2002 2214 Quoniam
2051 2136 2506 2223 abundauit
2549 2135 2842 2220 iniqui·
2883 2165 2942 2206 15

551 2246 701 2320 tas,
758 2243 1260 2326 refrigescet
1316 2243 1625 2309 caritas
1681 2243 2144 2321 multorum,
2202 2243 2313 2309 sed
2371 2247 2438 2310 et
2492 2243 2568 2308 de
2631 2243 2842 2308 tritico

554 2348 796 2412 dictum
834 2352 975 2414 est:
1032 2347 1179 2428 Qui
1234 2349 1908 2431 perseuerauerit
1961 2349 2036 2414 in
2084 2348 2335 2414 finem
2388 2369 2664 2432 usque,
2713 2347 2844 2412 hic

554 2455 839 2522 saluus
916 2455 1088 2520 erit.
1164 2475 1357 2539 quare
1430 2455 1689 2521 creditis
1765 2456 2044 2521 creuisse
2110 2457 2348 2521 zizania,
2410 2459 2475 2520 et
2535 2456 2844 2521 mundum

551 2561 924 2645 replenisse‚
980 2562 1262 2628 triticum
1322 2569 1537 2628 autem
1593 2563 1952 2628 decreuisse
2009 2565 2074 2628 et
2125 2563 2190 2628 in
2237 2564 2376 2628 sola
2417 2563 2631 2628 Africa
2671 2581 2844 2626 man-

554 2669 759 2734 sisse?
827 2667 1221 2735 Christianos
1286 2689 1402 2735 uos
1468 2669 1683 2734 dicitis
1749 2672 1814 2734 et
1871 2670 2124 2736 Christo
2189 2669 2642 2736 contradicitis,
2707 2669 2844 2752 ipse
2879 2699 2944 2739 zo

554 2775 741 2840 dixit:
812 2775 1080 2842 Sinite
1150 2781 1496 2860 utraque
1564 2796 1930 2842 crescere
1994 2795 2254 2859 usque
2321 2776 2410 2842 ad
2483 2793 2842 2850 messem,

552 2902 675 2948 11011
734 2883 913 2947 dixit:
976 2883 1276 2949 Crescant
1328 2884 1585 2962 zizania,
1645 2885 2010 2950 decrescant
2059 2884 2402 2960 frumenta:
2467 2883 2606 2966 ipse
2661 2881 2842 2946 dixit:

556 2991 766 3074 Ager
832 2996 959 3054 est
1023 2991 1151 3055 hic
1216 2991 1575 3068 mundus,
1635 3009 1756 3055 nou
1813 2989 1996 3054 dixit:
2053 2990 2224 3074 Ager
2269 2993 2370 3056 est
2413 2989 2653 3061 Africa:
2709 2989 2844 3072 ipse

556 3095 753 3160 dixit:¹
810 3096 1110 3162 Messis
1177 3101 1303 3162 est
1366 3097 1563 3162 finis
1633 3095 1971 3174 saeculi,
2037 3115 2160 3160 non
2219 3095 2402 3160 dixit:
2467 3095 2700 3161 Messis
2748 3097 2848 3160 est

556 3206 811 3286 tempus
877 3203 1141 3281 Donati:
1208 3205 1347 3287 ipse
1404 3203 1587 3268 dixit:
1646 3203 2056 3274 Messores
2115 3201 2390 3287 angeli
2455 3205 2656 3282 sunt,
2725 3221 2840 3266 non
2881 3235 2940 3276 25

734 3429 770 3484 2
808 3429 937 3483 Luc.
977 3429 1063 3490 24,
1100 3430 1172 3484 44
1198 3434 1255 3483 et
1278 3431 1347 3484 47
1436 3430 1501 3482 12
1528 3429 1728 3484 Matth.
1762 3429 1846 3494 13,
1875 3429 2090 3485 24-30
2165 3431 2231 3484 15
2265 3427 2462 3486 Matth.
2491 3430 2577 3491 24,
2599 3399 2841 3492 '12-13;

561 3519 643 3582 10,
684 3519 751 3573 22
862 3521 925 3572 21
968 3518 1166 3572 Matth.
1209 3519 1291 3580 13,
1328 3519 1399 3573 30
1508 3519 1602 3582 23;
1641 3520 1735 3582 24;
1775 3519 1844 3572 25
1881 3517 2078 3572 Matth.
2122 3517 2205 3583 13,
2242 3517 2456 3572 38—39
2553 3523 2564 3530 '

636 3643 673 3696 l'
700 3643 807 3695 iam
848 3641 1193 3712 euangelium
1226 3641 1283 3696 R
1410 3643 1443 3696 3
1482 3641 1749 3712 complere
1784 3641 1856 3694 M
1891 3645 1977 3704 (m.
2000 3644 2042 3694 2
2077 3641 2358 3710 compleri)
2394 3641 2450 3693 A
2487 3640 2757 3710 cumplere
2793 3637 2852 3692 F

560 3734 593 3785 5
631 3729 941 3801 praedicare
978 3730 1053 3785 M
1082 3733 1171 3798 (m.
1194 3734 1233 3784 2
1268 3729 1587 3800 praedicari)
1624 3729 1791 3785 FAR
1831 3746 1913 3784 ae
2094 3731 2127 3784 6
2161 3747 2258 3800 per
2295 3747 2416 3793 om„
2454 3733 2574 3784 m.1
2609 3728 2740 3785 add.
2777 3727 2850 3781 M

560 3822 591 3874 7
630 3820 685 3873 in
722 3817 932 3889 psalmo
970 3833 1073 3873 oin.
1110 3818 1167 3874 R
1274 3820 1307 3872 9
1346 3822 1537 3888 gentes
1574 3834 1679 3872 om.
1715 3816 1896 3871 MFA
2041 3835 2206 3888 exyon
2242 3818 2298 3872 A
2409 3819 2474 3871 12
2511 3815 2688 3886 fugire
2721 3814 2854 3870 MR

564 3911 629 3965 13
665 3909 1119 3978 sola-permixta
1152 3907 1361 3962 zizania.
1395 3925 1497 3962 om.
1524 3907 1600 3961 M
1604 3907 1762 3961 FAR
1874 3907 1938 3961 14
1967 3906 2297 3976 toleraretis]
2331 3907 2586 3975 legeretis
2611 3903 2848 3960 MFAR

630 3997 956 4066 diuide1ritis
990 3997 1061 4051 M
1190 3998 1253 4051 15
1292 3995 1594 4050 abundabit
1627 3998 1682 4048 A
1704 4012 1858 4050 aem
1891 4011 1992 4050 sec.
2039 3995 2195 4064 Vuly.
2233 3994 2358 4062 (Gr.
2397 3995 2481 4047 διὰ
2515 3995 2572 4048 τὸ
2611 3993 2846 4064 πληθυν-

558 4088 743 4156 θῆναι)
910 4087 974 4140 16
1012 4083 1321 4154 refrigescit
1354 4083 1425 4138 M
1580 4084 1644 4138 17
1682 4099 1852 4153 usque
1889 4084 1946 4137 in
1985 4084 2144 4137 finem
2183 4083 2349 4138 FAR
2385 4081 2504 4135 edd.
2542 4095 2646 4135 sec.
2691 4080 2848 4149 Vulgi.

566 4175 629 4227 18
668 4175 931 4228 creuisse»
958 4175 1004 4241 (t
1041 4177 1201 4240 eras.)
1237 4171 1293 4226 P
1437 4173 1502 4227 19
1538 4171 1864 4242 replenisset
1897 4173 1973 4225 M
2003 4175 2092 4240 (m.
2115 4175 2153 4226 2
2189 4170 2504 4242 replenisse)
2539 4168 2602 4222 F
2757 4168 2848 4222 de-

561 4263 841 4325 creuisset,
886 4265 1015 4317 m.2
1060 4261 1363 4316 decreuisse
1406 4261 1483 4316 M
1692 4265 1748 4316 et
1793 4277 1896 4316 om.
1934 4261 1991 4318 R
2171 4262 2239 4314 25
2285 4259 2520 4329 tempus]
2565 4273 2692 4328 pars
2729 4255 2848 4311 edd.

554 4357 849 4420 prae-term
989 4357 1117 4403 sunt
1152 4349 1331 4419 angeli
1367 4350 1423 4406 R
