3184 4959
1089 433 1624 502 epistularum
1681 431 1948 488 LXXXII.
2527 437 2665 502 379

368 648 590 693 uerum
638 627 829 693 etiam
879 627 1301 712 dispensatori
1346 627 1618 692 maxime
1661 627 1858 706 fideli,
1911 647 2036 694 non
2093 630 2300 695 solum
2357 631 2668 715 cognitori

368 755 593 802 uerum
640 737 831 802 etiam
883 736 1125 802 doctori
1171 735 1487 812 ueritatis,
1537 736 1743 802 omnis
1789 735 2014 818 utique
2059 736 2126 802 in
2175 735 2334 803 cibis
2383 741 2668 802 creatura

371 844 472 908 dei
522 863 643 908 non
692 842 991 908 simulate
1040 843 1153 908 sed
1199 861 1345 908 uere
1382 843 1549 908 bona
1586 844 1738 908 erat.
1789 861 1902 906 cur
1937 843 2138 926 igitur
2173 843 2331 910 nihil
2371 844 2671 910 simulate

370 949 769 1034 suscipiendo
842 968 1164 1014 sacrorum
1238 949 1896 1032 caeremoniarumque
1977 950 2312 1033 gentilium
2396 950 2509 1016 sed
2593 951 2672 1014 de

372 1057 531 1124 cibis
602 1060 667 1122 et
730 1057 1059 1142 praeputio
1118 1075 1337 1122 uerum
1398 1056 1728 1122 sentiendo
1785 1076 1857 1122 ac
1916 1057 2194 1122 docendo
2252 1060 2464 1122 tamen
2511 1061 2671 1122 tam·

374 1183 561 1247 quam
611 1163 867 1248 gentilis
915 1164 1125 1229 factus
1174 1167 1273 1228 est
1319 1163 1618 1246 gentibus
1668 1165 1731 1228 et
1767 1183 1887 1228 non
1926 1164 2140 1247 potuit
2176 1164 2311 1230 fieri
2347 1168 2670 1248 tamquam

372 1270 647 1336 Iudaeus
692 1269 945 1336 Iudaeis
992 1270 1117 1334 nisi
1162 1269 1475 1334 fallaciter
1521 1269 1925 1352 suscipiendo
1975 1275 2366 1338 sacramenta
2409 1271 2671 1336 Iudaeo-

374 1381 557 1443 rum?
623 1397 735 1444 cur
799 1379 1069 1443 oleastro
1135 1377 1371 1442 inserto
1456 1378 1741 1443 seruauit
1815 1379 2305 1462 dispensationis
2379 1397 2671 1444 ueracem

375 1485 567 1550 fidem
612 1487 679 1550 et
722 1485 1117 1550 naturalibus
1163 1485 1357 1549 ramis
1406 1503 1527 1550 non
1576 1487 1748 1550 extra
1795 1485 2008 1550 sedin
2048 1486 2264 1551 arbore
2304 1485 2674 1550 constitutis

292 1619 341 1658 ιο
378 1592 589 1657 nescio
665 1590 835 1674 quod
910 1590 1407 1673 dispensatoriae
1484 1591 1911 1657 simulationis
1988 1592 2277 1656 uelamen
2344 1591 2674 1658 obtendit?

380 1717 493 1764 cur
558 1698 765 1764 factus
829 1700 1155 1780 tamquam
1220 1697 1477 1782 gentilis
1542 1699 1864 1783 gentibuS‚
1932 1699 2102 1782 quod
2175 1699 2392 1776 sentit,
2468 1699 2672 1772 docet,

382 1804 550 1887 quod
614 1805 769 1888 agit,
836 1805 1057 1882 sentit3
1134 1805 1339 1869 factus
1406 1809 1621 1870 autem
1692 1809 2018 1887 tamquam
2082 1804 2356 1870 Iudaeus
2422 1804 2676 1870 Iudaeis

380 1913 556 1978 aliud
602 1913 845 1978 claudit
889 1912 951 1976 in
998 1914 1279 1996 pectore,
1329 1911 1504 1977 aliud
1548 1911 1786 1994 promit
1829 1911 1892 1976 in
1941 1911 2178 1990 uerbiS,
2225 1912 2290 1976 in
2347 1913 2554 1990 factis,
2609 1912 2674 1975 in

382 2019 679 2103 scriptis?
729 2020 841 2084 sed
890 2019 1059 2084 absit
1112 2019 1235 2084 hoc
1290 2037 1529 2100 sapere.
1594 2019 1886 2100 utrisque
1934 2019 2097 2084 enim
2166 2017 2434 2082 debebat
2499 2017 2675 2082 cari-

294 2151 347 2192 ιε
380 2129 616 2190 tatem
664 2126 747 2190 de
796 2125 1017 2191 corde
1064 2144 1245 2208 puro
1296 2129 1370 2190 et
1426 2125 1902 2190 conscientia.
1956 2125 2148 2190 bona
2204 2127 2276 2190 et
2330 2124 2482 2188 fide
2537 2143 2674 2189 non

383 2235 593 2299 ficta.
643 2251 715 2298 ac
760 2252 873 2316 per
917 2233 1037 2298 hoc
1087 2233 1431 2298 omnibus
1480 2232 1728 2298 omnia
1783 2232 2032 2298 factus
2091 2235 2226 2308 est,
2282 2236 2367 2296 ut
2422 2251 2676 2297 omnes

385 2339 876 2405 lucrifaceret
939 2359 1059 2406 non
1130 2339 1493 2404 mentientis
1562 2343 1706 2404 astu
1765 2338 1877 2404 sed
1934 2339 2378 2421 compatientis
2427 2337 2680 2413 affectu,

385 2447 450 2511 id
499 2455 596 2512 est
642 2467 763 2511 non
812 2447 1022 2512 omnia
1058 2447 1226 2512 mala
1263 2446 1590 2511 hominum
1629 2445 1942 2510 fallaciter
1979 2445 2220 2530 agendo
2262 2445 2373 2510 sed
2410 2444 2676 2510 aliorum

388 2553 669 2618 omnium
716 2554 903 2620 malis
951 2553 1268 2630 omnibus,
1316 2557 1641 2635 tamquam
1690 2552 1744 2616 si
1802 2572 1918 2618 sua
1974 2555 2206 2630 essent,
2253 2550 2680 2617 misericordis

298 2685 352 2725 ρο
386 2660 736 2726 medicinae
784 2660 1179 2745 diligentiam
1236 2659 1647 2742 procurando,

210 2750 297 2816 28

483 2766 641 2833 Cum
704 2769 920 2850 itaque
983 2767 1096 2832 illa
1150 2767 1519 2832 testamenti
1573 2767 1810 2832 ueteris
1869 2769 2260 2831 sacramenta
2313 2765 2508 2830 etiam
2564 2764 2687 2828 sibi

392 2874 629 2958 agenda
700 2875 959 2938 minime
1034 2876 1389 2953 recusabat,
1464 2893 1589 2940 non
1663 2873 2156 2939 misericorditer
2226 2872 2509 2948 fallebat,
2573 2870 2688 2936 sed

396 2981 647 3044 omnino
694 3000 816 3045 non
864 2981 1089 3046 fallens
1138 2985 1327 3064 atque
1376 2982 1496 3046 hoc
1542 2981 1731 3046 modo
1781 3001 1818 3045 a
1864 2981 2115 3047 domino
2167 2979 2282 3044 deo
2329 2978 2442 3044 illa
2485 2995 2690 3060 usque

397 3087 473 3151 ad
540 3089 692 3154 certi
758 3089 1064 3172 temporis
1132 3089 1666 3172 dispensationem
1732 3089 1911 3154 iussa
1966 3107 2104 3154 esse
2164 3084 2607 3152 commendans
2656 3103 2690 3147 a

576 3327 609 3382 8
646 3329 799 3382 Rom.
842 3329 927 3390 11,
970 3330 1034 3382 17
1150 3329 1216 3382 14
1254 3329 1281 3382 Ι
1319 3329 1454 3382 Tim.
1499 3329 1545 3392 1,
1586 3329 1619 3382 5
1733 3331 1798 3383 16
1837 3328 1862 3382 1
1903 3327 2021 3383 Cor.
2063 3329 2113 3394 9,
2154 3327 2222 3382 22

474 3451 501 3506 1
542 3451 902 3506 fideli—nihil
940 3468 1041 3506 om.
1082 3451 1137 3504 P
1276 3450 1404 3520 non]
1445 3467 1543 3504 nec
1580 3449 1688 3505 HI
1823 3453 1856 3505 2
1896 3451 2104 3504 doctori
2147 3450 2419 3520 ueritatis]
2458 3451 2695 3505 doctori-

401 3541 533 3596 tatis
571 3540 607 3592 1
748 3543 1017 3610 creatura]
1060 3541 1287 3594 caritate
1324 3541 1379 3593 A
1498 3542 1536 3594 4
1572 3539 1976 3609 suscipiendum
2013 3539 2050 3592 1
2193 3540 2593 3609 cerimoniaquc
2634 3540 2702 3592 H

404 3631 435 3683 5
474 3629 780 3700 preputium
816 3628 878 3683 H
1060 3629 1162 3683 hac
1200 3628 1267 3681 H
1432 3632 1616 3682 tamen
1653 3644 1756 3682 om.
1795 3627 1862 3682 H
2039 3629 2072 3683 6
2113 3632 2168 3682 et
2203 3630 2268 3682 in
2303 3645 2416 3683 ras.
2456 3645 2524 3682 m.
2547 3633 2588 3682 2
2621 3625 2694 3680 Ρι

402 3719 435 3771 8
471 3717 717 3773 ser-nabit
752 3715 926 3774 ΗΙΡι
964 3722 1115 3786 (m.2
1150 3719 1177 3770 l*
1215 3717 1479 3786 seruauit)
1592 3717 1658 3771 10
1697 3715 1826 3787 qnid
1865 3720 1906 3772 I
2044 3717 2288 3772 ostendit
2325 3717 2393 3772 H
2514 3718 2578 3771 12
2619 3716 2698 3769 ait

402 3807 477 3861 P¹
514 3807 636 3862 edd.
816 3808 1019 3877 autem]
1060 3809 1262 3874 autem
1308 3809 1393 3862 est
1430 3806 1501 3860 M
1677 3805 1887 3860 iudaeis
1924 3805 2150 3860 iudaeus
2183 3806 2409 3875 punctis
2446 3821 2584 3860 corr.
2625 3803 2700 3856 M

406 3897 473 3950 13
502 3895 931 3951 claudit—aliud
958 3913 1060 3951 om.
1080 3897 1119 3949 Ι
1222 3896 1277 3949 in
1308 3899 1523 3966 pectore
1553 3895 1760 3949 claudit
1789 3895 1909 3949 edd.
2020 3895 2298 3965 promittit
2319 3895 2388 3948 P1
2466 3895 2526 3946 14
2560 3893 2695 3945 utri-

406 4001 575 4054 usque
611 3984 738 4038 MA
778 3985 934 4051 (med.
975 4003 1008 4040 u
1046 3985 1337 4052 semiraea)
1450 3984 1650 4038 debeat
1685 3986 1719 4038 1
1828 3985 2056 4038 caritate
2096 3988 2186 4050 (κν
2215 4001 2282 4038 m.
2307 3987 2346 4037 2
2381 3987 2446 4036 ut
2471 3981 2612 4046 uid.)
2643 3979 2700 4034 R

410 4075 475 4127 16
512 4075 694 4138 fincta,
732 4075 796 4128 in
831 4091 1001 4144 mary.
1040 4074 1180 4128 falsa
1218 4077 1279 4127 ut
1317 4072 1648 4127 adsimulata
1683 4073 1724 4126 Ι
1861 4073 1963 4127 hac
2003 4073 2062 4126 H
2177 4072 2240 4126 17
2282 4071 2608 4125 lucrificaret
2645 4067 2698 4120 A

478 4161 676 4215 mentis
696 4160 800 4214 HI
820 4164 962 4230 (m.2
988 4161 1329 4228 mentientis)
1441 4163 1590 4214 astus
1621 4158 1718 4214 sed
1745 4176 1864 4214 cum
1887 4161 2150 4230 patientis
2169 4161 2225 4212 P
2327 4159 2390 4212 18
2419 4156 2698 4212 hominum

410 4250 641 4306 —-1nalis
677 4266 781 4304 om.
818 4250 875 4303 P
984 4251 1049 4304 19
1087 4248 1346 4318 omnium]
1384 4248 1662 4302 hominum
1701 4249 1764 4302 H
1801 4249 2003 4309 omina.
2043 4264 2181 4304 corr.
2223 4247 2429 4302 ominiu
2469 4246 2630 4311 (εἰσί)
2669 4244 2710 4296 Ι

486 4339 755 4408 omnibus]
783 4339 1167 4393 hominibusP
1236 4339 1306 4391 22
1342 4336 1644 4402 recusabat,
1681 4339 1745 4392 in
1781 4354 1952 4407 mary.
1995 4337 2236 4408 negabat
2263 4337 2304 4390 Ι
2405 4333 2501 4391 sed
2539 4349 2640 4388 om.
2670 4333 2709 4384 Ι
