3184 4959
530 424 659 486 512
1242 417 1296 472 S.
1354 416 1632 470 Aureli
1685 415 2124 486 Augustini

525 616 811 680 fidelium
886 617 1077 698 atque
1148 614 1488 679 iustorum.
1562 630 1748 696 porro
1825 611 2133 695 spiritalis
2209 613 2490 695 corporis
2555 615 2838 698 qualitas

524 723 847 805 inexperta
912 721 1095 786 nobis
1164 739 1351 802 quem
1416 719 1494 784 ad
1557 717 1820 784 modum
1889 720 1996 784 uel
2059 720 2508 802 comprehendi
2569 722 2680 786 uel
2741 723 2838 788 in-

526 829 763 895 sinuari
824 828 1053 912 possit,
1118 826 1362 910 ignoro.
1430 824 1750 908 corruptio
1810 824 1902 890 ibi
1957 817 2134 890 certe'
2181 826 2356 890 nulla
2411 826 2534 892 erit
2585 846 2657 894 ac
2721 847 2840 911 per

524 937 643 1002 hoc
690 954 807 1000 nec
859 935 1011 1014 isto,
1068 952 1191 1016 quo
1240 950 1407 996 nunc
1462 931 1769 1016 indigent,
1829 932 2230 1015 corruptibili
2277 933 2416 998 cibo
2465 936 2616 1000 tunc
2669 933 2838 999 indi-

526 1043 785 1128 gebunt.
863 1059 981 1108 nec
1056 1045 1269 1104 tamen
1336 1056 1481 1103 eum
1546 1057 1770 1122 capere
1837 1057 1960 1104 non
2033 1042 2334 1121 poterunt
2395 1040 2838 1124 ueraciterque
2899 1065 2928 1106 s

527 1167 897 1216 consumere
961 1149 1302 1232 potestate,
1366 1165 1491 1212 non
1546 1145 1958 1222 necessitate;
2026 1146 2308 1229 alioquin
2361 1165 2480 1212 nec
2535 1147 2836 1214 dominus

526 1275 673 1321 eum
736 1257 885 1338 post
948 1255 1473 1320 resurrectionem
1530 1255 1906 1336 accepisset,
1971 1254 2081 1337 qui
2137 1253 2322 1320 nobis
2383 1254 2478 1320 ita
2537 1255 2838 1339 praebuit

526 1360 869 1446 corporalis
925 1361 1407 1426 resurrectionis
1466 1361 1846 1444 exemplum,
1913 1364 1988 1426 ut
2041 1360 2186 1426 hinc
2243 1361 2574 1446 apostolus
2631 1361 2832 1430 dicat:

528 1468 605 1533 Si
692 1467 995 1534 mortui
1088 1486 1242 1533 non
1336 1469 1810 1551 resurgunt,
1896 1485 2154 1550 neque
2247 1467 2634 1536 Christus
2725 1488 2835 1532 re·

528 1573 905 1640 surrexit.
991 1575 1103 1657 qui
1168 1593 1313 1640 cum
1379 1573 1682 1638 membris
1741 1573 2034 1638 omnibus
2101 1579 2430 1658 appareret
2485 1593 2832 1656 eorumque
2862 1597 2918 1638 xo

526 1681 753 1746 officiis
827 1683 1133 1760 uteretur,
1208 1681 1351 1748 loca
1421 1680 1616 1746 etiam
1688 1679 2028 1746 uulnerum
2103 1680 2588 1748 demonstrauit.
2671 1699 2830 1765 quas

527 1807 645 1872 ego
704 1787 1051 1866 cicatriceS,
1117 1807 1241 1853 non
1297 1787 1439 1872 ipsa
1490 1787 1758 1854 uulnera
1813 1807 2064 1871 semper
2107 1787 2322 1872 accepi
2371 1791 2437 1854 et
2491 1807 2598 1854 eas
2653 1787 2831 1870 ipsas

525 1897 866 1978 potestate,
931 1913 1055 1960 non
1109 1894 1513 1960 necessitate.
1582 1894 1767 1960 cuius
1831 1895 2172 1978 potestatis
2233 1894 2609 1960 facilitatem
2674 1897 2832 1960 tunc

525 2000 795 2066 maxime
852 1999 1147 2079 ostendit,
1196 2019 1343 2065 cum
1389 2001 1497 2065 uel
1542 2000 1606 2064 in
1657 2000 1782 2066 alia
1835 2000 2038 2078 forma
2093 2019 2162 2066 se
2207 2000 2669 2068 demonstrauit
2725 2000 2834 2066 uel

526 2108 589 2171 in
665 2106 850 2173 domo
927 2106 1259 2189 discipulis
1346 2107 1739 2185 constitutis,
1825 2126 1972 2172 cum
2055 2108 2219 2174 ostia
2301 2109 2522 2174 clausa
2593 2111 2830 2188 essent,
2869 2129 2924 2172 ιε

525 2231 716 2280 uerus
764 2214 1077 2297 apparuit.
2503 2281 2512 2288 ,

614 2319 777 2384 Hinc
843 2321 1043 2384 oritur
1111 2319 1187 2384 de
1252 2319 1495 2404 angelis
1562 2319 1873 2402 quaestio,
1949 2322 2164 2385 utrum
2229 2321 2505 2389 habeant
2567 2339 2832 2404 corpora

528 2426 661 2492 suis
729 2426 956 2493 officiis
1023 2429 1087 2494 et
1152 2427 1744 2494 conuersationibus
1811 2445 2110 2511 congrua,
2181 2445 2260 2492 an
2323 2430 2576 2492 tantum
2637 2426 2828 2492 modo

526 2534 789 2616 spiritus
848 2536 994 2600 sint.
1054 2535 1111 2598 si
1159 2533 1326 2599 enim
1383 2533 1616 2599 habere
1665 2533 2030 2612 dixerimus,
2087 2533 2363 2600 occurrit
2407 2532 2620 2599 nobis:
2679 2531 2832 2612 Qui

526 2640 736 2704 facit
809 2637 1149 2724 angelos
1235 2657 1425 2704 suos
1510 2639 1892 2720 spiritus;
1979 2639 2037 2704 si
2107 2642 2322 2704 autem
2396 2657 2520 2706 non
2601 2640 2926 2705 haberezo

528 2746 889 2822 dixerimuS,
952 2745 1101 2829 plus
1164 2744 1359 2810 habet
1414 2745 1720 2829 scrupuli,
1788 2765 1914 2829 quo
1968 2745 2156 2812 modo
2214 2746 2524 2830 scriptum
2579 2746 2667 2812 sit
2721 2765 2831 2812 eos

528 2851 841 2936 corporeis
897 2851 1229 2916 hominum
1276 2852 1569 2917 sensibus
1620 2852 1755 2917 sine
1804 2871 2064 2936 corpore
2107 2855 2563 2935 praesentatos,
2619 2851 2833 2934 hospi·

526 2960 616 3024 tio
675 2959 1031 3040 susceptOS,
1088 2957 1284 3040 pedes
1334 2957 1425 3022 eis
1480 2956 1673 3036 lotos,
1733 2957 2066 3024 edentibus
2116 2960 2182 3022 et
2234 2959 2604 3024 bibentibus
2651 2959 2834 3022 mini-

526 3069 817 3130 stratum.
872 3065 1126 3129 facilius
1176 3065 1340 3129 enim
1390 3064 1592 3130 uideri
1647 3068 1866 3148 potest
1921 3064 2014 3130 sic
2061 3083 2201 3130 esse
2259 3065 2522 3150 spiritus
2571 3066 2830 3149 angelos

527 3172 733 3237 dictos
791 3174 866 3236 ut
919 3172 1208 3237 homines
1269 3172 1529 3250 animas,
1588 3171 1761 3238 sicut
1815 3172 2124 3255 scriptum
2173 3176 2272 3238 est
2319 3191 2464 3239 cum
2519 3173 2710 3240 Iacob
2763 3172 2830 3238 in
2867 3194 2926 3238 ιο

524 3279 888 3364 Aegyptum
935 3282 1036 3344 tot
1080 3278 1319 3344 animas
1359 3277 1768 3344 descendisse
1813 3317 1902 3328 —
1947 3298 2152 3362 neque
2191 3280 2354 3344 enim
2405 3298 2667 3364 corpora
2707 3299 2830 3345 non

526 3385 845 3448 habebant
913 3421 1023 3462 —,
1109 3403 1295 3467 quam
1372 3387 1445 3449 ut
1516 3385 1632 3450 illa
1706 3385 1917 3450 omnia
1989 3386 2123 3451 sine
2199 3386 2566 3470 corporibus
2651 3390 2833 3469 gesta

528 3489 878 3554 credantur.
944 3489 1167 3555 deinde
1216 3493 1387 3556 certa
1434 3492 1742 3575 quaedam
1791 3493 1852 3557 in
1901 3493 2288 3576 Apocalypsi
2334 3493 2542 3578 angeli
2589 3497 2832 3560 statura

528 3595 821 3662 definitur
865 3597 931 3662 in
980 3617 1053 3664 ea
1108 3617 1423 3677 mensura,
1482 3618 1644 3680 quae
1691 3599 1816 3665 nisi
1864 3619 2198 3684 corporum
2245 3619 2386 3666 esse
2431 3619 2556 3666 non
2601 3599 2826 3685 possit,

706 3841 740 3896 6
777 3840 903 3895 Luc.
944 3843 1031 3909 24,
1070 3841 1167 3908 30‚·
1204 3843 1301 3904 43;
1342 3842 1456 3899 Ioh.
1496 3843 1583 3906 21,
1625 3843 1690 3898 13
1829 3845 1860 3898 9
1897 3842 1926 3897 Ι
1966 3842 2084 3902 Cor.
2129 3845 2213 3908 15,
2256 3845 2321 3898 16
2466 3843 2536 3899 10
2573 3843 2701 3898 Luc.
2741 3843 2828 3905 24,

530 3931 769 3994 15-43;
803 3929 920 3986 Ioh.
960 3931 1046 3994 20,
1088 3931 1327 3994 14-29;
1366 3931 1531 3986 Marc.
1574 3933 1658 3994 16,
1699 3933 1876 3987 5-14
2016 3934 2080 3988 19
2119 3933 2204 3986 Ps.
2251 3933 2370 3996 103,
2407 3933 2444 3988 4
2578 3931 2644 3986 21
2688 3931 2828 3986 Gen.

530 4020 613 4080 18,
654 4019 819 4082 2-—9;
863 4017 945 4083 19,
987 4019 1124 4073 1-3
1236 4021 1303 4074 :25
1344 4019 1477 4078 Gen.
1517 4022 1604 4084 46,
1645 4022 1712 4074 27
1825 4022 1894 4076 28
1931 4023 2099 4092 Apoc.
2143 4022 2226 4090 10,
2268 4021 2407 4075 1—3

602 4161 627 4214 1
670 4161 926 4230 corporis]
968 4161 1261 4230 corporalis
1298 4162 1355 4214 P
1459 4163 1491 4217 3
1532 4167 1676 4217 certe
1717 4164 1793 4216 ibi
1833 4163 1886 4217 U
1989 4167 2022 4218 5
2057 4166 2281 4234 poterit,
2323 4180 2388 4216 m.
2415 4165 2454 4216 2
2489 4165 2748 4232 poterunt
2783 4159 2840 4214 U

530 4247 596 4304 15
634 4249 813 4302 hostia
863 4247 915 4302 V
1056 4251 1122 4303 18
1162 4251 1664 4305 concursationibus
1704 4251 1880 4306 VUm
2004 4253 2070 4306 21
2115 4253 2336 4323 scripuli
2373 4251 2428 4305 P
2559 4251 2628 4307 23
2667 4249 2830 4306 eden·

527 4336 698 4404 tibus]
740 4335 1056 4391 sedentibus
1094 4338 1149 4391 P
1256 4339 1324 4391 26
1366 4338 1700 4393 discendisse
1739 4340 1794 4393 P
