3184 4959
521 396 648 461 736
1236 393 1289 447 S.
1345 392 1621 447 Aureli
1676 392 2113 462 Augustini

519 587 725 653 tudini
779 589 949 663 tuae,
1005 607 1128 652 non
1185 587 1440 669 quidem
1501 590 1735 669 quanta
1787 586 2026 670 legenti
2083 606 2193 668 per
2242 588 2444 652 otium
2492 606 2843 653 occurrere

520 695 728 760 solent
771 730 860 741 —
905 712 1019 759 nec
1055 694 1221 759 enim
1268 713 1434 759 nunc
1481 694 1753 759 uacabat
1788 693 2073 777 dispersa
2118 713 2229 776 per
2271 694 2471 760 libros
2522 712 2841 777 quaerere

521 804 635 865 aut
686 801 750 865 in
805 799 1286 867 reminiscendis
1341 800 1713 865 memoriam
1767 800 2074 865 uentilare
2122 838 2229 875 —,
2288 801 2402 866 sed
2452 803 2553 866 uel
2599 820 2838 883 pauca,

521 927 682 989 quae
711 907 792 971 ad
819 908 1038 972 horam
1067 907 1429 973 dictationis
1469 907 1663 972 huius
1690 907 1755 971 in
1792 911 2068 972 mentem
2098 908 2385 986 ueniunt,
2424 908 2835 973 sciscitabor.

523 1014 598 1079 de
653 1014 1131 1079 resurrectionis
1201 1013 1404 1078 forma
1468 1033 1588 1079 non
1656 1013 1956 1098 grandem
2023 1014 2135 1079 sed
2197 1013 2451 1097 plenam
2516 1014 2665 1079 fidei
2734 1014 2837 1078 in·-
2908 1039 2937 1075 s

522 1120 874 1186 structione
931 1121 1294 1204 epistulam,
1353 1139 1478 1203 qua
1533 1120 1847 1185 secundae
1904 1120 2358 1186 consultationi
2410 1140 2609 1198 meae,
2666 1120 2834 1185 dum

525 1226 888 1311 Carthagini
960 1226 1398 1307 exhiemarem,
1481 1227 1918 1309 rescripseraS,
2004 1227 2060 1290 si
2142 1228 2337 1292 habes
2419 1228 2682 1292 relatam
2761 1227 2833 1290 in

523 1333 798 1411 schedis,
855 1352 1027 1418 rogo,
1095 1336 1170 1397 ut
1222 1333 1441 1399 mittas
1509 1338 1622 1397 aut
1677 1337 1845 1398 certe
1908 1336 2152 1398 retexas
2208 1352 2349 1397 eam
2414 1334 2591 1412 mihi,
2650 1333 2835 1417 quod

523 1440 642 1506 tibi
686 1440 870 1506 facile
917 1442 1030 1505 est.
1078 1460 1224 1505 nam
1271 1440 1394 1505 etsi
1441 1441 1753 1523 scriptura
1797 1459 1920 1506 non
1969 1442 2157 1517 extat,
2206 1440 2357 1523 quia
2400 1438 2561 1506 forte
2605 1441 2835 1506 breuis

526 1547 806 1631 epistula
857 1552 932 1611 ut
984 1548 1406 1613 tumultuaria
1459 1547 1581 1611 tibi
1644 1548 1808 1611 inter
1868 1548 2067 1614 libros
2122 1550 2271 1612 tuos
2336 1547 2555 1612 haberi
2610 1551 2835 1629 spreta
2884 1571 2937 1609 ιο

526 1654 632 1731 sit,
697 1672 930 1719 renoua
995 1673 1134 1718 eam
1195 1654 1352 1718 mihi
1419 1653 1639 1719 eodem
1705 1672 1897 1719 sensu
1962 1657 2319 1737 promptam
2382 1653 2459 1717 de
2522 1653 2831 1717 thesauro

527 1760 733 1826 cordis
789 1761 887 1825 tui
944 1763 1010 1825 et
1063 1762 1248 1826 mitte
1305 1760 1382 1825 ad
1439 1780 1540 1825 me
1604 1760 1770 1827 inter
1824 1760 1947 1825 alia
2003 1779 2325 1843 responsa,
2385 1777 2545 1841 quae
2599 1758 2833 1824 reddes

527 1866 705 1944 mihi,
762 1870 838 1931 ut
892 1885 1097 1949 spero,
1162 1871 1525 1951 praestante
1582 1867 1739 1931 mihi
1794 1886 1867 1931 ac
1924 1867 2040 1931 tibi
2096 1869 2523 1931 commeatum
2578 1865 2831 1931 dierum

529 1972 800 2052 Christo,
865 1977 940 2038 ut
995 1992 1087 2052 ea,
1146 1992 1269 2056 quo
1335 1973 1514 2039 labor
1567 1975 1720 2038 tuus
1775 1972 1841 2037 in
1896 1993 1999 2038 me
2063 1972 2426 2049 fmctificet,
2494 1972 2831 2055 accipiam.

526 2080 877 2145 secundum
927 2080 1083 2146 haec
1119 2081 1399 2163 capitula
1445 2081 1922 2164 scripturarum,
1964 2081 2041 2145 de
2081 2081 2314 2164 quibus
2352 2083 2437 2157 te,
2487 2078 2594 2161 qui
2640 2078 2833 2143 uides
2880 2106 2933 2145 15

528 2187 712 2269 quasi
756 2206 870 2269 per
916 2187 1124 2265 deum,
1173 2187 1582 2273 interrogaui,
1632 2190 1705 2251 ut
1751 2187 2025 2266 audiam,
2076 2186 2229 2269 quid
2271 2187 2337 2250 in
2384 2190 2451 2251 te
2496 2186 2601 2250 uel
2652 2204 2727 2250 ex
2766 2188 2833 2251 te

527 2294 686 2358 mihi
730 2295 1030 2378 loquatur
1077 2295 1253 2359 deus,

427 2400 506 2462 15
616 2402 757 2467 Hoc
823 2406 1035 2467 autem
1100 2420 1254 2487 rogo
1320 2403 1531 2466 lucere
1597 2400 1754 2465 mihi
1818 2402 2039 2480 faciae,
2097 2419 2221 2483 quo
2287 2400 2477 2467 modo
2542 2399 2648 2465 uel
2704 2420 2837 2483 qua

526 2507 766 2573 ratione
795 2508 1088 2574 dominus
1118 2511 1265 2592 post
1293 2508 1819 2573 resurrectionem
1848 2507 1956 2573 uel
1979 2506 2377 2585 mulieribuS,
2400 2525 2559 2589 quae
2588 2506 2835 2591 primae

527 2614 606 2679 ad
653 2616 1018 2698 sepulcrum
1057 2620 1386 2693 uenerunt,
1435 2615 1542 2680 uel
1585 2617 1809 2696 postea
1852 2614 1985 2679 illis
2025 2614 2273 2679 duobus
2319 2613 2383 2678 in
2421 2614 2550 2690 uia,
2599 2612 2833 2677 deinde
2876 2642 2931 2681 20

529 2721 856 2805 discipulis
905 2724 1039 2789 suis
1088 2729 1154 2788 et
1197 2742 1321 2787 non
1361 2722 1620 2807 agnitus
1668 2724 1755 2787 sit
1800 2725 1865 2787 et
1910 2722 2197 2807 agnitus;
2255 2722 2319 2786 in
2378 2722 2597 2788 eodem
2658 2721 2831 2786 enim

529 2847 784 2912 corpore
831 2830 1190 2909 resurrexit,
1239 2830 1303 2893 in
1351 2848 1474 2911 quo
1533 2832 1599 2894 et
1654 2848 1883 2913 passus
1952 2832 2071 2895 est.
2138 2832 2204 2894 et
2268 2848 2391 2912 quo
2458 2826 2645 2895 modo
2702 2848 2831 2893 non

710 3055 772 3108 16
809 3054 899 3111 Ps.
938 3055 1024 3122 84,
1064 3056 1096 3109 9
1210 3056 1276 3109 19
1313 3055 1431 3110 Ioh.
1471 3056 1560 3122 20,
1602 3056 1690 3119 14;
1733 3056 1861 3111 Luc.
1900 3057 1987 3121 24,
2032 3057 2123 3121 16;
2162 3056 2231 3111 37

598 3232 631 3284 2
671 3234 836 3285 uacat
881 3230 930 3282 V
967 3230 1192 3285 uacabit
1223 3248 1277 3284 m
1423 3230 1667 3301 dispersa
1704 3248 1805 3285 om.
1843 3232 1897 3284 A
2044 3232 2076 3285 3
2113 3232 2467 3286 remiscendis
2506 3234 2561 3286 A
2702 3248 2827 3301 per-

528 3320 795 3373 uentilare
831 3319 900 3373 K
1003 3322 1036 3374 5
1074 3320 1247 3374 forma
1283 3320 1374 3390 (fv
1412 3323 1576 3387 eras.)
1616 3320 1671 3373 P
1812 3320 1941 3389 non]
1984 3326 2141 3374 carne
2180 3337 2299 3389 exp.
2338 3326 2459 3375 m.1
2501 3320 2552 3373 P
2650 3322 2681 3373 7
2712 3336 2827 3373 car·

528 3408 742 3477 thagini
777 3424 892 3464 ras.
931 3425 996 3463 ex
1035 3409 1352 3478 carthagine
1395 3408 1442 3462 G
1475 3409 1825 3479 carthaginae
1864 3408 1939 3461 Μ
1972 3409 2288 3479 carthagine
2325 3412 2379 3463 A
2558 3408 2828 3463 hiemares

537 3498 658 3551 Vm
693 3497 984 3551 hiemarem
1017 3503 1135 3551 cett.
1166 3497 1287 3551 edd.
1434 3498 1662 3552 relatam
1692 3514 1793 3551 om.
1824 3498 1879 3551 A
1980 3498 2013 3552 8
2044 3498 2159 3567 aut]
2192 3500 2257 3551 ut
2280 3496 2357 3550 M
2496 3514 2609 3551 eam
2636 3513 2738 3551 om.
2770 3498 2829 3552 R

529 3587 561 3639 9
601 3587 889 3657 scriptatm'nu
930 3587 1118 3650 (etiam
1158 3590 1217 3641 ta
1253 3586 1316 3641 in
1349 3602 1463 3642 rae.
1504 3602 1615 3641 esse
1649 3587 1787 3654 uid.)
1836 3587 1885 3641 V
1920 3588 2123 3657 scripta
2164 3586 2217 3641 G
2254 3586 2376 3641 edd.
2554 3603 2663 3639 non
2702 3602 2827 3649 om„

526 3692 593 3730 m.
617 3680 648 3728 1
685 3676 818 3731 add.
853 3675 930 3728 M
1064 3680 1218 3729 texat
1252 3676 1305 3728 A
1345 3679 1512 3738 exsta,
1549 3693 1621 3733 m.
1643 3682 1683 3731 2
1720 3679 1897 3729 exstat
1932 3676 1987 3733 R
2127 3676 2193 3730 10
2228 3676 2468 3729 tumultu
2506 3674 2729 3739 ariatib3
2772 3679 2825 3728 A

599 3767 656 3819 in
692 3764 749 3819 R
963 3764 1181 3819 haberis
1231 3770 1447 3836 praesta
1483 3766 1539 3820 P
1581 3766 1798 3821 haberis
1843 3783 1971 3836 prae
2018 3766 2115 3827 ita,
2152 3770 2277 3819 m.2
2319 3763 2511 3818 haberi
2546 3770 2731 3834 spreta
2776 3764 2828 3818 G

527 3854 714 3908 hebrei
753 3858 936 3925 spreta
971 3856 1026 3908 A
1178 3856 1236 3909 11
1278 3858 1531 3925 prompta
1573 3855 1626 3910 G
1664 3858 1755 3919 (m.
1779 3858 1819 3909 2
1854 3856 2127 3926 prompta)
2164 3854 2229 3908 K
2365 3854 2431 3907 12
2468 3853 2633 3922 inter]
2674 3853 2732 3906 in
2772 3856 2827 3905 A

533 3943 597 3997 13
637 3958 700 3996 ac
736 3959 857 4007 om„
893 3961 963 3998 m.
987 3950 1016 3996 1
1055 3944 1184 3998 add.
1215 3945 1288 3998 M
1397 3946 1463 3997 14
1501 3946 1564 3997 ut
1602 3960 1680 4009 ea,
1720 3960 1785 3997 m.
1808 3947 1848 3997 2
1882 3960 2057 4013 supra
2096 3960 2155 3997 .s.
2195 3958 2455 4012 responsa
2480 3941 2533 3995 G
2570 3945 2635 3997 ut
2672 3951 2737 3995 ea
2766 3940 2835 3995 K

601 4048 738 4101 quae
764 4031 820 4087 R
925 4034 990 4088 15
1027 4032 1162 4086 haec
1201 4032 1328 4101 epla
1354 4032 1592 4087 MAVR
1634 4034 1783 4099 (m.2
1817 4033 1959 4086 hanc
1998 4032 2147 4103 epla)
2174 4032 2239 4086 K
2272 4032 2411 4085 hanc
2450 4031 2739 4102 epistolam
2780 4031 2831 4086 G

599 4122 920 4191 scripturum
958 4122 1072 4176 AG
1111 4127 1201 4185 (m.
1225 4124 1265 4175 2
1299 4136 1342 4175 ε.
1379 4139 1435 4177 u.
1478 4122 1611 4177 add.
1646 4124 1727 4184 te)
1836 4126 1893 4175 te
1924 4122 2044 4191 qui,
2082 4138 2152 4175 m.
2176 4124 2215 4175 2
2252 4138 2371 4175 cum
2411 4137 2461 4190 q,
2506 4119 2559 4174 G
2638 4122 2705 4175 16
2734 4138 2835 4191 per

527 4228 630 4265 om.
667 4212 724 4265 A
868 4212 950 4281 ex]
991 4228 1026 4280 p
1064 4210 1254 4265 MAV
1289 4214 1430 4279 (m.1
1464 4226 1641 4279 supra
1679 4210 1761 4277 ex)
1876 4211 1943 4264 17
1982 4209 2114 4263 mihi
2152 4225 2253 4263 om.
2288 4208 2341 4263 G
2448 4211 2515 4264 21
2558 4213 2661 4272 est,
2691 4227 2762 4267 m.
2794 4214 2835 4263 2

528 4300 602 4354 sit
637 4300 712 4356 M
816 4300 882 4353 22
923 4302 978 4353 et
1017 4315 1121 4369 quo
1163 4299 1494 4354 modo—aut
1532 4300 1578 4354 si
1619 4299 1807 4353 eadem
1847 4302 1964 4352 erat
2000 4316 2121 4364 om„
2158 4298 2225 4352 in
2258 4314 2429 4368 mary.
2470 4298 2607 4355 add.
2652 4298 2701 4351 0
