3184 4959
627 446 756 511 724
1353 446 1406 499 S.
1465 444 1742 499 Aureli
1800 444 2233 514 Augustini

622 642 844 707 illos.
885 640 1511 724 multiplicatae
1551 643 1743 705 sunt
1779 640 1985 704 enim
2030 639 2579 705 infirmitates
2622 658 2933 709 eorum:

623 750 918 831 postea
983 747 1685 813 accelerauerunt.
1756 764 1914 829 quos
1982 745 2073 811 ait
2138 748 2413 823 sanctoS,
2464 745 2573 829 qui
2628 746 2693 809 in
2758 748 2939 810 terra

625 854 755 919 sint
802 854 1046 919 sancti?
1094 872 1244 917 num
1293 852 1441 919 illos
1489 852 1781 933 ludaeos,
1832 852 1942 935 qui
1989 851 2160 917 filii
2210 853 2474 917 carnis
2522 851 2821 917 Abrahae
2870 856 2939 915 et

623 981 746 1027 non
803 959 977 1025 filii
1033 958 1715 1043 repromissionis
1764 958 2189 1023 excluduntur
2242 978 2279 1023 a
2334 958 2595 1035 semine,
2642 959 2823 1041 quod
2868 960 2937 1023 in

621 1069 802 1139 Isaac
861 1070 1164 1132 uocatum
1212 1069 1330 1142 est,
1388 1064 1530 1130 ideo
1589 1069 1842 1131 sanctos
1899 1066 1963 1130 in
2012 1070 2195 1143 terra,
2245 1067 2395 1149 quia
2448 1068 2651 1131 sancti
2698 1084 2939 1151 genere
3000 1088 3025 1123 ε.

625 1174 880 1253 carnali,
937 1174 1078 1238 uita
1123 1175 1337 1238 autem
1393 1190 1713 1255 sensuque
1758 1172 1991 1237 terreni
2048 1176 2217 1248 sunt,
2266 1174 2401 1256 qui
2447 1176 2773 1237 terrena
2824 1191 2939 1238 sa-

623 1283 861 1367 piunt
919 1284 984 1346 et
1039 1280 1274 1345 carnali
1323 1280 1727 1345 obseruantia
1778 1278 1855 1343 in
1914 1284 2341 1345 uetustate
2396 1280 2737 1345 litterae
2786 1299 2940 1346 con·

625 1391 964 1454 senescunt
1025 1407 1149 1452 non
1213 1389 1614 1451 renascentes
1689 1386 1753 1449 in
1826 1405 2059 1452 nouam
2126 1390 2499 1465 creaturam,
2566 1388 2716 1469 quia
2780 1406 2937 1453 non

623 1498 1113 1579 receperunt
1186 1512 1380 1572 eum,
1456 1512 1570 1576 per
1648 1513 1833 1576 quem
1911 1497 2197 1559 uetera
2266 1494 2787 1559 transierunt
2860 1500 2941 1558 et

625 1603 844 1666 facta
893 1604 1084 1665 sunt
1127 1602 1375 1665 noua?
1426 1600 1518 1665 sic
1560 1600 1729 1665 enim
1766 1602 1929 1667 forte
1968 1620 2076 1667 eos
2114 1600 2179 1665 in
2227 1600 2349 1667 hoc
2383 1601 2631 1684 psalmo
2672 1604 2939 1667 sanctos
2980 1621 3025 1659 ιο

625 1708 921 1793 appellat,
991 1726 1114 1791 quo
1181 1707 1369 1773 modo
1431 1710 1494 1771 et
1550 1707 1618 1770 in
1676 1708 2007 1791 euangelio
2066 1707 2293 1785 iustoS,
2350 1708 2462 1773 ubi
2520 1707 2704 1773 dicit:
2760 1708 2939 1773 Non

624 1814 810 1881 ueni
857 1813 1130 1878 iustos
1170 1832 1465 1878 uocare
1515 1813 1655 1878 sed
1700 1817 2208 1897 peccatores,
2254 1814 2321 1879 id
2358 1820 2459 1879 est
2502 1814 2651 1880 illos
2698 1814 2941 1887 iustos,

625 1922 733 2004 qui
787 1920 853 1985 in
919 1920 1257 1985 sanctitate
1323 1920 1573 2004 generis
1632 1924 1697 1985 et
1758 1920 1975 1985 littera
2036 1921 2203 2005 legis
2268 1922 2636 2006 gloriantur,
2694 1921 2941 2005 quibus

626 2027 887 2091 dicitur:
917 2026 1198 2091 Nolite
1228 2026 1576 2109 gloriari
1614 2028 1928 2109 patrem
1962 2027 2381 2105 Abraham,
2415 2028 2603 2110 quia
2632 2030 2939 2110 potens

627 2137 751 2198 est
807 2133 1006 2198 deus
1064 2132 1152 2196 de
1214 2132 1640 2215 lapidibus
1706 2132 1902 2199 istis
1970 2134 2331 2199 excitare
2399 2134 2634 2199 filios
2694 2133 2941 2199 Abra·
2976 2155 3021 2195 ιε

623 2240 820 2303 ham.
871 2257 1138 2322 quorum
1185 2237 1390 2303 forma
1423 2238 1486 2303 in
1527 2238 1639 2303 illo
1678 2238 2020 2305 Pharisaeo
2058 2240 2450 2323 proponitur,
2492 2240 2601 2323 qui
2646 2240 2943 2304 iustitias

625 2364 774 2410 suas
815 2348 1138 2427 tamquam
1177 2344 1482 2409 nescienti
1523 2344 1775 2411 domino
1814 2346 2096 2410 recolens
2145 2346 2551 2428 praedicabat
2584 2346 2648 2409 in
2688 2349 2943 2429 templo

625 2472 747 2517 non
795 2470 1001 2529 orans,
1058 2453 1132 2515 ut
1189 2450 1610 2530 exaudiretur,
1670 2452 1783 2517 sed
1832 2452 2083 2536 exigens
2133 2452 2317 2535 quasi
2376 2452 2663 2517 debitum
2718 2454 2947 2519 meriti

623 2578 736 2641 pro
775 2558 1074 2640 operibus
1112 2558 1294 2623 bonis
1337 2557 1590 2639 quidem
1634 2558 1745 2622 sed
1784 2559 2050 2642 ingratis
2090 2558 2227 2638 deo,
2268 2560 2437 2643 quia,
2474 2559 2643 2643 quod
2682 2560 2947 2625 iustitia

625 2663 1088 2739 aedificauerat,
1154 2662 1450 2745 superbia
1503 2664 1876 2731 destruebat
1930 2685 2045 2731 nec
2111 2666 2178 2731 id
2230 2666 2443 2751 ipsum
2500 2666 2759 2732 silentio
2822 2667 2949 2732 sed
2978 2689 3025 2729 ευ

625 2788 784 2835 uoce
842 2770 1176 2848 clamabat,
1227 2772 1302 2834 ut
1355 2773 1685 2854 appareret
1740 2790 1885 2837 eum
1944 2791 2066 2837 non
2126 2772 2361 2837 diuinis
2418 2774 2677 2839 auribus
2730 2774 2947 2856 loqui.

627 2878 779 2960 quia
835 2880 902 2941 et
957 2877 1033 2941 ab
1093 2876 1460 2943 hominibus
1517 2878 1715 2943 uellet
1769 2878 2001 2953 audiri;
2063 2883 2253 2961 atque
2308 2879 2451 2946 ideo
2507 2899 2631 2945 non
2686 2880 2951 2963 placuit

627 2983 764 3062 de0‚
826 2982 974 3065 quia
1030 2982 1323 3065 placebat
1381 2983 1532 3048 sibi:
1594 2982 1985 3063 Quoniam
2043 2984 2503 3069 dissipauit
2558 2986 2949 3052 dominus

803 3175 836 3229 3
874 3174 1028 3227 Rom.
1069 3174 1118 3237 9,
1156 3176 1216 3237 8;
1259 3176 1290 3229 7
1399 3176 1432 3229 6
1471 3175 1615 3229 Phil.
1656 3177 1707 3239 3,
1749 3177 1814 3230 19
1925 3175 1955 3228 7
1996 3177 2150 3231 Rom.
2190 3177 2238 3239 7,
2280 3178 2312 3230 6
2423 3178 2455 3231 8
2492 3177 2550 3231 Π
2588 3176 2709 3233 Cor.
2750 3180 2809 3243 5,
2844 3181 2949 3241 17;

627 3262 742 3319 Ioh.
785 3264 832 3327 1,
873 3262 936 3316 11
981 3263 1147 3332 Apoc.
1188 3264 1274 3330 21,
1313 3264 1482 3327 4—5;
1525 3263 1645 3319 Gal.
1686 3266 1735 3327 6,
1780 3266 1847 3319 15
2010 3267 2070 3319 11
2112 3265 2309 3320 Matth.
2349 3266 2400 3328 9,
2444 3267 2509 3321 13
2668 3266 2734 3321 13
2776 3268 2953 3321 Rom.

629 3352 680 3417 2,
719 3350 788 3405 23
900 3350 970 3404 14
1006 3350 1205 3405 Matth.
1243 3351 1296 3416 3,
1336 3353 1394 3417 9;
1433 3352 1564 3406 Luc.
1604 3354 1655 3416 3,
1694 3353 1727 3407 8
1822 3354 1887 3407 16
1927 3356 2057 3409 Luc.
2101 3355 2183 3419 18,
2224 3355 2435 3410 10—14
2534 3356 2603 3409 23
2640 3355 2731 3411 Pe.
2774 3358 2869 3419 52,
2916 3360 2951 3411 6

702 3456 728 3511 1
771 3456 1727 3530 eni1n.i.f.m.t.t.e.p.accel‘
1764 3462 1926 3527 (ciel)
1966 3458 2034 3513 K
2210 3478 2391 3515 eorum
2432 3464 2484 3527 (o
2522 3476 2563 3515 ε.
2601 3478 2657 3516 u.
2696 3462 2851 3529 m.1)
2900 3462 2959 3515 Γ

627 3546 660 3600 3
699 3549 826 3599 sunt
863 3546 989 3599 Am
1133 3554 1236 3599 nu·
1273 3547 1324 3599 V
1357 3563 1465 3601 non
1507 3546 1555 3601 C
1696 3548 1891 3619 carnis]
1932 3549 2109 3603 carnis
2150 3558 2174 3604 s
2210 3549 2286 3603 M
2386 3552 2423 3604 4
2458 3550 2841 3619 promissionis
2884 3552 2957 3605 K

625 3650 725 3688 sec.
774 3634 931 3703 Vuly.
1116 3638 1148 3689 5
1189 3641 1320 3689 ante
1355 3650 1552 3705 genere
1589 3652 1659 3691 m.
1683 3641 1723 3690 2
1760 3637 1889 3691 add.
1928 3638 1955 3691 2
1995 3639 2049 3691 in
2086 3638 2141 3691 P
2308 3639 2342 3693 6
2380 3638 2490 3709 qui,
2526 3642 2658 3695 m.2
2692 3654 2881 3709 supra
2924 3642 2948 3694 l

628 3724 758 3792 quia
792 3722 847 3775 P
990 3724 1021 3776 7
1063 3724 1299 3777 carnalia
1336 3726 1613 3778 seruantia
1647 3726 1701 3778 A
1846 3726 1879 3780 8
1916 3727 2282 3782 reinascentes
2321 3729 2359 3795 (i
2398 3730 2540 3795 exp.)
2588 3726 2635 3779 V
2782 3730 2949 3799 quia]

627 3811 722 3880 qui
758 3812 812 3863 A
906 3811 972 3865 12
1009 3828 1204 3865 uocare
1241 3811 1416 3866 iustos
1453 3813 1639 3867 MPG·
1673 3814 1795 3867 edd.
1831 3831 1931 3870 sec.
1970 3832 2113 3871 sacr.
2154 3816 2257 3872 litt.
2354 3816 2421 3869 14
2456 3818 2613 3887 pat-re
2644 3820 2737 3882 (av
2768 3824 2949 3883 eras.)

630 3898 886 3953 abraham
924 3900 980 3953 P
1011 3900 1067 3953 in
1105 3904 1262 3969 patre
1299 3900 1575 3955 Abraham
1613 3902 1733 3958 edd.
1770 3908 1981 3973 patrem
2022 3903 2221 3958 habere
2260 3904 2518 3958 abraham
2560 3904 2613 3959 G
2648 3922 2753 3959 see.
2792 3922 2951 3961 sacr-

629 3988 735 4041 litt.
849 3988 914 4041 15
953 3989 1218 4043 suscitare
1262 3988 1314 4044 θ’
1349 4004 1450 4047 sec.
1499 3990 1656 4060 γει-19.
1802 3990 2053 4047 Abrahae
2080 3994 2275 4059 flrm
2311 4008 2411 4049 sec.
2461 3992 2620 4062 Vuly.
2732 3996 2805 4049 17
2842 4013 2953 4049 na·

629 4076 840 4139 scienti,
879 4094 946 4130 m.
971 4080 1011 4131 2
1045 4078 1309 4133 nescienti
1351 4078 1400 4133 Ο
1508 4080 1572 4133 19
1614 4079 1833 4150 quidem
1869 4081 2027 4135 bonis
2072 4082 2121 4135 0
2258 4082 2507 4151 ingratus
2544 4082 2600 4136 A
2710 4084 2785 4139 20
2824 4085 2953 4139 edi-

631 4164 876 4217 ficauerit
925 4164 973 4217 V
1079 4165 1397 4233 destruerat,
1439 4184 1577 4223 corr.
1619 4186 1688 4226 m.
1712 4174 1743 4223 1
1784 4168 2120 4225 destruxerat
2154 4171 2229 4225 M
2333 4170 2391 4225 id
2427 4188 2532 4228 om.
2574 4170 2627 4226 G
2730 4173 2799 4227 21
2846 4190 2953 4245 ap-

629 4254 836 4322 pareite
877 4258 966 4319 (ex
999 4256 1056 4308 te
1083 4256 1306 4323 sactum
1341 4258 1459 4312 uid.
1499 4258 1568 4327 a)
1618 4258 1671 4311 V
1808 4260 1939 4329 non]
1979 4276 2089 4313 non
2128 4260 2185 4313 in
2219 4258 2295 4313 M
2452 4260 2523 4314 22
2560 4260 2708 4331 quia]
2750 4263 2853 4332 qui
2896 4266 2953 4319 A

629 4341 751 4395 edd.
860 4342 929 4396 23
971 4343 1096 4411 quia
1131 4358 1172 4398 8.
1213 4361 1268 4401 u.
1305 4350 1426 4401 m.1
1465 4346 1516 4400 V
1547 4348 1691 4417 quod
1725 4346 1772 4401 C
1915 4347 2046 4401 deus
2086 4347 2379 4419 dissipauit
2420 4348 2471 4403 G
2505 4364 2607 4403 soc.
2642 4366 2793 4405 saw.
2836 4352 2949 4407 litt.
