3184 4959
589 409 716 471 714
1297 408 1350 461 S.
1407 408 1685 462 Aureli
1738 409 2178 477 Augustini

589 601 888 684 corpori3‚
940 602 1133 667 sicuti
1173 604 1274 667 est
1321 602 1649 686 sapientia,
1691 623 1851 687 quae
1888 608 2098 669 mente
2136 603 2463 669 intellecta
2501 602 2903 686 conspicitur

589 711 654 772 et
706 708 769 773 in
819 709 1002 774 cuius
1061 712 1202 774 luce
1260 709 1336 773 de
1391 710 1491 775 his
1539 710 1837 775 omnibus
1892 711 2202 776 ueraciter
2254 709 2593 786 iudicatur,
2650 710 2717 774 in
2764 728 2897 791 quo

589 815 856 880 istorum
897 835 1122 899 genere
1151 816 1532 881 credendum
1572 821 1674 881 est
1710 836 1847 881 esse
1877 818 2088 897 istam,
2120 836 2309 899 quam
2339 836 2525 882 nosse
2562 816 2899 891 uolumus,

588 922 982 987 trinitatem?
1037 924 1321 1005 profecto
1380 927 1492 987 aut
1536 922 1601 987 in
1650 924 1863 1006 aliquo
1913 928 2026 988 aut
2070 925 2133 987 in
2182 925 2377 990 nullo.
2436 924 2491 989 si
2537 923 2603 987 in
2650 922 2897 1005 aliquo,

591 1048 664 1093 eo
704 1028 950 1111 utique,
991 1027 1159 1110 quod
1197 1033 1297 1093 est
1333 1029 1476 1093 aliis
1516 1028 1765 1093 duobus
1804 1030 2251 1111 praestantiae,
2302 1031 2471 1094 sicut
2508 1032 2611 1093 est
2646 1028 2899 1110 sapien·
2968 1056 2995 1094 s

593 1135 702 1201 tia.
752 1135 920 1218 quod
968 1134 1024 1200 si
1071 1135 1306 1201 donum
1357 1136 1495 1201 eius
1539 1135 1603 1199 in
1653 1136 1833 1201 nobis
1882 1140 1983 1201 est
2029 1140 2094 1201 et
2139 1136 2349 1200 minus
2398 1139 2499 1200 est
2544 1154 2737 1218 quam
2784 1134 2901 1198 illa

595 1261 846 1307 summa
883 1246 948 1307 et
993 1242 1558 1320 incommutabilis,
1604 1262 1766 1325 quae
1805 1243 1906 1307 dei
1954 1242 2264 1324 sapientia
2302 1242 2534 1307 dicitur
2578 1280 2665 1289 ——
2712 1246 2898 1323 puto,

595 1350 764 1432 quod
819 1368 941 1415 non
1001 1350 1304 1414 debemus
1363 1350 1526 1414 dono
1582 1368 1700 1415 suo
1757 1350 2022 1415 inferius
2070 1350 2349 1434 cogitare
2398 1350 2737 1415 donantem
2784 1385 2899 1417 —-.

596 1457 652 1521 si
725 1459 938 1521 autem
1015 1455 1247 1538 aliquis
1323 1456 1620 1539 splendor
1682 1456 1819 1521 eius
1884 1456 1950 1521 in
2014 1456 2195 1521 nobis
2265 1460 2383 1533 est,
2451 1474 2612 1539 quae
2676 1458 2901 1519 nostra

597 1563 906 1646 sapientia
961 1562 1212 1640 dicitur,
1273 1566 1853 1645 quantumcumque
1920 1562 2057 1627 eius
2124 1582 2261 1645 per
2326 1562 2749 1645 speculum
2820 1565 2899 1626 et
2948 1588 3000 1625 ιο

595 1670 672 1733 in
729 1669 1188 1752 aenigmate
1245 1686 1466 1751 capere
1521 1688 1886 1751 possumus,
1946 1672 2200 1752 oportet
2252 1688 2390 1734 eam
2447 1672 2511 1733 et
2568 1669 2646 1733 ab
2696 1669 2901 1733 omni-

595 1775 718 1841 bus
755 1776 1126 1857 corporibus
1167 1778 1232 1840 et
1278 1776 1353 1839 ab
1393 1775 1688 1845 omnibus
1738 1794 2069 1859 corporum
2117 1775 2642 1841 similitudinibus
2692 1793 2900 1840 secer-

599 1902 843 1947 narnus,

495 1996 575 2058 12
689 1988 758 2054 Si
813 1992 1026 2053 autem
1090 1989 1152 2052 in
1217 1988 1394 2053 nullo
1460 1989 1733 2054 istorum
1788 2006 2019 2073 genere
2076 2008 2216 2055 esse
2272 1988 2553 2073 putanda
2608 1992 2711 2053 est
2770 1988 2903 2051 ista

598 2095 850 2159 trinitas
908 2100 972 2160 et
1026 2094 1118 2161 sic
1175 2100 1276 2159 est
1327 2094 1697 2172 inuisibilis,
1754 2098 1831 2159 ut
1886 2114 2002 2160 nec
2057 2098 2267 2160 mente
2320 2095 2631 2173 uideatur,
2688 2096 2901 2159 multo
2946 2118 2997 2157 ιε

599 2201 810 2265 minus
849 2202 925 2266 de
972 2202 1084 2266 illa
1129 2202 1321 2266 huius
1367 2201 1538 2265 modi
1587 2202 1947 2285 opinionem
1994 2202 2222 2266 habere
2268 2200 2595 2277 debemus,
2644 2206 2721 2265 ut
2756 2220 2899 2265 eam

599 2310 790 2373 rebus
831 2309 1260 2392 corporalibus
1308 2308 1411 2372 uel
1459 2309 1879 2391 corporalium
1926 2328 2135 2373 rerum
2181 2308 2569 2392 imaginibus
2618 2308 2900 2372 similem

603 2434 741 2481 esse
773 2415 1123 2481 credamus.
1154 2436 1274 2481 non
1311 2416 1476 2481 enim
1507 2434 1767 2499 corpora
1796 2415 2267 2499 pulchritudine
2297 2416 2485 2479 molis
2516 2417 2628 2479 aut
2652 2416 2901 2498 magni·

601 2523 820 2587 tudine
859 2526 1116 2605 superat
1157 2522 1266 2588 sed
1297 2522 1821 2587 dissimilitudine
1862 2542 1933 2587 ac
1964 2522 2385 2605 disparilitate
2424 2525 2683 2587 naturae
2724 2526 2813 2599 et,
2846 2522 2901 2585 si

603 2630 876 2695 discreta
911 2634 1012 2693 est
1051 2649 1086 2693 a
1124 2630 1588 2713 comparatione
1628 2630 1935 2694 bonorum
1984 2628 2176 2693 animi
2212 2628 2437 2704 nostri,
2486 2628 2701 2711 qualia
2746 2632 2905 2691 sunt
2942 2650 2995 2689 n

603 2736 933 2819 sapientia,
963 2736 1232 2812 iustitia,
1263 2736 1515 2815 caritas,
1559 2736 1821 2801 castitas
1862 2740 1927 2801 et
1963 2738 2173 2801 cetera
2209 2736 2383 2813 talia,
2418 2754 2576 2819 quae
2612 2736 2903 2817 profecto

603 2861 722 2908 non
763 2844 930 2907 mole
969 2844 1246 2927 corporis
1284 2842 1619 2926 pendimus
1657 2861 1773 2907 nec
1809 2862 2027 2907 eorum
2067 2842 2249 2925 quasi
2287 2860 2616 2925 corporeas
2660 2841 2903 2905 formas

605 2950 988 3033 cogitatione
1033 2950 1404 3035 figuramus,
1453 2949 1564 3013 sed
1604 2969 1694 3027 ea,
1744 2949 1993 3031 quando
2040 2954 2213 3014 recte
2256 2949 2716 3033 intellegimus,
2764 2947 2905 3012 sine

605 3056 816 3137 aliqua
853 3056 1244 3138 corpulentia
1288 3056 1394 3121 uel
1442 3056 1859 3121 similitudine
1898 3056 2325 3138 corpulentiae
2364 3056 2427 3120 in
2474 3056 2617 3120 luce
2662 3055 2903 3119 mentis

606 3162 972 3245 aspicimus,
1023 3164 1256 3245 quanto
1316 3167 1414 3227 est
1469 3164 1545 3227 ab
1597 3164 1875 3227 omnium
1928 3162 2307 3245 qualitatum
2358 3167 2422 3227 et
2469 3162 2899 3245 quantitatum
2942 3184 2990 3225 aa

607 3268 1024 3352 corporalium
1066 3272 1530 3352 comparatione
1579 3270 1933 3336 discretior!
1986 3290 2105 3336 non
2156 3288 2293 3333 eam
2339 3272 2549 3335 tamen
2599 3288 2635 3332 a
2680 3272 2901 3333 nostro

789 3530 854 3585 10
889 3531 918 3584 I
956 3528 1076 3584 Cor.
1119 3530 1202 3593 13,
1245 3531 1309 3583 12

682 3691 706 3743 1
749 3690 910 3743 sicuti
949 3693 1035 3743 est
1070 3706 1172 3744 om.
1219 3690 1270 3742 Τ
1301 3690 1442 3743 sicut
1481 3693 1564 3742 est
1602 3689 1717 3742 edd.
1884 3688 2173 3758 sapientia,
2214 3705 2279 3745 m.
2301 3691 2341 3741 2
2372 3704 2549 3755 supra
2585 3686 2615 3740 l'
2648 3686 2905 3755 superbia

614 3780 664 3833 T
697 3778 948 3849 superbia
972 3779 1026 3831 P
1054 3785 1142 3844 (m.
1165 3782 1205 3831 2
1237 3794 1414 3846 supra
1451 3778 1741 3847 sapientia)
1790 3778 1855 3831 ΤΙ
1898 3778 1987 3845 (m.
2008 3784 2038 3831 1
2072 3794 2247 3845 supra
2282 3778 2311 3830 ξ
2346 3764 2521 3846 sapia)
2682 3777 2719 3829 2
2754 3776 2901 3845 luce]
3128 3794 3130 3912 ἱ

607 3866 768 3923 laude
803 3868 990 3922 ΡΤΤ1
1087 3867 1203 3921 *his
1239 3867 1294 3920 Β
1329 3866 1435 3920 hiis
1478 3867 1525 3922 Ο
1632 3867 1665 3921 3
1705 3866 2029 3920 credendum
2069 3872 2153 3919 est
2190 3881 2387 3935 genere
2431 3862 2666 3919 ΟΡΤΤι
2775 3866 2811 3919 6
2852 3878 2907 3919 et

607 3959 808 4027 minus]
849 3958 1024 4011 minus
1065 3962 1190 4023 (om.
1230 3960 1305 4023 et)
1347 3956 1503 4009 codd.
1693 3956 1725 4008 9
1767 3955 1953 4023 aliqui,
1992 3970 2129 4009 corr.
2170 3972 2237 4010 m.
2277 3960 2341 4007 ut
2376 3952 2493 4008 uid.
2533 3956 2574 4008 2
2610 3953 2815 4023 aliquis
2854 3954 2907 4007 B

681 4063 818 4115 quae
855 4047 1063 4114 nostra]
1105 4061 1368 4114 quaenam
1404 4044 1590 4099 ΡΤΤι
1694 4044 1761 4097 14
1800 4060 1916 4097 esse
1954 4060 2057 4097 om.
2103 4043 2259 4097 OPT
2294 4044 2477 4097 lsrm
2586 4048 2673 4097 est
2710 4059 2816 4098 om.
2866 4042 2913 4097 T

678 4136 896 4189 trinitas
933 4136 1042 4188 ista
1069 4135 1124 4188 Β
1153 4134 1348 4203 (siynis
1383 4140 1542 4200 corr.)
1579 4134 1809 4189 OPTT¹
1888 4135 1952 4187 15
1992 4132 2287 4187 inuisibilis
2325 4149 2425 4186 om.
2462 4132 2617 4187 OPT
2690 4134 2760 4188 16
2790 4136 2909 4205 opi·
3126 4136 3128 4280 1

611 4226 770 4278 nione
817 4224 868 4277 T
1070 4224 1134 4276 17
1171 4240 1347 4277 rerum
1385 4224 1739 4293 corporalium
1786 4222 1855 4275 Τι
2074 4224 2143 4275 22
2180 4222 2321 4276 mole
2360 4221 2600 4291 corporis
2636 4238 2749 4277 non
2788 4222 2913 4279 edd.

606 4318 828 4383 praeter
867 4330 950 4367 ae
1055 4314 1126 4365 24
1161 4312 1334 4367 lucem
1379 4312 1537 4367 OPT

3124 4425 3126 4453 Ι
