3184 4959
488 410 619 475 684
1230 408 1283 464 S.
1339 406 1615 463 Aureli
1668 408 2105 479 Augustini

487 601 676 667 ritate
745 602 1106 686 praeditum
1169 622 1292 669 non
1365 604 1512 669 fuit.
1585 607 1835 670 tantum
1900 604 2064 670 illud
2127 605 2417 683 adtende,
2482 604 2797 687 quoniam

487 708 674 774 Plato
730 729 766 774 a
813 709 1111 775 Cicerone
1166 711 1388 775 multis
1445 712 1653 778 modis
1710 712 2109 795 apertissime
2157 712 2515 777 ostenditur
2568 712 2633 776 in
2688 730 2796 776 sa-

489 815 732 899 pientia
784 835 904 882 non
959 817 1235 881 humana
1291 817 1406 883 sed
1450 818 1637 901 plane
1684 818 1921 897 diuina,
1976 818 2143 884 unde
2188 820 2466 884 humana
2510 818 2797 902 quodam

489 922 677 989 modo
718 922 1184 1003 accenderetur,
1229 924 1292 989 in
1339 924 1451 989 illa
1495 925 1721 1009 utique
1770 926 2079 1007 sapientia
2122 944 2381 1008 prorsus
2426 924 2797 990 inmutabili

491 1033 680 1112 atque
737 1030 956 1096 eodem
1020 1031 1209 1097 modo
1275 1050 1526 1115 semper
1589 1051 1659 1097 se
1724 1032 1993 1097 habente
2052 1032 2317 1097 ueritate
2374 1032 2797 1099 constituisse
2864 1054 2895 1095 s

491 1139 558 1201 et
626 1136 818 1201 finem
890 1137 1040 1202 boni
1115 1141 1180 1203 et
1252 1157 1478 1205 causas
1555 1159 1767 1204 rerum
1846 1144 1911 1205 et
1980 1139 2395 1205 ratiocinandi
2466 1137 2797 1215 fiduciam,

491 1247 894 1327 oppugnatos
950 1248 1164 1309 autem
1221 1264 1362 1311 esse
1417 1246 1669 1311 nomine
1714 1247 2171 1328 Epicureorum
2228 1249 2293 1313 et
2338 1245 2695 1313 Stoicorum
2762 1262 2804 1308 a

488 1349 836 1416 Platonicis
885 1370 1016 1430 eos,
1065 1352 1174 1435 qui
1229 1353 1294 1417 in
1342 1354 1621 1437 corporis
1678 1353 1785 1419 uel
1840 1354 1903 1419 in
1960 1354 2153 1419 animi
2206 1357 2433 1419 natura
2484 1354 2803 1435 ponerent

493 1461 560 1522 et
621 1458 810 1523 finem
875 1458 1024 1525 boni
1081 1463 1148 1524 et
1202 1478 1426 1525 causas
1488 1480 1697 1526 rerum
1758 1466 1823 1525 et
1874 1460 2287 1526 ratiocinandi
2340 1460 2659 1533 fiduciam,
2716 1476 2799 1523 eo

490 1584 622 1629 rem
699 1566 1102 1631 successione
1167 1570 1525 1650 temporum
1593 1587 1735 1633 esse
1800 1567 2191 1646 deuolutam,
2257 1573 2333 1631 ut
2396 1565 2801 1633 Christianae
2842 1590 2903 1627 ιο

490 1674 620 1738 iam
665 1673 892 1747 aetatis
931 1673 1201 1750 exordi0,
1251 1692 1394 1738 cum
1432 1694 1647 1739 rerum
1690 1675 2115 1741 inuisibilium
2162 1678 2351 1758 atque
2398 1676 2802 1738 aeternarum

492 1778 650 1844 fides
693 1800 806 1863 per
841 1780 1126 1845 uisibilia
1161 1782 1467 1847 miracula
1513 1782 1851 1847 salubriter
1894 1782 2362 1866 praedica-retur
2404 1778 2802 1857 hominibuS,

495 1886 604 1969 qui
659 1906 774 1951 nec
833 1886 1046 1953 uidere
1093 1906 1208 1953 nec
1255 1890 1536 1973 cogitare
1593 1889 1835 1972 aliquid
1878 1893 2126 1971 praeter
2174 1908 2435 1972 corpora
2478 1890 2801 1971 poterant,

493 1993 680 2060 beato
727 1994 1014 2076 apostolo
1052 1994 1274 2073 Paulo,
1322 1994 1434 2078 qui
1479 1996 1739 2061 eandem
1786 1996 1973 2061 fidem
2023 1994 2321 2081 gentibus
2375 1993 2803 2077 praesemina-

495 2100 623 2177 bat,
679 2101 848 2166 idem
891 2100 1020 2183 ipsi
1063 2101 1357 2183 Epicurei
1403 2104 1470 2166 et
1515 2100 1715 2168 Stoici
1760 2104 1822 2167 in
1872 2102 2122 2167 actibus
2170 2102 2601 2186 apostolorum
2648 2118 2801 2167 con·
2842 2124 2903 2163 ιε

494 2208 828 2273 tradixisse
873 2206 1297 2273 inueniantur.

387 2317 470 2380 21
585 2312 726 2395 Qua
785 2314 850 2380 in
905 2332 972 2379 re
1037 2316 1196 2380 satis
1261 2316 1417 2379 mihi
1481 2315 1741 2381 uidetur
1796 2336 1937 2381 esse
1994 2316 2497 2381 demonstratum
2555 2332 2801 2380 errores

496 2422 780 2507 gentium
819 2422 957 2487 siue
997 2422 1072 2487 de
1109 2422 1394 2488 moribus
1444 2423 1580 2487 siue
1622 2422 1697 2487 de
1744 2428 1969 2488 natura
2004 2442 2215 2487 rerum
2262 2423 2401 2488 siue
2440 2421 2517 2487 de
2553 2420 2801 2486 ratione

492 2528 974 2613 inuestigandae
1019 2528 1332 2607 ueritatis,
1381 2530 1490 2612 qui
1529 2530 1823 2612 quamuis
1864 2534 2079 2595 essent
2120 2529 2310 2595 multi
2348 2532 2539 2612 atque
2584 2526 2805 2592 multi-

493 2636 718 2720 plices,
775 2635 840 2700 in
898 2635 999 2700 his
1045 2639 1255 2701 tamen
1312 2637 1582 2701 maxime
1634 2635 1879 2702 duabus
1936 2636 2133 2702 sectis
2182 2636 2563 2714 eminebant,
2610 2652 2804 2716 expu-
2839 2654 2903 2695 2⁰

498 2743 838 2827 guantibus
896 2742 1100 2809 doctis
1167 2747 1232 2808 et
1293 2747 1473 2808 tanta
1535 2743 1886 2809 disserendi
1950 2743 2307 2809 subtilitate
2372 2746 2563 2826 atque
2617 2739 2805 2823 copia

500 2848 1018 2915 subuel-tentibus
1086 2848 1346 2917 durasse
1409 2853 1621 2915 tamen
1688 2868 1894 2933 usque
1956 2850 2021 2915 in
2084 2852 2369 2933 tempora
2424 2848 2805 2916 Christiana.

501 2978 662 3044 quos
717 2960 844 3024 iam
893 2960 1060 3022 certe
1107 2960 1324 3023 nostra
1371 2960 1580 3023 aetate
1628 2957 1721 3023 sic
1769 2958 2171 3023 obmutuisse
2220 2956 2669 3041 conspicimus,
2725 2960 2805 3023 ut

499 3068 605 3133 uix
677 3066 805 3131 iam
869 3065 936 3129 iu
1009 3064 1248 3130 scholis
1313 3064 1637 3129 rhetorum
1704 3068 2237 3131 commemoretur
2298 3067 2572 3143 tantum,
2638 3083 2805 3148 quae

499 3174 736 3240 fuerint
780 3173 1039 3237 illorum
1087 3172 1458 3249 sententiae,
1501 3172 1847 3237 certamina
1881 3174 2091 3236 tamen
2134 3172 2325 3237 etiam
2365 3170 2441 3236 de
2486 3170 2807 3254 loquacis·
2840 3190 2903 3229 τε

501 3281 682 3346 simis
742 3279 1126 3345 Graecorum
1193 3279 1540 3363 gymnasiis
1598 3278 1912 3344 eradicata
1974 3282 2166 3362 atque
2224 3296 2588 3361 compressa
2648 3275 2805 3356 sint,

683 3526 716 3579 3
755 3524 820 3578 cf.
861 3524 972 3579 Cic.
1012 3523 1080 3577 de
1118 3522 1207 3577 fin.
1244 3523 1294 3576 V
1332 3524 1416 3589 15,
1453 3524 1524 3578 43
1638 3524 1706 3577 14
1742 3522 1863 3579 Aet.
1904 3524 1987 3587 17,
2029 3522 2097 3577 18

575 3702 609 3757 3
656 3699 1062 3754 sed—humana
1105 3716 1208 3755 om.
1246 3701 1302 3755 A
1517 3701 1553 3754 4
1600 3698 1947 3753 accederetur
1979 3698 2163 3753 ΜΔΕ
2210 3702 2301 3764 (m.
2323 3700 2364 3751 2
2399 3696 2807 3765 accenderetur)

504 3794 538 3846 5
575 3790 864 3844 ueritatem
907 3791 926 3843 l
1113 3792 1148 3845 6
1183 3788 1496 3843 rationandi
1535 3788 1646 3843 PV
1830 3790 1859 3843 7
1900 3786 2573 3857 oppugnatos—fiduciam
2608 3800 2712 3839 om.
2748 3784 2809 3838 A

504 3882 538 3934 9
577 3878 887 3934 rationandi
923 3877 1038 3933 PV
1201 3894 1264 3931 eo
1301 3878 1437 3947 rem]
1479 3893 1665 3931 eorum
1700 3876 2017 3930 MAPP¹V
2192 3878 2254 3931 11
2294 3876 2421 3941 iam,
2458 3890 2599 3930 corr.
2634 3890 2705 3929 m.
2740 3881 2807 3929 ut

503 3968 621 4023 uid.
661 3974 701 4024 2
737 3970 903 4023 etiam
939 3968 1014 4023 Ρι
1054 3967 1218 4021 etiam
1255 3965 1375 4021 PV
1516 3968 1582 4021 12
1620 3964 1947 4036 hominibus]
1986 3966 2043 4019 in
2084 3964 2334 4019 omnibus
2371 3966 2427 4019 A
2464 3963 2531 4017 ab
2568 3962 2807 4018 homini-

505 4059 606 4113 bus
643 4059 700 4113 R
811 4060 876 4115 13
914 4060 1129 4129 praeter
1163 4073 1285 4120 om„
1319 4056 1385 4109 in
1421 4072 1597 4127 mary-
1634 4073 1703 4109 m.
1741 4060 1807 4109 ut
1840 4054 1958 4109 uid.
1998 4056 2039 4108 2
2075 4052 2208 4107 add.
2247 4052 2323 4107 Ρι
2442 4054 2512 4107 14
2544 4050 2808 4123 presemi-

505 4149 664 4203 nauit
698 4148 755 4204 R
863 4150 928 4203 15
965 4146 1134 4201 iidem
1170 4145 1290 4200 edd.
1404 4148 1468 4201 17
1509 4144 1938 4199 demonstratum
1975 4158 2093 4197 esse
2130 4140 2251 4196 ead.
2374 4142 2445 4196 24
2482 4156 2808 4195 commemo·

505 4240 718 4291 raretur
763 4235 814 4289 V
987 4238 1204 4289 tantum
1241 4235 1402 4304 quae]
1440 4236 1713 4302 tantumq.
1750 4231 1823 4285 M
1836 4230 1879 4283 V
1912 4232 2129 4285 tantum
2168 4228 2261 4299 qui
2297 4229 2353 4282 A
2504 4228 2574 4283 26
2610 4227 2809 4298 grecis,

507 4343 575 4380 m.
595 4330 627 4380 1
659 4340 833 4395 supra
868 4324 896 4377 l
931 4338 1211 4393 grecorum
1247 4321 1304 4377 R
1448 4324 1578 4376 sunt
1614 4320 1733 4375 edd.
