3184 4959
498 449 628 512 216
1201 447 1253 500 S.
1311 445 1584 499 Aureli
1640 446 2077 514 Augustini

497 641 848 705 Maurusio,
913 640 1312 724 uigilantium
1373 641 1578 705 cordis
1626 641 1722 704 tui
1770 641 1921 705 noui
1968 659 2081 705 nec
2129 661 2288 723 opus
2336 645 2454 716 est,
2504 643 2787 718 arbitror,

499 751 682 832 plura
727 749 1021 823 scribere,
1072 767 1238 824 cum,
1289 749 1342 812 si
1393 748 1693 822 uolueriS‚
1742 747 2045 812 facillime
2094 749 2325 830 possiS‚
2374 753 2439 811 et
2486 749 2635 831 quid
2686 750 2794 812 alii

502 859 722 920 curent
787 859 851 920 et
915 859 1184 919 caueant
1246 856 1309 918 in
1375 855 1895 936 possessionibus
1952 855 2082 918 tuis
2140 860 2204 919 et
2257 855 2321 918 in
2369 875 2434 918 re
2482 858 2595 920 tua
2641 855 2789 937 quid

499 968 742 1046 agatur,
801 960 1144 1025 addiscere.
1209 961 1272 1025 in
1330 979 1394 1024 re
1451 965 1562 1024 tua
1622 979 1761 1024 esse
1808 961 1966 1024 mihi
2012 961 2199 1025 ualde
2246 961 2647 1025 adfirmatum
2695 967 2795 1026 est

501 1069 796 1146 amicum,
863 1087 1008 1132 cum
1077 1087 1199 1150 quo
1269 1067 1452 1150 cupio
1520 1068 1924 1139 concordare;
1991 1071 2137 1149 peto
2204 1069 2423 1132 faueas
2490 1068 2567 1131 ad
2632 1069 2791 1132 hanc
2854 1089 2879 1127 5

497 1195 651 1242 rem.
718 1179 792 1238 ut
856 1179 920 1239 et
983 1175 1146 1239 inter
1210 1174 1496 1239 homines
1563 1193 1857 1257 magnam
1922 1175 2175 1238 laudem
2244 1178 2308 1238 et
2370 1174 2538 1257 apud
2604 1174 2792 1239 deum

499 1281 730 1345 habeas
807 1301 1100 1365 magnam
1175 1281 1549 1345 mercedem.
1624 1281 1753 1344 iam
1828 1281 1993 1346 enim
2068 1281 2222 1345 mihi
2296 1300 2408 1362 per
2482 1282 2791 1362 quendam

501 1387 730 1452 Carum
779 1390 1110 1470 utriusque
1159 1393 1444 1452 nostrum
1491 1388 1771 1452 medium
1821 1388 2231 1452 mandauerat
2278 1407 2343 1451 se
2383 1389 2595 1451 nescio
2635 1407 2794 1468 quos

501 1495 815 1558 uiolentos
865 1515 1016 1560 suos
1065 1495 1306 1570 timere,
1354 1515 1430 1557 ne
1477 1495 1732 1570 faceret,
1784 1515 1941 1576 quos
1990 1495 2049 1557 in
2090 1515 2155 1559 re
2192 1499 2305 1558 tua
2344 1498 2406 1558 et
2443 1499 2505 1558 te
2542 1496 2793 1558 fauente

499 1601 725 1664 timere
787 1621 910 1664 non
976 1602 1237 1683 poterit3
1303 1621 1418 1666 nec
1481 1602 1621 1685 ipse
1680 1601 1741 1664 in
1800 1621 1871 1665 eo
1930 1601 2119 1665 debes
2170 1601 2432 1685 diligere
2480 1620 2599 1666 non
2651 1621 2791 1664 con·
2834 1627 2883 1663 ιο

503 1709 800 1772 stantiam
887 1708 1000 1771 sed
1083 1709 1265 1790 plane
1349 1708 1777 1788 pertinaciam.
1862 1712 2045 1790 turpe
2122 1711 2221 1772 est
2300 1708 2463 1772 enim
2546 1711 2793 1770 mutare

503 1813 877 1876 sententiam
928 1813 1040 1876 sed
1087 1831 1298 1876 ueram
1347 1815 1410 1875 et
1455 1817 1712 1886 rectam,
1764 1831 1911 1875 nam
1958 1813 2223 1877 stultam
2274 1817 2337 1876 et
2384 1813 2627 1876 noxiam
2669 1812 2785 1877 eti-

505 1939 604 1983 am
655 1919 974 1984 laudabile
1037 1923 1102 1982 et
1149 1919 1398 1982 salubre
1449 1923 1566 1982 est.
1619 1920 1789 1982 sicut
1836 1925 2049 1983 autem
2090 1921 2443 1984 constantia
2480 1939 2598 1984 non
2640 1919 2795 1983 sinit

503 2027 824 2090 homiuem
874 2026 1221 2108 deprauari,
1271 2026 1360 2088 sic
1418 2026 1767 2108 pertinacia
1821 2045 1943 2090 non
2002 2027 2155 2090 sinit
2210 2027 2466 2109 corrigi3
2532 2025 2791 2109 proinde

506 2132 678 2196 sicut
721 2131 832 2194 illa
875 2131 1209 2208 laudanda,
1257 2133 1350 2195 sic
1405 2131 1531 2196 ista
1587 2132 1977 2196 emendanda
2032 2141 2148 2199 est.
2197 2133 2543 2215 presbyter,
2602 2151 2791 2215 quem
2832 2157 2883 2197 ιε,

503 2239 673 2315 misi,
733 2239 976 2320 reliqua
1041 2242 1186 2302 tuae
1251 2239 1620 2321 prudentiae
1685 2239 1935 2320 planius
2000 2240 2336 2304 intimabit.
2409 2239 2789 2304 incolumem

501 2344 880 2428 felicemque
945 2349 1006 2410 te
1073 2346 1170 2409 dei
1237 2345 1670 2410 misericordia
1732 2349 2007 2422 tueatur,
2076 2347 2324 2411 domine
2382 2345 2792 2410 dilectissime

503 2451 854 2533 meritoque
901 2451 1286 2516 honorabilis
1337 2471 1408 2516 ac
1457 2451 1858 2534 suscipiende
1904 2453 2016 2516 fili.

1535 2645 1760 2710 LVIII.

505 2766 795 2820 DOMINO
836 2766 1093 2820 EXIMIO
1133 2767 1222 2820 ET
1261 2765 1535 2820 MERITO
1579 2766 2057 2820 SUSCIPIENDO
2095 2765 2339 2831 ATQUE
2384 2766 2467 2820 IN
2506 2765 2793 2820 CHRISTI
2830 2779 2883 2818 20

507 2853 928 2910 VISCERIBUS
967 2854 1470 2910 DILECTISSIMO
1509 2853 1705 2908 FILIO
1746 2853 2180 2908 PAMMACHIO
2220 2853 2676 2909 AUGUSTINUS
2714 2855 2789 2908 ΙΝ

1305 2943 1600 2998 DOMINO
1643 2943 1996 2998 SALUTEM.

595 3053 775 3116 Bona
842 3071 1032 3134 opera
1108 3056 1216 3116 tua
1283 3053 1520 3117 Christi
1596 3053 1801 3136 gratia
1864 3052 2283 3138 germinantia
2355 3055 2418 3116 te
2482 3051 2664 3116 nobis
2730 3051 2793 3114 in

507 3158 808 3222 membris
884 3157 1017 3222 eius
1093 3158 1526 3223 honorandum
1603 3163 1667 3222 et
1739 3160 1923 3240 plane
1988 3159 2395 3223 notissimum
2462 3155 2797 3221 dilectissi-

583 3349 608 3401 1
653 3363 768 3401 esse
807 3347 983 3403 RVU
1054 3349 1086 3402 8
1127 3365 1306 3402 carum
1343 3365 1446 3406 om.
1495 3349 1544 3402 Τ
1576 3349 1697 3402 edd.
1732 3355 1956 3416 praeter
1973 3366 2025 3402 m
2133 3353 2373 3402 uestrum
2421 3347 2533 3401 VU
2609 3349 2641 3400 9
2671 3363 2795 3400 suos

509 3437 779 3490 uiolentos
817 3435 992 3492 RVU
1126 3438 1191 3491 12
1231 3439 1378 3508 nam]
1415 3456 1538 3492 narn
1577 3443 1633 3492 et
1680 3438 1727 3490 T
1870 3439 2055 3507 etiam]
2096 3442 2151 3492 et
2188 3437 2306 3492 edd.
2440 3438 2505 3489 13
2544 3439 2795 3489 constan-

509 3525 616 3577 tia·
647 3529 720 3590 (m
759 3528 920 3592 erae.)
967 3526 1018 3579 V
1197 3528 1262 3580 15
1303 3533 1385 3580 est
1432 3526 1767 3580 emendanda
1802 3527 1922 3580 edd.
2138 3526 2441 3596 presbyter]
2489 3529 2709 3594 propter
2754 3523 2803 3576 Τ

516 3615 578 3668 16
617 3614 922 3668 incolumen
961 3614 1016 3669 R
1128 3615 1192 3668 18
1231 3615 1568 3683 suspiciende
1608 3615 1789 3670 HRV

831 3721 887 3774 P
939 3747 1003 3767 =
1043 3721 1160 3774 eod.
1198 3723 1500 3775 Parisinus
1535 3739 1664 3774 nou.
1708 3739 1822 3789 aeq.
1863 3724 2015 3774 1443
2052 3736 2095 3773 s,
2134 3721 2375 3774 IX—X.

829 3811 904 3863 M
937 3835 1002 3856 =
1042 3811 1158 3865 cod.
1196 3811 1557 3864 Monacensis
1602 3813 1761 3864 6266
1796 3827 1837 3862 8.
1876 3811 1951 3865 X.

828 3899 889 3953 F
934 3923 1000 3945 =
1041 3899 1156 3954 cod.
1198 3897 1641 3968 Salisburflensis
1678 3899 1739 3952 X
1776 3901 1856 3952 29
1890 3914 1932 3950 8.
1974 3897 2215 3951 X—-XI,

829 3989 884 4040 A
936 4013 1000 4033 =
1040 3988 1156 4040 cod.
1195 3987 1808 4052 Audomaropolitanus
1850 3989 1941 4045 76.
1984 3988 2035 4040 8.
2081 3988 2116 4038 9
2151 4001 2194 4038 e.
2235 3985 2477 4038 X—XI.

829 4075 904 4130 P²
941 4102 1004 4123 =
1045 4077 1162 4131 cod.
1201 4077 1505 4128 Parisinus
1541 4092 1671 4128 nou.
1714 4091 1828 4143 aeq.
1868 4077 2021 4128 1444
2057 4091 2101 4128 8.
2143 4075 2252 4129 XI.

831 4165 886 4220 R
938 4189 1004 4210 =
1044 4164 1160 4218 cod.
1201 4165 1353 4218 Mus.
1389 4165 1536 4217 Brit.
1575 4163 1704 4234 Rey.
1750 4167 1783 4216 5
1820 4163 1879 4217 D
1928 4163 2015 4216 VI
2044 4181 2086 4220 s,
2127 4163 2443 4218 XI—XII.

583 4273 652 4326 20
690 4271 1030 4342 suspiciendo
1069 4271 1192 4324 ΡΡι
1343 4271 1638 4323 uisceribus
1679 4269 1865 4323 christi
1904 4269 1959 4323 R
2084 4271 2151 4323 21
2195 4271 2249 4323 in
2289 4268 2504 4322 domino
2545 4263 2797 4332 salutem]

513 4361 796 4431 episcopus
833 4361 888 4414 P
