3184 4959
428 2111 467 2172 [Ὁ

512 425 641 488 398
1217 419 1269 471 S.
1330 418 1604 472 Aureli
1662 415 2103 486 Augustini

512 621 724 682 centes
804 637 943 682 esse
1016 616 1294 683 fatean'S.
1374 615 1620 700 cogeris
1696 615 1903 678 dicere
1988 613 2272 676 omnium
2355 611 2542 676 malis
2627 609 2814 674 factis

513 724 834 801 obnoxioS,
902 741 1047 788 cum
1114 723 1284 805 apud
1349 742 1465 788 uos
1529 721 1784 806 perditi,
1839 724 1914 785 ut
1967 719 2191 784 mitius
2253 718 2536 796 dixerim,
2591 718 2815 794 latent,

510 851 628 897 uos
678 850 895 896 omnes
944 849 1083 895 esse
1131 830 1433 913 pollutos.
1484 848 1605 893 non
1655 828 1822 893 enim
1871 826 2184 891 neminem
2243 826 2318 890 de
2375 827 2592 890 uestra
2648 841 2814 888 com-

510 937 809 1002 munione
858 936 1099 1020 pellitis
1150 941 1259 1001 aut
1304 939 1457 1000 tunc
1505 935 1782 1018 primum
1828 933 2091 1017 pellitis,
2133 953 2281 998 cum
2317 932 2594 1014 primum
2630 929 2812 1006 illud,

510 1044 677 1110 unde
725 1045 1058 1128 pellendus
1108 1047 1225 1120 est,
1272 1044 1512 1109 fecerit.
1584 1063 1659 1107 an
1719 1062 1840 1106 non
1898 1040 2222 1123 aliquanto
2280 1044 2564 1122 tempore
2619 1038 2816 1101 laten·
2881 1059 2905 1094 ε»

508 1156 641 1216 tem
718 1155 783 1216 et
855 1155 1077 1234 postea
1157 1149 1479 1233 proditum
1565 1149 2057 1230 conuictumque
2144 1146 2498 1210 damnatis?
2582 1162 2813 1227 quaero

510 1259 729 1343 igitur,
801 1261 1015 1323 utrum
1082 1275 1197 1321 uos
1265 1256 1796 1321 contaminauerit
1862 1274 1933 1320 eo
1999 1259 2306 1337 tempore,
2373 1273 2498 1335 quo
2553 1250 2812 1316 latebat.

510 1365 951 1449 respondebis:
1001 1365 1214 1430 ‘Nullo
1264 1363 1493 1428 modo'.
1560 1363 1736 1427 nullo
1795 1382 1942 1447 ergo
2000 1366 2284 1445 tempore
2339 1357 2816 1434 contaminaret,

514 1473 706 1537 etiam
754 1473 807 1536 si
855 1491 1103 1554 semper
1150 1471 1213 1534 id
1257 1471 1511 1542 late1·et;
1562 1490 1708 1534 nam
1757 1473 1820 1534 et
1857 1473 2252 1534 mortuorum
2293 1466 2602 1536 nonnulla,
2627 1482 2814 1545 saepe

514 1578 859 1644 commissa
921 1579 1272 1662 produntur
1326 1597 1439 1642 nec
1494 1577 1702 1642 fraudi
1757 1580 1857 1642 est
1904 1576 2301 1654 Christianis,
2351 1575 2462 1657 qui
2509 1573 2600 1638 eis
2649 1591 2816 1636 com·
2859 1597 2907 1632 ιι»

512 1686 917 1750 municauere
984 1685 1377 1750 uiuentibus.
1454 1703 1565 1749 cur
1631 1703 1778 1768 ergo
1847 1703 1964 1749 uos
2030 1687 2162 1748 tam
2226 1681 2562 1746 temeraria
2625 1683 2814 1761 atque

514 1791 825 1876 sacrilega
890 1791 1307 1875 diremptione
1362 1791 1763 1874 praecidistis
1812 1811 1848 1856 a
1895 1789 2352 1856 communione
2396 1785 2817 1852 innumerabi-

513 1899 673 1963 lium
738 1899 1151 1963 ecclesiarum
1209 1898 1632 1975 orientalium,
1699 1918 1858 1981 quas
1925 1915 2172 1979 semper
2231 1896 2429 1960 latuit
2491 1897 2556 1958 et
2610 1891 2814 1960 adhuc

517 2005 697 2084 latet,
746 2005 917 2087 quod
960 2005 1024 2069 in
1069 2004 1285 2070 Africa
1331 2007 1586 2089 gestum
1636 2023 1776 2068 esse
1827 2007 1938 2068 aut
1983 2003 2224 2069 docetis
2273 2005 2385 2067 aut
2429 2000 2712 2086 fingitis?

604 2111 749 2175 Alia
806 2111 973 2176 enim
1032 2111 1319 2194 quaestio
1378 2114 1497 2184 est,
1556 2113 1772 2174 utrum
1819 2109 1934 2174 illa
1979 2127 2129 2174 uera
2176 2108 2426 2188 dicatis,
2475 2125 2634 2189 quae
2680 2105 2816 2190 qui·
2856 2125 2903 2162 ιε·

517 2219 659 2283 dem
722 2237 839 2284 nos
902 2221 1107 2284 multo
1173 2217 1704 2301 probabilioribus
1774 2215 2169 2282 documentis
2234 2215 2400 2281 salsa
2463 2234 2605 2280 esse
2671 2233 2815 2279 con-

517 2326 836 2391 uincimus
904 2327 969 2388 et
1031 2325 1093 2390 in
1161 2325 1393 2390 uestris
1458 2325 1664 2409 magis
1731 2343 1806 2388 ea
1868 2325 2028 2408 ipsa,
2095 2342 2256 2406 quae
2322 2321 2596 2399 obicitis,
2660 2325 2814 2386 tunc

516 2432 783 2516 probata
828 2432 1243 2499 declaramus,
1292 2431 1405 2496 sed
1450 2431 1627 2510 haec,
1675 2435 1752 2518 ut
1797 2429 1941 2506 dixi,
1991 2430 2116 2495 alia
2161 2428 2450 2514 quaestio
2507 2431 2608 2493 est
2660 2431 2814 2493 tunc

517 2539 937 2624 adgredienda
1011 2543 1077 2615 et
1150 2537 1566 2616 discutienda,
1643 2557 1790 2602 cum
1867 2557 2027 2621 opus
2110 2537 2324 2601 fuerit.
2405 2535 2568 2601 illud
2647 2555 2814 2600 nunc

516 2646 819 2711 adtendat
880 2645 1217 2731 uigilantia
1276 2644 1509 2709 mentis
1574 2649 1724 2708 tuae
1778 2644 2091 2708 neminem
2151 2642 2564 2726 contaminari
2623 2661 2814 2726 posse
2851 2661 2904 2700 20

517 2754 877 2838 ignotorum
949 2752 1311 2838 ignotisque
1388 2749 1780 2816 criminibus,
1865 2751 2030 2814 unde
2114 2750 2522 2814 manifestum
2607 2751 2706 2818 est
2779 2767 2816 2811 a

517 2861 957 2924 communione
1006 2859 1199 2936 orbiS,
1248 2859 1351 2922 cui
1399 2877 1513 2924 seu
1560 2857 1724 2922 falsa
1771 2876 1884 2922 seu
1933 2875 2083 2921 uera
2120 2857 2403 2934 crimina,
2445 2875 2606 2938 quae
2643 2855 2813 2922 Afris

515 2966 866 3044 intenditis,
942 2985 1199 3048 prorsus
1276 2965 1493 3049 ignota
1568 2967 1717 3029 sunt
1791 2966 1855 3029 et
1926 2963 2144 3050 ignota
2217 2982 2465 3048 semper
2535 2961 2813 3038 fuerunt,

517 3072 827 3156 sacrilego
896 3072 1239 3136 schismate
1304 3091 1423 3137 uos
1480 3091 1620 3136 esse
1678 3074 2024 3153 separatos,
2092 3089 2480 3154 quamquam
2535 3074 2600 3134 et
2653 3069 2812 3140 illud

515 3198 637 3245 non
687 3181 786 3243 est
830 3178 1170 3243 tacendum
1220 3178 1409 3243 etiam
1459 3178 1750 3262 cognitos
1797 3179 2000 3242 malos
2047 3177 2230 3243 bonis
2287 3197 2410 3242 non
2468 3177 2692 3242 obesse
2748 3178 2812 3240 in
2849 3189 2901 3228 ²⁵

518 3285 808 3353 ecclesia.
868 3285 921 3349 si
980 3305 1087 3350 eos
1144 3305 1181 3350 a
1242 3286 1682 3350 communione
1739 3284 2109 3369 prohibendi
2158 3290 2267 3350 aut
2311 3287 2598 3368 potestas
2647 3283 2816 3348 desit

517 3395 629 3456 aut
674 3392 885 3474 aliqua
930 3392 1089 3457 ratio
1140 3390 1604 3457 conseruandae
1649 3393 1825 3476 pacis
1883 3391 2208 3474 impediat.
2272 3392 2382 3475 qui
2429 3395 2580 3456 sunt
2625 3391 2810 3466 enim,

590 3707 618 3759 7
656 3722 757 3759 nos
793 3705 848 3761 R
983 3707 1017 3759 8
1053 3707 1454 3778 respondebitis
1493 3709 1547 3762 A
1583 3706 1936 3776 respondebit
1971 3706 2027 3760 R
2172 3708 2205 3760 9
2245 3707 2299 3760 id
2335 3707 2397 3760 in
2433 3721 2547 3762 rae.
2589 3724 2656 3760 m.
2678 3711 2708 3760 1
2743 3706 2818 3759 M

521 3795 586 3848 10
624 3795 913 3848 cummissa
948 3795 1057 3849 ΓΑ
1239 3812 1659 3862 commucauere,
1693 3812 1762 3849 m.
1787 3797 1826 3848 2
1863 3797 2321 3850 communicauere
2358 3797 2414 3849 P
2593 3796 2654 3851 11
2697 3797 2812 3865 cur]

517 3900 635 3936 cum
671 3884 726 3936 P
873 3886 938 3939 12
976 3885 1280 3955 direptione
1318 3885 1373 3954 (p
1414 3901 1481 3938 ex
1517 3901 1653 3938 corr.
1691 3901 1759 3938 m.
1784 3889 1841 3952 2)
1883 3883 1956 3938 M
1989 3884 2294 3954 direptione
2333 3889 2384 3940 A
2545 3885 2813 3956 praecidi·

516 3972 587 4025 tis
624 3971 679 4024 P
788 3974 852 4027 15
892 3975 1031 4027 0111111
1072 3991 1173 4028 om.
1214 3975 1265 4026 A
1392 3973 1458 4027 16
1496 3989 1612 4036 1103,
1651 3989 1787 4026 corr.
1827 3989 1895 4027 m.
1933 3981 1997 4028 ut
2033 3973 2148 4026 uid.
2189 3977 2218 4026 1
2254 3991 2352 4028 nos
2388 3973 2450 4028 F
2590 3974 2813 4028 conuin-

516 4061 704 4128 cimur,
741 4079 810 4117 m.
832 4065 871 4117 2
910 4063 1277 4117 conuincimus
1314 4062 1371 4117 R
1491 4063 1561 4118 20
1601 4063 1982 4127 contaminare,
2021 4079 2158 4116 corr.
2197 4079 2264 4117 m.
2286 4067 2317 4115 1
2353 4063 2709 4117 contaminari
2745 4062 2822 4116 M

515 4149 579 4202 21
624 4163 725 4218 que
766 4167 943 4205 om.m
1048 4152 1118 4206 24
1155 4155 1373 4221 paratos
1412 4151 1473 4205 F
1574 4152 1644 4204 27
1683 4155 1778 4205 aut
1813 4169 1880 4206 ex
1916 4167 2054 4206 eor-r.
2093 4169 2159 4204 m.
2183 4155 2248 4218 2;
2273 4151 2457 4218 fuisse
2490 4151 2610 4206 uid.
2649 4154 2711 4204 ut
2747 4151 2820 4206 M

516 4243 579 4291 ut
615 4237 675 4292 F
848 4239 1063 4309 aliaque
1102 4239 1160 4292 F
1340 4239 1593 4309 impedia‚
1635 4257 1771 4295 corr.
1811 4259 1862 4295 m
1903 4245 1934 4294 1
1969 4239 2234 4310 impediat
2268 4241 2324 4293 P
2511 4241 2652 4294 enim
2691 4233 2814 4302 om.)

517 4332 635 4380 m.1
674 4327 804 4382 cedd.
846 4329 900 4381 P
