3184 4959
502 437 633 499 554
1245 433 1297 488 S.
1354 433 1631 488 Aureli
1687 434 2119 504 Augustini

499 631 565 690 et
612 629 777 706 ante,
836 647 1025 710 quam
1071 630 1447 712 propagaret
1490 629 1922 694 Hebraeorum
1969 631 2242 714 gentem,
2297 647 2410 710 per
2455 647 2648 711 quam
2694 627 2798 693 sui

500 733 814 799 aduentus
869 733 1446 800 manifestationem
1504 735 1802 820 congruis
1859 735 2269 800 sacramentis
2324 735 2797 819 praefiguraret,

500 843 567 904 et
622 841 784 924 ipsis
849 841 1243 923 temporibus
1298 842 1682 906 Israhelitici
1743 843 1920 926 regni
1987 845 2053 907 et
2118 840 2364 921 deinde,
2415 860 2562 908 cum
2607 861 2676 906 se
2731 842 2796 906 in

498 965 682 1011 carne
730 947 807 1012 de
862 949 1111 1032 uirgine
1166 949 1427 1031 accepta
1480 947 1858 1013 mortalibus
1912 949 2268 1014 mortaliter
2313 949 2795 1026 demonstrauit,

499 1056 565 1118 et
620 1052 917 1138 deinceps
972 1073 1178 1138 usque
1234 1073 1421 1132 nunc,
1490 1072 1636 1120 cum
1691 1055 1922 1138 implet
1977 1055 2208 1133 omnia,
2273 1075 2434 1139 quae
2490 1075 2602 1140 per
2654 1075 2794 1139 pro·
2859 1079 2886 1120 ⁵

496 1159 722 1242 phetas
778 1164 921 1226 ante
976 1160 1304 1244 praedixit,
1364 1165 1429 1226 et
1473 1162 1698 1227 abhinc
1755 1181 1957 1245 usque
2002 1163 2066 1226 in
2112 1161 2304 1228 finem
2351 1163 2612 1240 saeculi,
2668 1181 2792 1245 quo

498 1270 754 1333 sanctos
801 1267 878 1332 ab
925 1267 1141 1350 impiis
1189 1268 1621 1352 dirempturus
1668 1272 1768 1334 est
1811 1273 1877 1333 et
1913 1289 2031 1334 sua
2067 1270 2299 1352 cuique
2342 1270 2792 1347 retributurus

494 1372 665 1438 idem
728 1373 869 1455 ipse
924 1379 1025 1440 est
1086 1375 1257 1440 filius
1314 1377 1414 1440 dei
1476 1375 1642 1458 patri
1698 1379 2069 1442 coaeternus
2127 1380 2193 1442 et
2246 1377 2792 1444 incommutabilis

496 1479 827 1562 sapientia,
874 1499 987 1564 per
1024 1500 1212 1564 quam
1254 1485 1463 1547 creata
1510 1485 1610 1547 est
1653 1483 1954 1548 uniuersa
1997 1486 2224 1548 natura
2269 1486 2334 1548 et
2371 1483 2556 1550 cuius
2600 1485 2795 1568 parti-

496 1585 810 1669 cipatione
858 1589 1062 1652 omnis
1108 1589 1431 1654 rationalis
1480 1591 1690 1654 anima
1733 1590 1808 1654 fit
1851 1589 2056 1656 beata.
2831 1613 2888 1656 ιο

395 1701 474 1765 12
585 1693 807 1776 Itaque
882 1694 959 1759 ab
1034 1675 1283 1761 exordio
1366 1695 1618 1780 generis
1699 1697 1963 1762 humani
2036 1695 2423 1779 quicumque
2502 1697 2569 1761 in
2645 1715 2788 1760 eum

498 1800 897 1865 crediderunt
945 1821 1215 1884 eumque
1262 1806 1611 1887 utcumque
1657 1803 2100 1869 intellexerunt
2146 1807 2211 1867 et
2255 1803 2603 1868 secundum
2651 1802 2788 1867 eius

493 1910 829 1991 praecepta
890 1909 993 1991 pie
1055 1909 1351 1992 iusteque
1415 1911 1725 1988 uixerunt,
1790 1910 2040 1993 quando
2104 1909 2265 1975 libet
2328 1913 2393 1975 et
2453 1908 2567 1974 ubi
2629 1909 2788 1974 libet

494 2010 748 2091 fuerint,
812 2031 926 2095 per
980 2033 1125 2079 eum
1190 2016 1413 2097 procul
1470 2015 1663 2081 dubio
1721 2016 1886 2080 salui
1939 2016 2094 2080 facti
2159 2019 2330 2080 sunt.
2393 2013 2567 2080 sicut
2617 2015 2784 2080 enim

493 2139 609 2185 nos
674 2119 737 2184 in
792 2139 939 2185 eum
996 2122 1313 2186 credimus
1370 2124 1435 2186 et
1487 2122 1657 2205 apud
1717 2125 1956 2204 patrem
2015 2125 2374 2187 manentem
2431 2126 2497 2187 et
2550 2123 2660 2205 qui
2722 2123 2784 2187 in
2825 2147 2884 2187 ιε

494 2245 678 2291 carne
740 2226 869 2292 iam
932 2227 1200 2306 uenerit,
1276 2227 1370 2292 sic
1432 2229 1497 2292 in
1564 2247 1708 2292 eum
1775 2229 2113 2294 credebant
2175 2229 2423 2312 antiqui
2490 2232 2554 2294 et
2618 2229 2788 2312 apud

490 2335 737 2417 patrem
774 2339 1136 2400 manentem
1176 2338 1241 2398 et
1274 2335 1337 2397 in
1379 2351 1563 2399 earne
1602 2338 1966 2401 uenturum.
2011 2353 2149 2415 nec,
2199 2334 2350 2418 quia
2391 2355 2506 2418 pro
2543 2337 2789 2416 tempo-

490 2459 633 2506 rum
686 2441 995 2506 uarietate
1051 2460 1216 2506 nunc
1270 2441 1512 2506 factum
1566 2440 1993 2519 adnuntiatur,
2061 2442 2230 2524 quod
2290 2445 2443 2506 tunc
2497 2441 2788 2506 futurum

490 2547 1068 2630 praenuntiabatur,
1115 2546 1258 2612 ideo
1306 2547 1461 2612 fides
1506 2546 1652 2629 ipsa
1693 2547 1940 2613 uariata
1987 2549 2090 2612 uel
2138 2549 2312 2614 salus
2357 2549 2502 2630 ipsa
2537 2547 2790 2611 diuersa

492 2657 593 2719 est
646 2672 782 2734 nec,
850 2655 999 2736 quia
1050 2673 1177 2719 una
1232 2653 1573 2736 eademque
1637 2673 1737 2719 res
1804 2654 1947 2719 aliis
2013 2658 2202 2737 atque
2258 2655 2402 2720 aliis
2467 2653 2664 2720 sacris
2722 2654 2788 2716 et
2823 2683 2883 2724 ιο

492 2761 903 2826 sacramentis
968 2763 1073 2827 uel
1147 2762 1560 2844 prophetatur
1621 2761 1727 2826 uel
1801 2761 2218 2844 praedicatur,
2290 2762 2434 2827 ideo
2501 2761 2656 2826 alias
2723 2763 2788 2824 et

490 2868 647 2933 alias
711 2887 811 2932 res
876 2868 983 2933 uel
1047 2869 1203 2934 alias
1268 2872 1335 2933 et
1398 2868 1553 2934 alias
1629 2869 1871 2934 salutes
1937 2871 2187 2952 oportet
2246 2868 2554 2953 intellegi.
2633 2867 2788 2950 quid

564 3186 590 3238 1
642 3186 915 3254 progaret,
961 3197 1102 3237 cor-r.
1150 3188 1272 3237 m.1
1314 3186 1645 3252 propagaret
1680 3181 1756 3236 M
1931 3184 1963 3237 3
2010 3182 2181 3253 ipsius
2217 3183 2279 3238 Ε
2489 3199 2547 3237 se
2583 3199 2686 3238 om.
2725 3184 2788 3238 Ε

491 3275 525 3326 4
552 3273 889 3327 'monstrauit
924 3273 985 3326 Ε
1159 3275 1192 3327 5
1228 3271 1470 3342 impleta,
1507 3288 1576 3325 m.
1601 3274 1641 3325 2
1674 3288 1716 3325 8.
1755 3288 1810 3326 u.
1851 3270 1986 3324 add.
2027 3278 2052 3324 s
2096 3270 2149 3325 G-
2289 3271 2586 3342 prophetas
2623 3272 2682 3341 (a
2715 3289 2784 3326 ex

490 3378 629 3417 corr.
666 3379 737 3416 m.
757 3362 818 3430 2)
853 3362 928 3417 M
1071 3363 1104 3417 6
1142 3361 1371 3424 abhunc,
1412 3377 1549 3416 corr.
1590 3361 1789 3415 abhinc
1825 3359 1964 3414 HM
2101 3360 2158 3414 in
2195 3361 2302 3414 fine
2345 3361 2394 3415 0
2427 3360 2496 3415 ad
2533 3361 2694 3415 finem
2729 3377 2784 3414 m

562 3468 695 3521 quo·
723 3451 857 3522 (fuit
891 3455 939 3516 s)
976 3450 1046 3504 H
1220 3452 1250 3504 7
1290 3439 1410 3504 scos
1446 3468 1516 3505 m.
1537 3454 1577 3504 2
1609 3451 1676 3504 in
1708 3465 1821 3504 ‘ra-3.
1867 3449 1919 3504 G
2073 3449 2382 3519 direpturus
2417 3453 2472 3504 A
2625 3451 2783 3503 retri-

487 3540 659 3594 buens
695 3541 750 3593 A
928 3541 962 3594 8
1001 3541 1315 3594 coaeternus
1352 3540 1494 3610 patri
1529 3539 1591 3592 Ε
1766 3540 1800 3593 9
1839 3540 1944 3608 est]
1986 3541 2116 3592 sunt
2150 3537 2211 3592 E
2352 3542 2423 3606 et,
2460 3555 2527 3595 m.
2553 3542 2592 3593 2
2627 3554 2691 3592 ex
2731 3537 2784 3592 G

493 3631 558 3684 10
596 3646 795 3687 omnes.
834 3633 955 3682 m.1
988 3645 1125 3683 corr.
1166 3628 1340 3682 omnis
1376 3627 1439 3682 H
1580 3627 1925 3682 rationabilis
1961 3629 2024 3681 Ε
2162 3629 2237 3682 sit
2262 3628 2319 3681 A
2440 3629 2502 3683 11
2545 3626 2782 3692 exhordi‚

486 3735 554 3774 m.
577 3722 609 3772 1
643 3735 779 3773 corr.
820 3717 1035 3774 exordio
1071 3717 1140 3771 H
1313 3717 1662 3772 crediderunt
1695 3718 1752 3770 in
1791 3732 1911 3770 eum
1955 3715 2003 3770 Ο
2155 3717 2220 3769 13
2261 3718 2348 3787 pie
2387 3720 2445 3772 et
2479 3717 2623 3771 iuste
2660 3715 2781 3770 edd.

558 3807 807 3870 uixerint,
844 3823 911 3860 m.
938 3810 975 3860 3
1010 3806 1261 3860 uixerunt
1302 3805 1350 3860 0
1474 3807 1540 3860 14
1578 3805 1800 3860 fuerunt
1833 3805 1904 3858 H
2041 3806 2119 3860 sic
2156 3807 2217 3860 Ε
2342 3806 2407 3860 15
2444 3806 2500 3859 in
2539 3822 2641 3860 om.
2687 3804 2787 3859 GP

559 3901 617 3951 et
653 3897 1129 3966 qni—manentem
1166 3911 1267 3949 om.
1305 3895 1367 3948 Ε
1506 3895 1600 3964 qui
1637 3895 1718 3964 in]
1763 3911 1796 3964 q
1831 3904 1852 3948 1
1889 3899 1981 3960 (=
2021 3895 2167 3963 quod
2204 3895 2282 3965 in)
2319 3897 2450 3948 ΜΗΘ
2483 3894 2548 3949 in
2581 3911 2694 3948 rae.
2740 3895 2788 3948 0

490 3987 556 4040 16
592 3987 701 4040 iam
742 3986 952 4040 uenerit
986 4003 1055 4038 m.
1078 3989 1119 4039 2
1150 3985 1215 4038 in
1250 4001 1363 4038 ras.
1408 3983 1455 4038 0
1488 3986 1598 4038 iarn
1633 3985 1790 4038 uenit
1823 3983 1892 4038 H
2077 3984 2369 4038 credebant
2405 3984 2460 4037 in
2499 3999 2622 4038 eum
2659 3983 2779 4038 edd.

490 4075 554 4129 18
602 4075 765 4143 nunc]
808 4091 917 4127 non
955 4073 1010 4126 A
1192 4074 1259 4127 19
1304 4073 1793 4142 praenuntiabitur,
1841 4089 1978 4128 corr.
2025 4078 2146 4128 m.1
2191 4073 2679 4142 praenuntiabatur
2713 4071 2786 4126 M

560 4164 703 4216 salus
732 4162 836 4232 ipsi
855 4164 916 4217 Ε
1018 4163 1089 4216 20
1115 4167 1247 4216 ante
1275 4165 1361 4216 est
1384 4179 1452 4215 m.
1471 4178 1614 4217 saec.
1639 4163 1850 4216 XIIII
1873 4161 2003 4216 add.
2033 4179 2140 4215 non
2160 4161 2228 4215 H
2330 4177 2415 4215 res
2445 4161 2568 4216 aliis
2597 4178 2700 4216 om.
2729 4163 2782 4215 A

488 4253 553 4306 21
594 4251 684 4305 uel
720 4251 1066 4321 praedicatur
1100 4255 1197 4306 aut
1233 4251 1592 4322 prophetatur
1627 4251 1747 4305 edd.
1905 4254 1982 4321 et]
2021 4254 2185 4320 atque
2223 4251 2283 4303 E
2315 4251 2433 4307 edd.
2617 4251 2688 4304 22
2727 4255 2785 4304 et

487 4339 621 4394 alias
660 4357 763 4397 om.
802 4342 856 4393 A
893 4343 1059 4409 atque
1096 4340 1231 4395 alias
1267 4341 1386 4394 edd.
1536 4341 1679 4409 quod
1718 4343 1771 4394 A
