3184 4959
345 1113 369 1150 5

318 1645 367 1682 10

317 2707 370 2745 20

317 3243 368 3280 25

315 3773 370 3813 30

1197 466 1725 537 epistularum
1782 465 1918 522 C1v.
2576 472 2705 536 583

409 663 669 739 oblituS,
718 662 870 747 quid
908 662 1026 726 tibi
1063 663 1516 745 rescripserim,
1567 663 1820 727 omnino
1860 661 2018 726 mihi
2056 663 2181 727 alia
2225 664 2413 746 longe
2456 663 2705 728 diuersa

409 771 474 832 et
547 769 886 834 dissimilia
957 767 1286 834 rettulisti.
1363 769 1597 851 quippe
1674 768 1856 851 quasi
1930 769 2318 847 recordatae,
2395 770 2564 852 quod
2638 769 2705 833 in

405 875 640 940 litteris
707 877 866 940 meis
931 875 1140 958 posui,
1207 874 1328 940 hoc
1393 875 1524 938 tuis
1600 873 1949 952 inseruisti,
2017 874 2183 956 quod
2258 874 2508 940 omnino
2583 894 2704 939 non

406 982 614 1064 posui.
680 985 1075 1064 postremum
1151 980 1314 1046 enim
1389 981 1592 1045 fuisse
1657 981 1721 1044 in
1796 981 2030 1046 litteris
2096 981 2255 1046 meis
2332 981 2491 1046 dicis
2564 983 2705 1046 ‘non

410 1092 600 1171 caput
645 1093 756 1153 aut
803 1089 1178 1172 sanguinem
1225 1089 1289 1152 in
1329 1087 1637 1152 ecclesiae
1675 1087 1985 1171 postulari
2023 1088 2329 1167 uindicta,
2369 1087 2481 1152 sed
2516 1089 2705 1152 rebus

408 1195 638 1277 quibus
685 1195 956 1260 maxime
1012 1197 1306 1260 metuunt
1363 1194 1771 1276 spoliandos'.
1830 1195 2051 1258 deinde
2099 1195 2458 1274 ostendenS,
2516 1215 2709 1277 quan·-

403 1306 544 1367 tum
603 1303 688 1367 sit
750 1301 870 1366 hoc
934 1301 1109 1378 mali,
1177 1301 1467 1384 adiungis
1535 1303 1724 1383 atque
1791 1302 2091 1376 contexis,
2158 1300 2282 1365 nisi
2354 1305 2417 1365 te
2493 1301 2703 1384 opinio

403 1408 593 1486 fallit,
650 1407 936 1472 arbitrari
997 1407 1278 1492 ‘grauius
1337 1427 1477 1472 esse
1546 1407 1807 1490 spoliari
1871 1408 2289 1473 facultatibus
2347 1427 2537 1490 quam
2604 1425 2675 1472 oc

405 1515 573 1582 cidi‘.
649 1519 840 1596 atque
925 1516 1000 1579 ut
1081 1515 1362 1596 apertius
1437 1533 1731 1596 exponas,
1809 1515 1882 1578 de
1968 1515 2202 1598 quibus
2286 1513 2702 1579 facultatibus

406 1621 658 1701 dixeriS,
705 1620 955 1705 peragis
995 1624 1184 1703 atque
1225 1621 1403 1685 addis
1453 1641 1552 1685 me
1599 1622 2069 1704 frequentatum
2109 1623 2169 1687 in
2217 1622 2453 1688 litteris
2494 1640 2701 1698 nosse,

404 1728 571 1810 quod
608 1735 798 1792 ‘mors
847 1728 1156 1794 malorum
1197 1728 1478 1792 omnium
1527 1729 1774 1793 auferat
1819 1748 2098 1806 sensum,
2148 1733 2445 1812 egestosa
2490 1731 2702 1792 autem

402 1835 540 1899 uita
594 1837 908 1898 aeternam
965 1834 1172 1916 pariat
1218 1834 1688 1903 calamitatem’.
1748 1836 1970 1900 deinde
2019 1835 2393 1900 conclusisti
2441 1835 2702 1920 grauius

403 1960 545 2005 esse
590 1940 654 2005 in
701 1940 888 2004 malis
937 1941 1157 2005 uiuere
1205 1960 1396 2023 quam
1444 1941 1613 2006 mala
1659 1945 1864 2006 morte
1910 1941 2108 2006 finire.

489 2049 572 2110 Et
627 2066 743 2131 ego
802 2047 1056 2130 quidem
1114 2066 1232 2112 nec
1288 2047 1352 2111 in
1411 2049 1668 2124 nostris,
1736 2048 1817 2112 ad
1865 2067 2021 2130 quas
2081 2067 2181 2112 me
2240 2049 2443 2113 serius
2500 2047 2704 2112 fateor

404 2155 684 2219 animum
741 2154 1150 2236 applicuisse,
1219 2173 1406 2236 quam
1462 2154 1719 2231 uellem,
1789 2173 1902 2218 nec
1955 2155 2020 2218 in
2077 2156 2333 2231 uestris,
2403 2172 2561 2237 quas
2622 2154 2699 2216 ab

403 2263 665 2325 ineunte
729 2264 936 2325 aetate
1004 2260 1217 2335 didici,
1285 2259 1518 2324 litteris
1596 2261 1847 2344 uspiam
1924 2261 2161 2345 legisse
2233 2261 2464 2338 recoIO,
2533 2259 2699 2342 quod

406 2370 702 2450 egestosa
747 2368 883 2432 uita
929 2371 1244 2431 aeternam
1291 2366 1496 2449 pariat
1543 2366 1989 2432 calamitatem.
2046 2387 2191 2432 nam
2236 2385 2351 2431 nec
2396 2384 2699 2448 umquam

403 2478 737 2556 peccatum
795 2478 892 2539 est
955 2475 1274 2539 laboriosa
1337 2477 1675 2556 paupertas
1736 2477 1801 2538 et
1857 2479 1955 2538 est
2012 2475 2335 2556 aliquanta
2384 2473 2699 2537 restrictio

405 2584 470 2645 et
515 2581 856 2646 cohercitio
903 2585 1331 2663 peccatorum.
1383 2599 1454 2644 ac
1503 2600 1615 2663 per
1652 2580 1773 2645 hoc
1813 2600 1937 2646 non
1987 2585 2087 2645 est
2131 2579 2567 2657 metuendum,
2626 2597 2701 2642 ne

407 2688 702 2769 cuiquam
755 2690 906 2768 post
959 2687 1120 2750 hauc
1185 2687 1444 2751 breuem
1512 2687 1714 2752 uitam
1780 2688 1899 2751 hoc
1966 2687 2044 2751 ad
2110 2691 2423 2751 aeternam
2489 2686 2703 2751 ualeat

407 2795 650 2878 animae
700 2793 1148 2868 calamitatem,
1199 2793 1367 2875 quod
1413 2813 1655 2876 pauper
1698 2794 1805 2858 hic
1851 2794 2099 2872 uixerit,
2158 2797 2222 2858 et
2266 2793 2328 2857 in
2376 2795 2494 2857 hac
2540 2793 2701 2875 ipsa,

407 2921 595 2984 quam
651 2901 714 2964 in
769 2899 954 2964 terris
1013 2899 1326 2984 degimus,
1393 2901 1568 2964 nullo
1633 2901 1823 2965 modo
1880 2900 2014 2964 ulla
2070 2901 2396 2964 calamitas
2454 2902 2707 2964 aeterna

407 3027 546 3073 esse
602 3006 859 3090 poterit,
919 3025 1064 3071 cum
1121 3007 1340 3072 eadem
1400 3007 1535 3072 uita
1591 3013 1845 3072 aeterna
1892 3027 2033 3073 esse
2078 3027 2199 3073 non
2254 3008 2483 3090 possit,
2542 3025 2703 3090 quae

405 3135 519 3180 nec
570 3116 796 3179 saltem
840 3114 1137 3179 diuturna
1176 3119 1294 3191 est,
1336 3116 1416 3178 ad
1463 3116 1818 3198 quamlibet
1854 3119 2129 3180 aetatem
2180 3118 2703 3197 senectutemque

407 3222 781 3304 peruenerit.
849 3222 970 3286 hoc
1047 3222 1210 3285 enim
1289 3223 1506 3304 potius
1579 3223 1645 3286 in
1718 3222 1850 3286 illis
1908 3223 2141 3287 litteris
2198 3223 2345 3306 legi,
2408 3220 2703 3302 quoniam

405 3329 540 3393 uita
583 3327 744 3408 ipsa,
794 3346 914 3408 qua
963 3327 1252 3402 fruimur,
1299 3327 1515 3391 breuis
1565 3330 1683 3405 est,
1725 3327 1787 3391 in
1828 3346 1951 3409 qua
1995 3331 2067 3392 tu
2116 3326 2438 3392 arbitraris
2488 3329 2551 3391 et
2584 3326 2704 3390 fre-

405 3437 776 3516 quentatum
824 3433 886 3496 iu
935 3433 1163 3496 litteris
1212 3433 1338 3497 iam
1389 3453 1605 3498 mones
1653 3439 1969 3498 aeternam
2028 3453 2167 3498 esse
2215 3453 2403 3516 posse
2454 3432 2705 3496 calami-

403 3543 629 3611 tatem;
697 3543 967 3604 mortem
1035 3543 1246 3604 autem
1311 3540 1626 3604 malorum
1693 3543 1976 3605 omnium
2043 3559 2181 3605 esse
2236 3541 2423 3604 finem
2473 3540 2709 3604 habent

405 3646 660 3729 quidem
709 3650 960 3710 uestrae
1006 3646 1258 3710 litterae
1307 3646 1420 3711 sed
1456 3666 1568 3710 nec
1608 3648 1784 3729 ipsae
1825 3667 2069 3722 omnes3
2110 3647 2562 3729 Epicureorum
2606 3649 2705 3710 est

406 3754 640 3836 quippe
687 3754 814 3816 ista
862 3754 1174 3817 sententia
1223 3756 1287 3817 et
1335 3755 1388 3816 si
1439 3754 1548 3836 qui
1596 3754 1701 3818 alii
1752 3754 2085 3820 mortalem
2133 3755 2405 3818 animam
2452 3755 2700 3834 putant.

406 3865 472 3924 at
532 3860 650 3938 illi,
710 3879 868 3943 quos
936 3859 1186 3925 Tullius
1253 3861 1433 3942 quasi
1491 3861 1853 3926 consulares
1920 3861 2334 3944 philosophos
2404 3858 2701 3942 appellat,

581 4070 722 4122 4—6
761 4093 830 4114 =
867 4085 919 4137 p.
959 4068 1081 4134 580,
1120 4069 1290 4122 9-11
1479 4068 1619 4122 7-9
1660 4073 1715 4121 et
1756 4069 1965 4122 10—13
2004 4068 2071 4122 cf.
2110 4086 2162 4138 p.
2203 4067 2325 4134 580,
2370 4068 2579 4122 11—16

475 4195 506 4246 5
545 4191 841 4246 uindictam
881 4208 934 4244 m
1047 4192 1112 4244 10
1149 4191 1332 4260 pergis
1367 4207 1468 4244 rm
1582 4193 1645 4245 11
1690 4190 1868 4244 aufert
1914 4189 2095 4245 Ulsr
2208 4192 2271 4246 15
2311 4193 2613 4262 applicasse
2652 4189 2707 4244 U

405 4281 472 4335 18
509 4285 788 4351 peccatum
826 4298 930 4335 om.
975 4280 1090 4335 VU
1118 4282 1201 4353 (in
1237 4297 1411 4350 marg).
1441 4287 1572 4349 post
1613 4285 1695 4334 est
1735 4281 1889 4348 aad.)
1930 4283 2042 4335 lsr
2197 4288 2344 4350 poet.
2386 4286 2469 4336 est
2504 4298 2609 4337 om.
2655 4282 2710 4336 V

404 4377 466 4432 (s.
504 4387 559 4422 u.
602 4370 760 4436 add.)
809 4369 863 4422 U
