3184 4959
1156 481 1682 552 epistularum
1739 481 1898 536 XCV.
2298 531 2308 541 ,
2550 487 2680 550 513

381 682 469 755 ut,
536 677 705 759 quod
768 675 1135 742 hominibus
1192 679 1642 759 apparuerunt,
1706 695 1826 741 non
1885 676 1964 741 ad
2029 676 2376 742 falsitatem
2431 677 2546 743 sed
2602 679 2682 744 ad

374 784 551 848 illam
598 785 984 866 potestatem
1026 801 1097 848 ac
1143 782 1518 848 facilitatem
1558 783 1943 866 spiritalium
1983 802 2316 868 corporum
2351 785 2678 850 referatur.

376 891 491 956 sed
538 890 677 954 siue
732 890 1008 955 habeant
1053 891 1263 974 angeli
1328 908 1592 972 corpora
1647 890 1784 955 siue
1833 890 2170 973 quisquam
2215 891 2428 973 possit
2473 895 2682 956 osten-

375 997 543 1072 dere,
592 1016 779 1078 quem
818 995 898 1061 ad
943 996 1203 1060 modum
1244 1015 1506 1078 corpora
1542 1015 1666 1062 non
1712 997 2018 1062 habentes
2067 1016 2284 1081 gerere
2321 997 2434 1062 illa
2471 999 2682 1063 omnia

314 1125 337 1164 5
374 1103 717 1187 potuerint,
786 1103 848 1166 in
914 1103 1027 1166 illa
1090 1106 1301 1168 tamen
1368 1103 1630 1168 ciuitate
1697 1106 2081 1182 sanctorum,
2149 1103 2261 1168 ubi
2316 1103 2506 1168 etiam
2571 1123 2682 1188 per

378 1209 699 1274 Christum
777 1209 1093 1294 redempti
1170 1229 1207 1273 a
1281 1211 1816 1294 generatione
1891 1209 2036 1274 hac
2108 1211 2184 1274 in
2262 1215 2676 1276 aeternum

375 1315 839 1399 coniungentur
876 1315 1135 1380 milibus
1175 1315 1562 1400 angelorum,
1603 1334 1796 1380 uoces
1837 1316 2190 1399 corporales
2231 1336 2352 1382 non
2400 1317 2676 1382 latentes

376 1422 620 1486 animos
685 1421 1074 1499 indicabunt,
1144 1421 1292 1504 quia
1355 1421 1415 1485 in
1480 1422 1593 1486 illa
1657 1422 1962 1486 societate
2019 1421 2236 1487 diuina
2289 1423 2450 1488 nihil
2506 1424 2678 1507 cogi-

374 1528 637 1596 tationis
694 1530 975 1612 proximo
1032 1530 1271 1612 poterit
1326 1529 1654 1604 occultari,
1711 1528 1822 1592 sed
1879 1528 1998 1593 erit
2055 1547 2407 1594 consonans
2465 1529 2528 1594 in
2576 1530 2676 1595 dei

292 1651 338 1690 ιο
374 1634 561 1699 laude
636 1635 969 1700 concordia
1040 1652 1162 1699 non
1249 1635 1459 1700 solum
1534 1633 1764 1719 spiritu
1837 1654 2061 1700 uerum
2138 1636 2332 1700 etiam
2405 1635 2677 1721 spiritali

375 1759 630 1823 corpore
678 1727 991 1824 expressa.

205 1845 239 1907 9
460 1849 600 1915 Hoc
648 1848 807 1912 mihi
850 1848 1103 1914 interim
1149 1848 1427 1914 uidetur.
1476 1849 1531 1912 si
1572 1849 1725 1932 quid
1767 1849 2218 1932 congruentius
2266 1849 2522 1914 ueritati
2569 1851 2677 1916 uel

374 1954 499 2018 iam
566 1957 742 2019 tenes
809 1955 917 2020 uel
982 1974 1017 2018 a
1074 1953 1465 2020 doctioribus
1532 1954 1748 2020 audire
1813 1955 2120 2038 potueris,
2185 1974 2299 2040 per
2360 1956 2424 2020 te
2487 1974 2677 2022 nosse

375 2060 847 2126 studiosissime
924 2065 1203 2145 expecto.
1286 2080 1543 2127 recense
1617 2079 1766 2128 sane
1843 2060 2183 2144 epistulam
2256 2080 2486 2140 meam,
2573 2062 2679 2127 eui

288 2183 337 2222 1⁵
375 2167 673 2250 quoniam
719 2167 1243 2234 festinantissime
1291 2171 1355 2232 te
1402 2169 1806 2252 respondisse
1856 2168 1932 2232 de
1980 2167 2227 2232 diaconi
2272 2167 2677 2233 festinatione

376 2277 674 2339 causatus
744 2293 831 2350 esi,
906 2274 1049 2338 ideo
1126 2293 1247 2339 non
1316 2293 1683 2357 conqueror,
1761 2272 1873 2340 sed
1946 2273 2161 2356 potius
2229 2291 2674 2354 commemoro,

375 2385 465 2458 ut,
516 2380 687 2462 quod
732 2383 884 2445 tunc
934 2381 1245 2447 omissum
1294 2383 1414 2458 est,
1462 2399 1626 2445 nunc
1670 2379 1989 2445 reddatur.
2039 2384 2104 2445 et
2150 2379 2227 2444 de
2273 2380 2402 2444 otio
2445 2379 2676 2465 quippe

376 2486 731 2552 Christiano
826 2486 903 2552 ad
994 2487 1461 2571 percipiendam
1542 2487 1649 2552 uel
1733 2486 2164 2552 disserendam
2251 2485 2675 2552 Christianam

374 2594 751 2675 sapientiam
800 2593 952 2676 quid
1000 2594 1236 2658 sentias
1285 2598 1349 2658 et
1394 2593 1471 2658 de
1520 2593 1671 2670 oti0‚
1721 2592 1890 2676 quod
1933 2592 2260 2677 putabam,
2307 2595 2443 2669 tu0‚
2491 2592 2675 2657 cuius

283 2719 337 2758 20
374 2699 532 2763 mihi
580 2700 1025 2784 occupationes
1072 2700 1477 2766 incredibiles
1524 2700 1849 2764 nuntiatae
1900 2703 2069 2777 sunt,
2108 2699 2356 2782 require
2395 2701 2460 2764 et
2502 2697 2674 2776 uide,

375 2805 528 2890 quid
576 2825 611 2869 a
658 2809 721 2870 te
770 2806 931 2870 scire
980 2807 1378 2888 quaesierim.

465 2907 569 2998 [Et
607 2913 731 2978 alia
776 2909 1019 3000 manuz]
1070 2913 1385 2978 Memores
1424 2911 1625 2977 nostri
1669 2911 1886 2977 felices
1926 2913 2129 2977 uiuite
2167 2929 2400 2997 magna
2443 2911 2678 2997 gaudia

375 3022 439 3083 et
486 3019 715 3084 solatia
760 3024 992 3098 nostra,
1042 3020 1244 3084 sancti
1292 3019 1413 3084 dei.

553 3211 585 3264 6
622 3211 711 3266 Pe.
756 3211 841 3278 11,
879 3212 938 3274 8;
978 3209 1141 3264 Hebr.
1187 3211 1269 3276 12,
1309 3211 1378 3264 22

449 3333 473 3386 1
517 3334 830 3402 apparuerit
876 3333 987 3386 VU
1021 3333 1141 3389 edd.
1252 3335 1286 3388 4
1325 3335 1505 3388 omnia
1540 3333 1638 3388 illa
1683 3333 1738 3387 U
1842 3335 1910 3388 10
1949 3333 2210 3404 spiritalis
2247 3334 2304 3386 P
2412 3335 2478 3388 12
2516 3334 2673 3388 uide-

371 3423 476 3474 tur.
515 3419 732 3475 ‚interim
781 3421 893 3476 VU
926 3422 1045 3476 edd.
1161 3423 1226 3477 13
1265 3421 1578 3477 doctoribus
1618 3422 1673 3476 P
1705 3423 1898 3494 Miyne
2005 3423 2074 3477 22
2115 3423 2298 3478 uiuete
2335 3423 2392 3476 P

424 4514 658 4568 xxxnn,
688 4515 806 4566 Aug.
837 4521 946 4557 sect.
968 4517 1013 4556 11
1034 4525 1139 4566 pars
1159 4517 1201 4556 2.
2523 4493 2595 4550 33
