3184 4959
181 1398 266 1461 30

272 1632 323 1671 10

275 2164 325 2202 15

274 2697 328 2736 20

1090 456 1622 525 epistularum
1672 455 1917 511 CXVIII.
2520 464 2647 527 693

357 650 522 714 enim
563 669 681 735 ego
720 650 914 715 talem
955 651 1234 714 animum
1286 652 1488 716 sentio
1539 688 1625 697 --
1674 654 1803 728 aut,
1854 651 1908 715 si
1947 650 2383 736 incorporeum
2424 655 2655 720 Demo-

358 756 554 821 critus
615 758 894 822 animum
945 758 1280 833 existimat,
1337 758 1651 842 Epicurus
1702 758 1954 842 quidem
2014 760 2192 825 solus
2247 760 2373 825 ista
2415 760 2656 825 ratione

357 864 571 948 urgeri
627 868 868 947 potest3
928 864 1037 929 sed
1087 866 1276 929 etiam
1334 866 1444 929 ille
1493 886 1684 948 quare
1740 885 1863 929 non
1910 866 2077 930 uidit
2130 886 2251 931 non
2302 886 2461 949 opus
2513 886 2653 932 esse

361 990 472 1035 nec
519 970 655 1034 fieri
700 990 909 1053 posse,
959 976 1032 1035 ut
1076 972 1484 1054 incorporeus
1526 973 1774 1036 animus
1815 972 2091 1037 aduentu
2132 976 2319 1056 atque
2360 977 2654 1039 contactu

361 1095 794 1159 corporearum
842 1078 1192 1161 imaginum
1235 1079 1514 1163 cogitet?
1564 1080 1641 1143 de
1688 1080 1836 1143 uisu
1879 1082 2044 1143 certe
2094 1081 2422 1145 oculorum
2472 1081 2653 1145 ambo

357 1183 592 1267 pariter
653 1184 1148 1269 redarguuntur3
1215 1188 1346 1249 tam
1406 1186 1570 1249 enim
1636 1186 1863 1251 breues
1921 1187 2139 1251 oculos
2203 1191 2334 1250 tam
2401 1187 2659 1271 grandia

359 1292 708 1377 imaginum
757 1310 1018 1373 corpora
1063 1295 1201 1356 tota
1248 1292 1570 1377 adtingere
1618 1292 1794 1357 nullo
1843 1292 2029 1358 modo
2078 1297 2369 1377 possunt.

449 1398 606 1464 Cum
676 1403 888 1463 autem
945 1399 1266 1481 quaeritur
1329 1398 1407 1463 ab
1465 1400 1576 1475 eiS,
1646 1418 1835 1481 quare
1902 1420 2027 1464 una
2088 1402 2298 1485 imago
2363 1402 2659 1467 uideatur

361 1506 638 1588 corporis
671 1506 962 1584 alicuius,
1005 1524 1040 1569 a
1071 1526 1195 1589 quo
1225 1506 1773 1572 innumerabiliter
1800 1506 2108 1591 imagines
2140 1508 2363 1585 fluunt,
2403 1527 2657 1590 respon·

361 1610 508 1675 dent
571 1632 642 1677 eo
715 1614 877 1696 ipso,
935 1632 1058 1697 quo
1113 1614 1471 1697 frequenter
1523 1614 1731 1679 fluunt
1804 1617 1868 1678 et
1932 1617 2264 1680 transeunt
2323 1614 2657 1699 imagineS,

364 1720 540 1799 quasi
601 1720 870 1800 quadam
927 1740 1142 1785 earum
1201 1721 1661 1802 constipatione
1730 1725 1795 1787 et
1858 1722 2169 1787 densitate
2234 1722 2389 1789 fieri.
2456 1725 2531 1785 ut
2587 1740 2658 1785 ex

363 1826 585 1889 multis
644 1845 768 1890 una
830 1826 1141 1891 uideatur.
1212 1847 1397 1910 quam
1453 1828 1803 1893 uanitatem
1854 1828 2072 1893 Cicero
2131 1829 2223 1892 ita
2275 1828 2529 1893 refellit.
2584 1830 2659 1893 ut

364 1952 438 1995 eo
493 1933 632 2015 ipso
689 1938 879 2015 neget
933 1939 1255 1997 aeternum
1306 1934 1494 1998 deum
1543 1954 1762 2000 eorum
1818 1953 2006 2017 posse
2055 1936 2338 2019 cogitari,
2388 1954 2511 2017 quo
2567 1934 2659 1998 in-

363 2040 836 2104 numerabiliter
896 2040 1239 2105 fluentibus
1308 2045 1372 2105 et
1435 2041 1795 2106 labentibus
1870 2042 2253 2125 imaginibus
2322 2042 2655 2126 cogitatur.

364 2149 428 2210 et
491 2147 784 2229 quoniam
850 2148 1428 2213 innumerabilitate
1497 2152 1851 2213 atomorum
1928 2149 2375 2231 suppeditante
2442 2148 2663 2213 dicunt

363 2252 494 2317 fieri
550 2254 786 2317 formas
837 2254 1095 2318 deorum
1154 2255 1591 2337 sempiternae,
1645 2275 1787 2319 cum
1836 2256 1927 2319 ita
1972 2255 2307 2320 discedunt
2352 2256 2658 2338 quaedam

365 2361 739 2443 corpuscula
795 2360 870 2425 de
929 2360 1142 2426 diuino
1202 2380 1480 2443 corpore,
1548 2364 1624 2425 ut
1689 2362 1815 2426 alia
1869 2363 2213 2426 succedant
2270 2366 2333 2425 et
2392 2362 2659 2426 dissolui

362 2467 536 2531 illam
602 2470 890 2531 naturam
958 2468 1174 2531 eadem
1247 2468 1651 2533 successione
1716 2488 1837 2533 non
1916 2468 2143 2546 sinant,
2212 2469 2421 2533 omnia
2485 2487 2655 2551 ergo,

361 2575 590 2657 inquit,
650 2577 900 2638 aeterna
954 2579 1189 2654 essent,
1249 2576 1398 2659 quia
1471 2576 1630 2640 nulli
1698 2576 1881 2639 deest
1934 2576 2060 2639 ista
2113 2574 2667 2639 innumerabilitas·

365 2684 738 2757 atomorum,
807 2700 966 2763 quae
1029 2687 1366 2765 perpetuas
1433 2683 1646 2747 ruinas
1713 2682 1979 2746 subinde
2046 2682 2357 2765 suppleat.
2437 2681 2660 2745 deinde

364 2790 507 2869 ‘quo
558 2788 744 2853 modo
793 2808 913 2853 non
962 2794 1258 2853 uersatur
1303 2790 1426 2854 iste
1467 2789 1645 2866 deuS,
1694 2808 1771 2853 ne
1818 2790 2103 2865 intereat,
2154 2808 2297 2853 cum
2348 2789 2482 2852 sine
2529 2788 2663 2851 ulla

363 2893 830 2959 intermissione
887 2896 1179 2977 pulsetur
1225 2896 1628 2980 agiteturque
1676 2898 2029 2960 atomorum
2085 2894 2443 2960 incursione
2499 2914 2662 2958 sem-

363 3001 672 3081 piternaP’
733 3002 974 3083 pulsari
1042 3004 1207 3066 enim
1276 3002 1435 3067 dicit
1496 3002 1657 3067 illud
1716 3021 1965 3085 coi-pue,
2033 3002 2201 3084 quod
2264 3000 2659 3065 inruentibus

365 3108 591 3171 atomis
647 3108 926 3185 feriatur,
988 3111 1052 3171 et
1107 3109 1354 3193 agitari,
1415 3108 1584 3191 quod
1636 3112 2019 3192 penetretur.
2083 3108 2307 3172 deinde
2363 3110 2528 3172 ‘curn
2587 3126 2659 3170 ex

276 3226 300 3263 Ξ
363 3212 500 3295 ipso
555 3213 905 3297 imagines’,
964 3214 1041 3279 de
1090 3216 1323 3297 quibus
1379 3215 1504 3279 iam
1563 3215 1720 3281 satis
1769 3216 2013 3279 dictum
2062 3217 2179 3293 est,
2228 3217 2499 3297 ‘semper
2556 3213 2659 3277 ad-

362 3319 600 3397 fluant‘,
649 3341 772 3403 quo
821 3322 1006 3386 modo
1057 3326 1271 3404 potest
1319 3322 1394 3387 de
1439 3323 1895 3387 inmortalitate
1944 3322 2297 3387 confidere?

546 3512 610 3563 12
641 3510 706 3564 cf.
731 3510 838 3565 Cic.
863 3511 928 3565 de
949 3514 1061 3565 nat.
1085 3511 1136 3566 d.
1156 3512 1184 3565 I
1206 3514 1290 3576 39,
1319 3514 1444 3577 109;
1476 3514 1562 3577 37,
1587 3513 1689 3567 105
1793 3515 1856 3567 21
1884 3513 1949 3567 cf.
1974 3512 2084 3568 Cic.
2111 3512 2175 3565 de
2196 3517 2307 3567 nat.
2332 3512 2381 3566 d.
2404 3512 2536 3575 141,
2562 3512 2663 3565 114

439 3655 462 3705 1
503 3651 902 3722 incorporeum]
939 3654 1217 3722 incorpore
1257 3653 1398 3707 unde
1435 3654 1490 3705 P
1650 3656 1683 3707 2
1722 3653 2068 3708 existimabat
2103 3652 2159 3706 R
2301 3655 2336 3706 4
2375 3655 2659 3712 conuentu,

361 3756 414 3793 m
455 3744 479 3792 1
513 3756 689 3809 sec-pra
724 3740 752 3793 1
787 3741 1028 3795 aduentu
1065 3742 1120 3795 R
1265 3745 1536 3807 contactu,
1577 3760 1643 3797 m.
1668 3747 1695 3795 1.
1730 3758 1906 3810 supra
1939 3742 1967 3794 l‘
2004 3746 2285 3795 contractu
2322 3744 2376 3797 R
2499 3744 2530 3793 5
2571 3740 2658 3809 de]

363 3834 419 3881 et
457 3828 521 3882 de
557 3829 614 3884 R
722 3833 756 3883 6
792 3833 907 3883 tam
947 3831 1113 3901 enim]
1155 3835 1338 3884 tamen
1375 3832 1427 3883 in
1455 3831 1697 3885 MAPV
1730 3840 1795 3884 cu
1837 3836 1887 3892 (c
1913 3832 2163 3899 fortasse
2191 3847 2257 3885 ex
2283 3834 2331 3893 t;
2366 3849 2399 3884 u
2430 3847 2496 3884 ex
2522 3834 2659 3893 ras.)

363 3918 416 3971 in
454 3917 526 3970 P1
641 3921 670 3972 7
711 3922 832 3973 tota-
870 3936 1091 3989 corpora
1125 3920 1181 3974 R
1325 3924 1516 3973 stota
1555 3920 1757 3987 (tui-sse
1793 3921 1908 3975 uid.
1946 3924 2115 3977 mota)
2153 3919 2229 3972 Ρι
2364 3920 2397 3971 8
2437 3936 2660 3988 quaera-

359 4012 450 4062 tur
485 4009 540 4062 P
751 4009 1006 4064 uideatur
1043 4028 1148 4063 una
1183 4012 1364 4080 imago
1402 4010 1458 4063 R
1660 4011 1726 4064 12
1764 4012 2049 4073 unitatem,
2088 4027 2155 4062 m.
2181 4014 2220 4063 2
2255 4010 2555 4063 uanitatem
2594 4008 2667 4060 M

365 4100 428 4151 16
468 4099 566 4169 ita]
607 4100 687 4153 ita.
722 4100 894 4168 igitur
929 4100 985 4154 R
1130 4099 1412 4153 discedant
1451 4118 1502 4154 m
1688 4100 1753 4153 18
1792 4101 1991 4161 sinunt,
2034 4115 2170 4153 corr.
2210 4103 2330 4152 m.1
2366 4098 2551 4151 sinant
2585 4096 2659 4149 P¹

369 4188 434 4241 19
474 4188 650 4258 deest]
703 4188 906 4251 deesse,
943 4192 1076 4244 m.2
1113 4188 1330 4242 deesset
1363 4188 1420 4242 R
1636 4190 1701 4243 21
1744 4205 1851 4241 non
1891 4189 2203 4241 inueniatur
2241 4190 2294 4241 A
2512 4184 2659 4247 deus,

365 4294 432 4329 m.
456 4280 487 4329 1
522 4294 698 4345 supra
733 4278 760 4331 1
797 4278 928 4331 deos
963 4278 1020 4333 R
1201 4280 1268 4332 23
1307 4278 1484 4347 pulari
1533 4278 1586 4329 V
1764 4279 1833 4331 24
1871 4278 2124 4339 fereatur,
2164 4294 2230 4330 m.
2252 4280 2290 4331 2
2326 4276 2555 4330 feriatur
2592 4274 2664 4327 M

365 4368 430 4420 25
471 4366 674 4421 afluent
709 4366 784 4421 M
817 4366 1044 4421 affluent
1079 4367 1132 4419 A
1171 4366 1396 4420 effluant
1433 4364 1573 4419 P¹V
1674 4366 1743 4421 26
1783 4364 2073 4435 confidere]
2117 4382 2231 4419 esse
2272 4382 2491 4419 securus
2529 4362 2669 4416 P¹V
