3184 4959
319 1621 367 1660 10

315 2154 366 2192 15

313 3221 368 3261 25

1161 443 1691 511 epistularum
1746 440 1935 494 LXIV.
2564 444 2687 508 231

401 635 577 718 prius
625 636 823 700 nolite
860 635 923 698 in
965 635 1328 699 scandalum
1367 635 1622 699 mittere
1662 636 1999 701 ecclesiam
2033 636 2299 720 legendo
2339 637 2401 700 in
2440 636 2693 720 populis

406 743 772 825 scripturam
838 760 996 824 quas
1063 761 1260 807 canon
1328 743 1802 808 ecclesiasticus
1856 761 1979 807 non
2034 744 2301 826 recepit:
2370 743 2470 807 his
2527 742 2692 806 enim

403 848 702 913 haeretici
751 853 812 913 et
867 849 1136 914 maxime
1183 849 1536 914 Manichaei
1593 850 1803 914 solent
1846 849 2147 933 inperitae
2212 853 2455 914 mentes
2521 868 2693 914 euer-

405 959 556 1030 tere,
606 976 766 1038 quos
811 956 876 1020 in
925 975 1144 1041 campo
1197 961 1408 1022 uestro
1456 956 1728 1021 libenter
1772 957 2021 1021 latitare
2060 956 2267 1024 audio,
2317 957 2508 1020 miror
2546 974 2692 1040 ergo

403 1062 799 1145 prudentiam
847 1065 1048 1140 tuam,
1095 1063 1264 1146 quod
1309 1083 1410 1128 me
1457 1063 1879 1140 admonueris,
1926 1066 2001 1128 ut
2042 1063 2291 1128 iubeam
2341 1082 2461 1127 non
2500 1062 2696 1145 recipi

406 1187 534 1246 eoS,
604 1168 712 1250 qui
771 1168 848 1232 ad
904 1189 1020 1234 nos
1079 1187 1114 1232 a
1169 1168 1353 1234 uobis
1412 1169 1488 1232 ad
1543 1169 1996 1233 monasterium
2052 1167 2336 1246 ueniunt,
2384 1170 2476 1247 ut,
2525 1169 2695 1251 quod

407 1279 718 1340 statutum
796 1279 894 1340 est
960 1295 996 1339 a
1058 1275 1238 1341 nobis
1311 1276 1376 1340 in
1451 1275 1742 1352 concilio,
1814 1279 2228 1358 permaneret,
2308 1279 2375 1340 et
2433 1278 2505 1340 tu
2570 1295 2693 1339 non

404 1380 768 1445 memineris
824 1381 888 1444 in
945 1382 1210 1446 coneilio
1267 1381 1658 1460 institutum,
1716 1401 1877 1464 quae
1934 1382 2066 1446 sint
2118 1382 2467 1464 scripturae
2516 1401 2695 1446 eano-

402 1489 600 1564 nicae,
651 1506 809 1569 quae
855 1488 918 1551 in
957 1489 1192 1571 populo
1232 1489 1330 1553 dei
1367 1489 1496 1571 legi
1537 1489 1822 1554 debeant.
1874 1507 2127 1554 recense
2166 1507 2313 1572 ergo
2354 1488 2691 1552 concilium

407 1599 472 1658 et
517 1595 743 1673 omnia,
793 1613 953 1677 quae
998 1595 1088 1658 ibi
1131 1595 1382 1679 legeriS,
1431 1595 1807 1660 commenda
1849 1595 2217 1676 memoriae3
2269 1597 2333 1658 et
2370 1594 2466 1658 'ibi
2504 1593 2690 1658 etiam

404 1701 687 1765 inuenies
737 1701 812 1764 de
861 1701 1016 1766 solis
1065 1701 1310 1766 clericis
1355 1701 1555 1767 fuisse
1602 1705 1940 1779 statutum,
1986 1721 2106 1766 non
2148 1702 2337 1765 etiam
2378 1699 2455 1764 de
2491 1699 2695 1776 laicis,

406 1809 479 1870 ut
539 1806 982 1890 undecumque
1047 1809 1374 1873 uenientes
1439 1828 1558 1872 non
1624 1809 2009 1890 recipiantur
2080 1809 2143 1872 in
2217 1807 2693 1884 monasterium,

405 1934 529 1979 non
576 1916 726 1997 quia
769 1915 1136 1980 monasterii
1181 1916 1350 1979 facta
1395 1916 1629 1981 mentio
1680 1918 1797 1991 est,
1848 1915 1959 1979 sed
2006 1915 2155 1997 quia
2200 1915 2291 1978 sic
2329 1915 2695 1978 institutum

406 2023 526 2098 est,
573 2023 648 2085 ut
693 2019 992 2086 clericum
1041 2021 1314 2086 alienum
1361 2039 1545 2086 nemo
1594 2022 1923 2105 suscipiat.
1987 2021 2226 2086 recenti
2280 2023 2494 2084 autem
2550 2009 2704 2084 con·'

406 2127 553 2192 cilio
621 2132 936 2194 statutum
1002 2133 1120 2197 est,
1187 2133 1261 2192 ut
1325 2128 1401 2192 de
1457 2130 1671 2212 aliquo
1727 2128 2109 2194 monasterio
2167 2128 2277 2208 qui
2320 2126 2698 2191 recesserint

404 2233 508 2298 uel
583 2234 848 2316 proiecti
921 2235 1176 2312 fuerint,
1251 2255 1372 2299 non
1449 2235 1603 2300 fiant
1672 2235 1823 2299 alibi
1900 2235 2111 2299 elerici
2176 2239 2289 2298 aut
2349 2232 2696 2317 praepositi

403 2339 951 2407 monasteriorum.
1019 2342 1074 2406 si
1130 2361 1278 2426 ergo
1328 2342 1404 2405 de
1449 2342 1814 2406 Priuatione
1859 2344 1924 2406 te
1971 2341 2208 2423 aliquid
2256 2341 2481 2417 mouit,
2532 2340 2696 2405 scias

407 2467 552 2510 eum
609 2467 646 2512 a
699 2448 880 2511 nobis
937 2447 1212 2513 nondum
1272 2467 1412 2514 esse
1469 2452 1840 2531 susceptum
1904 2448 1966 2511 in
2032 2448 2516 2526 monasterium
2586 2445 2699 2510 sed

406 2572 663 2618 causam
727 2554 932 2638 ipsius
999 2557 1074 2619 ad
1143 2534 1354 2620 senem
1411 2555 1743 2620 Aurelium
1806 2555 1975 2630 misi,
2040 2559 2135 2634 ut,
2202 2554 2371 2637 quod
2436 2553 2512 2618 de
2584 2553 2697 2616 illo

407 2662 722 2741 statuerit,
781 2663 898 2726 hoc
953 2662 1200 2727 faciam.
1269 2663 1464 2728 miror
1519 2663 1704 2737 enim,
1762 2665 1975 2726 utrum
2032 2661 2157 2725 iam
2222 2663 2439 2744 potest
2497 2661 2701 2724 lector

407 2768 717 2852 deputari,
777 2771 886 2851 qui
942 2788 1062 2834 non
1121 2770 1242 2834 nisi
1300 2771 1498 2834 semel
1555 2770 1901 2852 scripturas
1960 2768 2149 2832 etiam
2198 2787 2316 2832 non
2368 2766 2697 2831 canonicas

405 2875 584 2958 legit.
634 2875 687 2940 si
736 2875 904 2940 enim
949 2879 1281 2958 propterea
1325 2876 1451 2939 iam
1497 2876 1606 2939 ille
1647 2876 1845 2940 lector
1884 2874 2378 2949 ecclesiasticus,
2417 2873 2697 2955 profecto

407 2986 474 3045 et
543 2981 655 3045 illa
726 2983 1040 3064 scriptura
1113 2982 1544 3048 ecclesiastica
1608 2985 1733 3058 est;
1815 2983 1871 3046 si
1935 2983 2148 3045 autem
2210 2980 2324 3044 illa
2390 2980 2703 3062 scriptura

409 3089 844 3154 ecelesiastica
883 3109 1006 3154 non
1046 3093 1164 3154 est.
1204 3089 1494 3172 quisquis
1535 3108 1673 3153 eam
1714 3091 2007 3171 quamuis
2046 3088 2108 3151 in
2150 3087 2418 3151 ecclesia
2451 3085 2701 3168 legerit,

409 3195 879 3260 ecclesiasticus
954 3197 1154 3261 lector
1225 3215 1344 3260 non
1423 3201 1541 3260 est.
1626 3198 1835 3259 tamen
1913 3194 1989 3259 de
2062 3194 2190 3258 isto
2276 3193 2700 3269 adulescente,

410 3304 580 3387 quod
634 3308 980 3368 memorato
1041 3304 1312 3368 antistiti
1360 3303 1574 3367 uisum
1624 3301 1835 3380 fuerit,
1884 3303 2005 3367 hoc
2052 3303 2303 3384 oportet
2348 3301 2699 3365 obseruem.

495 3411 688 3474 Plebs
763 3414 976 3476 autem
1042 3409 1466 3494 vigesilitana
1536 3409 1875 3474 uobiscum
1950 3408 2133 3473 nobis
2210 3409 2275 3472 in
2344 3407 2701 3472 uisceribus

411 3515 647 3581 Christi
712 3515 1039 3580 carissima
1103 3515 1160 3580 si
1225 3515 1590 3598 episcopum
1658 3515 1717 3578 in
1787 3515 2064 3598 plenario
2121 3515 2367 3580 Africae
2435 3514 2699 3580 concilio

409 3621 823 3706 degradatum
878 3623 1200 3704 suscipere
1257 3623 1549 3700 noluerit,
1600 3641 1751 3686 sano
1800 3623 2005 3703 capite
2052 3622 2245 3686 faciet
2290 3624 2353 3685 et
2397 3641 2511 3685 nec
2559 3620 2702 3703 cogi

407 3732 626 3811 potest
669 3747 784 3794 nec
833 3729 1039 3795 debet.
1090 3732 1154 3794 et
1201 3729 1490 3812 quisquis
1530 3747 1666 3793 eam
1708 3728 2017 3794 uiolenter
2056 3729 2352 3812 coegerit,
2392 3727 2702 3801 ostendet,

482 3992 516 4044 2
551 3990 658 4043 hiis
707 3991 758 4043 V
913 3992 949 4044 4
985 3993 1172 4044 nostro
1219 3989 1273 4044 U
1439 3991 1472 4044 6
1511 3989 1580 4044 ad
1619 3991 1737 4060 nos]
1776 3989 1845 4044 ad
1884 4007 1981 4044 nos
2020 4007 2128 4044 non
2164 3990 2332 4060 recipi
2370 3989 2497 4059 (non
2535 3988 2704 4057 recipi

410 4085 554 4150 exp.)
601 4079 658 4136 U
788 4082 820 4134 7
860 4097 893 4133 a
927 4081 1086 4134 nobis
1125 4083 1390 4135 statutum
1432 4083 1516 4134 est
1551 4079 1620 4132 H
1743 4081 1809 4134 13
1848 4081 2049 4134 mentio
2088 4079 2236 4134 facta
2280 4079 2337 4132 H
2464 4078 2529 4132 14
2566 4077 2703 4129 reei-

411 4169 530 4238 piat
573 4167 628 4224 U
771 4171 838 4224 16
875 4169 1171 4239 praepositi
1206 4168 1262 4222 in
1299 4169 1745 4222 monasteriorum
1787 4169 1863 4234 (in
1903 4185 2021 4236 exp.
2060 4185 2127 4222 m.
2148 4173 2200 4234 1)
2252 4169 2300 4220 T
2442 4167 2504 4219 17
2546 4167 2707 4233 ‘sorte

409 4258 820 4312 Priuatiano'm
973 4258 1038 4310 21
1081 4259 1246 4310 etiam
1287 4271 1404 4323 om„
1443 4261 1562 4314 m.1
1602 4257 1730 4310 add.
1780 4255 1835 4310 U
1963 4259 2031 4312 25
2070 4257 2463 4311 ecclesiasticus
2500 4271 2603 4308 om.
2642 4253 2709 4306 H

411 4347 480 4400 27
519 4346 800 4400 nobiseum
849 4345 899 4398 V
935 4347 1092 4415 (corr.
1131 4346 1431 4410 uobiscum)
1480 4345 1534 4400 U
