3184 4959
1231 436 1762 504 epistularum
1816 436 1925 490 LV.
2594 439 2722 504 201

435 631 666 713 quippe
719 629 929 712 Moysi
992 631 1112 698 lex.
1167 629 1231 694 in
1289 649 1556 713 persona
1612 630 1835 695 Heliae
1898 631 2241 715 prophetae
2308 632 2727 714 accipiuntur,

431 736 596 800 inter
655 755 816 818 quos
878 737 942 800 in
1013 740 1224 801 monte
1285 737 1603 820 gloriosus
1659 737 1973 820 apparuit,
2032 740 2105 802 ut
2159 738 2519 803 euidentius
2574 739 2727 804 emi·

435 847 626 918 neret,
675 843 841 925 quod
892 843 968 907 de
1014 843 1124 908 illo
1175 843 1334 908 dicit
1379 844 1735 928 apostolus:
1784 843 2375 910 Testimonium
2422 845 2725 910 habens

439 967 474 1012 a
518 948 696 1032 lege
746 951 824 1012 et
869 949 1326 1030 prophetis.
1379 949 1442 1013 in
1491 967 1619 1030 qua
1662 967 1814 1033 ergo
1861 954 2039 1034 parte
2087 951 2231 1014 anni
2278 949 2727 1034 congruentius

377 1075 402 1114 ο
437 1054 796 1119 obseruatio
865 1055 1382 1138 quadragesimae
1447 1057 1941 1120 constitueretur
2004 1055 2124 1121 nisi
2204 1055 2463 1122 confinis
2538 1061 2729 1139 atque

438 1160 736 1243 contigua
807 1159 1161 1226 dominicae
1234 1161 1571 1244 passionis,
1640 1163 1789 1243 quia
1850 1163 1913 1226 in
1980 1183 2053 1227 ea
2116 1163 2511 1248 significatur
2572 1163 2729 1228 haec

437 1266 572 1330 uita
632 1266 966 1344 laboriosa,
1027 1267 1132 1333 cui
1187 1285 1348 1349 opus
1397 1270 1496 1332 est
1543 1268 1950 1340 continentia,
2010 1272 2085 1333 ut
2130 1269 2206 1334 ab
2256 1269 2459 1352 ipsius
2508 1270 2728 1334 mundi

438 1373 716 1438 amicitia
775 1373 1110 1452 ieiunetur,
1178 1393 1338 1456 quae
1401 1376 1625 1456 utique
1692 1375 2004 1440 fallaciter
2056 1375 2329 1440 blandiri
2384 1382 2450 1442 et
2502 1377 2730 1442 inlece-

437 1479 688 1544 brarum
715 1480 896 1546 fucos
935 1482 1474 1566 circumspargere
1513 1486 1705 1565 atque
1742 1483 1975 1546 iactare
2012 1503 2135 1547 non
2176 1487 2427 1548 cessat?
2466 1503 2729 1548 numero

349 1613 402 1652 ιο
439 1588 648 1650 autem
706 1586 1202 1672 quadragenario
1258 1589 1458 1652 uitam
1516 1589 1705 1652 istam
1762 1592 2094 1670 propterea
2138 1588 2397 1672 figurari
2444 1590 2729 1668 arbitror,

441 1692 586 1774 quia
649 1692 964 1771 deumne,
1029 1695 1093 1759 in
1159 1713 1282 1778 quo
1351 1699 1451 1759 est
1513 1695 1819 1777 perfectio
1876 1694 2290 1761 beatitudinis
2348 1701 2600 1762 nostrae
2644 1733 2733 1746 -

439 1798 606 1863 sicut
667 1800 730 1863 in
798 1800 1139 1878 octonario,
1206 1801 1354 1884 quia
1419 1801 1583 1866 redit
1646 1801 1724 1867 ad
1778 1801 2073 1885 primum,
2130 1803 2219 1866 ita
2276 1803 2339 1866 in
2396 1803 2537 1882 hoc,
2585 1805 2734 1886 quia

441 1911 742 1984 creatura,
801 1926 962 1989 quae
1019 1909 1376 1990 septenario
1431 1908 1761 1993 figuratur,
1820 1908 2119 1974 adhaeret
2163 1909 2447 1988 creatori,
2496 1911 2557 1974 in
2607 1930 2731 1992 quo

439 2011 791 2077 declaratur
834 2015 1046 2079 unitas
1093 2015 1396 2080 trinitatis
1435 2053 1540 2094 —‚
1582 2035 1695 2098 per
1728 2015 2101 2080 uniuersum
2138 2015 2445 2080 mundum
2490 2021 2735 2100 tempo-

351 2142 406 2182 u.
441 2119 652 2182 taliter
715 2120 1128 2186 adnuntiatus
1196 2124 1316 2196 est,
1382 2122 1532 2203 quia
1593 2121 1869 2186 mundus
1928 2125 1993 2185 et
2056 2141 2089 2184 a
2161 2126 2463 2204 quattuor
2524 2123 2735 2186 uentis

443 2224 778 2291 deliniatur
825 2230 889 2292 et
935 2230 1240 2309 quattuor
1285 2229 1617 2293 elementis
1666 2229 1933 2313 erigitur
1978 2231 2043 2292 et
2088 2247 2123 2292 a
2170 2231 2474 2310 quattuor
2510 2230 2735 2294 annuis

441 2335 794 2414 temporum
861 2333 1114 2400 uicibus
1183 2335 1480 2410 uniatur,
1549 2334 1765 2400 decem
1824 2340 2039 2400 autem
2096 2338 2319 2416 quater
2361 2335 2425 2400 in
2474 2337 2735 2418 quadra-

443 2436 618 2520 ginta
699 2445 1237 2519 consummantur,
1322 2442 1857 2526 quadragenarius
1940 2445 2155 2506 antem
2238 2441 2525 2523 partibus
2600 2443 2734 2507 suis

443 2550 848 2629 computatus
930 2548 1106 2612 addit
1185 2549 1398 2632 ipsum
1481 2549 1807 2613 denarium
1892 2554 1957 2614 et
2036 2550 2199 2614 fiunt
2280 2550 2737 2634 quinquaginta

353 2676 410 2718 ιο
441 2655 762 2736 tamquam
827 2674 1068 2720 merces
1127 2655 1366 2720 laboris
1413 2659 1474 2720 et
1521 2656 1966 2721 continentiae.
2028 2675 2231 2738 neque
2288 2655 2455 2719 enim
2502 2657 2737 2721 frustra

440 2759 578 2842 ipse
634 2761 1048 2826 dominuset
1095 2762 1511 2848 quadraginta
1559 2761 1695 2827 dies
1742 2766 1893 2844 post
1936 2763 2459 2828 resurrectionem
2507 2761 2569 2825 in
2620 2762 2735 2827 hac

621 2971 644 3022 1
688 2969 882 3024 Matth.
925 2969 1011 3032 17,
1053 2969 1193 3024 2-5
1303 2971 1335 3024 3
1375 2969 1526 3024 Rom.
1567 2971 1619 3034 3,
1659 2971 1730 3030 21,

515 3094 546 3146 2
593 3109 726 3162 quos
778 3097 834 3146 et
879 3093 934 3145 in
974 3092 1038 3146 K
1079 3092 1200 3146 edd.
1417 3093 1472 3146 in
1509 3097 1697 3146 monte
1734 3109 1837 3146 om.
1878 3093 1932 3144 P
2108 3094 2140 3146 5
2180 3091 2643 3161 quadragissimae
2681 3091 2736 3144 Β

513 3182 640 3250 uisi]
681 3182 787 3236 nisi
824 3197 962 3250 quae
997 3181 1228 3236 P¹P²M
1367 3181 1563 3236 confini
1588 3181 1785 3248 flrm
1894 3183 1927 3236 6
1965 3181 2220 3234 continua
2256 3179 2483 3234 P¹P²M
2606 3197 2732 3250 pas-

444 3271 582 3324 sioni
617 3271 736 3324 PK
769 3271 890 3325 edd.
930 3271 1196 3340 passionis
1237 3275 1322 3324 est
1359 3269 1516 3324 ΡῬἌ
1660 3271 1808 3340 quia]
1851 3287 1953 3340 que
1994 3269 2058 3322 K
2208 3286 2271 3323 eo
2311 3269 2383 3322 M
2524 3269 2557 3323 8
2596 3269 2733 3322 ieiu-

443 3361 622 3429 netur]
665 3360 934 3416 eiciuntur
969 3359 1036 3414 K
1173 3358 1420 3414 blandire
1459 3363 1514 3414 et
1551 3359 1947 3413 inlecebrorum
1986 3359 2041 3412 B
2148 3359 2181 3412 9
2220 3373 2377 3412 sucos
2414 3357 2471 3410 P
2585 3373 2737 3426 spar-

444 3464 568 3518 gere
604 3447 762 3501 P¹P²
795 3449 882 3502 his
919 3457 1172 3518 spargere
1209 3449 1280 3504 M
1420 3449 1615 3502 iactari
1650 3447 1716 3500 K
1858 3451 2033 3501 cesset
2070 3448 2125 3501 P
2286 3447 2353 3501 10
2392 3449 2575 3500 autem
2612 3462 2734 3506 om..
2811 3451 2821 3462 ⁴

443 3543 562 3592 m.1
601 3537 730 3592 add.
773 3539 824 3590 B
937 3541 996 3592 11
1042 3538 1261 3592 denario
1299 3538 1354 3592 P
1481 3538 1546 3592 12
1585 3537 1933 3605 octogenario
1972 3535 2039 3590 K
2181 3535 2379 3606 quiante!
2420 3539 2554 3600 (ras.
2594 3537 2739 3588 1—-2

445 3627 504 3684 l.)
541 3628 596 3681 P
699 3627 757 3680 in
793 3627 900 3682 hoc
933 3627 1068 3680 mihi
1105 3625 1324 3681 uidetur
1361 3627 1584 3696 exprimi
1624 3627 1751 3694 quia
1788 3625 1909 3679 edd.
2019 3626 2147 3694 quia
2184 3639 2286 3679 om.
2326 3625 2381 3678 Β
2494 3625 2557 3678 13
2599 3641 2735 3694 quae

444 3731 544 3769 om.
565 3716 622 3769 P
725 3716 1031 3786 septenario
1051 3731 1272 3770 numero
1292 3714 1649 3785 figuraturM
1752 3715 1966 3783 figurat*
2000 3719 2090 3781 (=
2112 3713 2401 3782 figuratus)
2422 3712 2477 3766 P
2549 3713 2613 3766 15
2643 3711 2739 3765 ad-

443 3805 726 3858 nuntiatus
764 3805 870 3874 est]
911 3804 1286 3858 annuntianda
1323 3804 1445 3858 edd.
1556 3803 1651 3873 qui
1678 3802 1743 3858 K
1758 3819 1813 3856 m
1914 3807 1971 3855 et
2008 3804 2255 3871 quatuor,
2292 3817 2367 3855 m.‘
2392 3805 2423 3854 1
2451 3816 2587 3854 corr.
2621 3803 2677 3852 et
2706 3815 2738 3853 a

446 3893 761 3962 quatum-M
771 3897 1062 3962 equattuor
1075 3892 1139 3946 K
1153 3911 1184 3946 a
1200 3896 1456 3962 quattuor
1471 3891 1526 3944 Β
1604 3893 1666 3945 16
1682 3889 2331 3944 deliniatur—elementis
2346 3904 2449 3944 om.
2464 3887 2745 3941 PP¹P²M

516 3982 823 4037 declinatur
840 3983 893 4036 Β
913 3981 1204 4036 delimatur
1221 3980 1342 4036 edd.
1455 3985 1511 4034 et
1539 3997 1570 4034 a
1601 3983 1859 4050 quattuor
1880 3980 2021 4048 Euq.
2046 3978 2301 4043 (Knoelli
2320 3977 2538 4046 quidem
2557 3975 2739 4042 codd.)

517 4072 754 4140 eregitur
789 4071 844 4124 B
883 4071 1106 4140 eligitur
1133 4071 1187 4122 P
1293 4087 1326 4126 a
1351 4087 1454 4124 om.
1483 4069 1772 4124 P¹P²MK
1798 4069 1920 4122 edd.
2032 4067 2225 4122 annuis
2252 4084 2356 4122 om.
2384 4063 2543 4118 P¹P²
2568 4065 2741 4126 annis.

445 4177 514 4214 m.
536 4167 565 4214 1
592 4177 729 4215 corr.
754 4161 948 4214 annuis
975 4161 1031 4214 Β
1061 4160 1218 4214 annis
1246 4161 1302 4213 P
1327 4160 1454 4214 anni
1480 4159 1547 4212 K
1569 4159 1691 4213 edd.
1724 4175 1895 4213 annus
1920 4157 2172 4226 ,Emstppi
2198 4156 2355 4211 codd.
2433 4155 2496 4208 17
2530 4156 2741 4223 quater]

451 4251 696 4318 quaterni
731 4251 788 4304 P
927 4251 980 4302 in
1021 4250 1256 4304 euanuit
1290 4249 1345 4302 Β
1381 4265 1484 4304 om.
1523 4247 1590 4302 K
1701 4249 1766 4302 18
1804 4251 2208 4302 consummatur
2230 4243 2457 4299 P¹P²M
2494 4244 2744 4314 Euyippi

449 4339 566 4395 cod.
615 4339 739 4394 Vat.
779 4345 830 4394 et
865 4338 1050 4393 Paris.
1091 4341 1244 4394 2109
1353 4339 1418 4392 19
1457 4335 1671 4391 ειᾶαιάἰῢ
1709 4337 1845 4404 (fuit
1882 4335 1959 4402 di)
1998 4336 2053 4390 P
2157 4335 2225 4388 20
2261 4333 2453 4387 mercis
2490 4332 2545 4386 B
