3184 4959
461 422 544 485 60
1175 420 1226 472 S.
1285 418 1560 472 Aureli
1616 418 2051 488 Augustini

459 616 687 680 thaeus
747 616 1142 699 euangelista
1197 616 1484 697 quintam
1541 614 1789 678 sabbati
1846 613 2001 678 dicit
2044 612 2244 678 fuisse
2290 613 2565 696 primum
2612 634 2747 697 azy-

461 742 730 797 morum,
809 721 953 804 quia
1031 722 1167 785 eius
1243 740 1508 804 uespera
1581 723 2007 803 consequente
2088 720 2305 783 futura
2386 722 2520 783 erat
2599 738 2751 785 cena

462 829 802 912 paschalis.
882 848 1002 911 qua
1079 847 1230 892 cena
1292 827 1640 909 incipiebat
1702 846 1995 909 azymum
2063 836 2127 889 et
2192 825 2331 889 ouis
2397 825 2747 890 immolatio

464 936 846 1001 manducari.
905 954 976 999 ex
1032 954 1154 1017 quo
1215 933 1538 1018 colligitur
1591 940 1880 1017 quartam
1938 932 2184 998 sabbati
2232 932 2453 1007 fuisse,
2503 932 2748 1014 quando

465 1044 556 1107 ait
611 1042 932 1107 dominus:
1003 1040 1261 1117 Scitis,
1311 1041 1485 1122 quia
1549 1045 1727 1121 post
1788 1039 2095 1104 biduum
2154 1039 2431 1121 pascha
2485 1039 2628 1103 fiet
2681 1042 2753 1103 et
2808 1060 2837 1099 5

465 1149 684 1213 filius
751 1149 1078 1214 hominis
1145 1148 1508 1223 tradetur,
1575 1149 1659 1211 ut
1726 1146 2249 1231 crucifigatur.
2319 1166 2391 1210 ac
2456 1166 2567 1231 per
2630 1148 2750 1212 hoc

466 1258 598 1321 <lies
645 1257 782 1339 ipse
827 1256 1063 1320 ieiunio
1113 1254 1454 1337 deputatus
1503 1258 1623 1331 est,
1673 1255 1842 1336 quia,
1892 1255 2061 1318 sicut
2108 1254 2503 1338 euangelista
2548 1254 2753 1335 sequi-

465 1368 570 1427 tur
626 1367 692 1427 et
763 1363 947 1437 dicit,
1027 1366 1207 1426 tunc
1289 1362 1733 1445 congregati
1808 1364 1986 1425 sunt
2056 1361 2439 1443 principes
2518 1380 2751 1425 sacer·

467 1470 724 1533 dotum
783 1474 854 1533 et
911 1470 1251 1533 seniores
1306 1470 1576 1550 populi
1631 1469 1702 1533 in
1762 1468 2037 1533 atrium
2092 1468 2467 1551 principis
2516 1486 2751 1532 sacer-

469 1576 743 1653 dotum,
794 1576 919 1657 qui
959 1574 1357 1639 dicebatur
1405 1574 1754 1658 caiphas,
1805 1578 1880 1640 et
1928 1576 2331 1640 consilium
2389 1575 2750 1651 fecerunt,
2791 1597 2847 1634 10

468 1686 548 1747 ut
595 1682 840 1747 Iesum
893 1681 1060 1746 dolo
1109 1686 1452 1747 tenerent
1498 1688 1571 1747 et
1618 1683 2072 1747 occiderent.
2130 1681 2492 1747 intermisso
2540 1684 2752 1745 autem

469 1809 593 1853 uno
644 1789 764 1864 die,
824 1789 898 1852 de
959 1808 1080 1870 quo
1139 1788 1296 1853 dicit
1350 1789 1781 1872 euangelium:
1848 1788 2097 1853 Prima
2162 1792 2409 1853 autem
2478 1807 2755 1871 azymo-

469 1918 628 1962 rum
685 1900 1172 1961 accesseruut
1235 1895 1607 1978 discipuli
1686 1896 1771 1960 ad
1838 1896 2087 1961 lesum
2154 1895 2524 1960 dicentes:
2590 1895 2754 1961 ‘Ubi

467 2005 585 2069 uis
652 2023 1000 2085 paremus
1067 2003 1212 2067 tibi
1279 2002 1665 2068 comedere
1732 2002 2077 2087 pascha?
2129 2040 2218 2059 -=-
2272 2004 2389 2067 hoc
2448 2021 2594 2086 ergo
2653 2002 2754 2065 die

467 2111 827 2175 intermisso
893 2129 1122 2193 passus
1190 2114 1291 2174 est
1355 2110 1672 2188 dominus,
1738 2110 1908 2196 quod
1964 2110 2179 2175 nullus
2236 2109 2524 2193 ambigit,
2582 2112 2843 2173 sextam

471 2216 740 2283 sabbati.
815 2220 1196 2299 quapropter
1269 2220 1332 2281 et
1406 2216 1547 2298 ipsa
1612 2221 1789 2281 sexta
1851 2222 2021 2281 recte
2080 2216 2318 2281 ieiunio
2386 2216 2752 2297 deputatum

466 2324 704 2389 ieiunia
752 2324 982 2407 quippe
1031 2324 1460 2387 humilitatem
1517 2323 1901 2406 significant.
1969 2323 2133 2387 unde
2192 2324 2433 2388 (lictum
2491 2326 2618 2387 est:
2666 2324 2756 2387 Et

469 2430 966 2495 humiliabam
1013 2430 1085 2493 in
1133 2430 1418 2496 ieiunio
1469 2430 1785 2495 animam
1832 2450 2082 2496 meam.

381 2542 458 2604 31
559 2537 860 2621 Sequitur
925 2536 1279 2614 sabbatum,
1349 2556 1472 2619 quo
1540 2537 1641 2601 die
1708 2557 1849 2603 caro
1918 2538 2155 2603 Christi
2218 2537 2279 2601 in
2346 2540 2753 2603 monumento

467 2645 802 2726 requieuit,
849 2645 1017 2709 sicut
1056 2645 1118 2707 in
1159 2644 1381 2727 pn'mis
1422 2646 1719 2726 operibus
1758 2644 1980 2709 mundi
2024 2644 2416 2726 requieuit
2453 2643 2607 2708 deus
2644 2643 2753 2707 illo
2792 2660 2847 2701 20

469 2750 570 2815 die
609 2752 693 2816 ab
744 2752 1088 2817 omnibus
1131 2752 1486 2833 operibus
1527 2752 1711 2817 suis,
1751 2751 1893 2816 hinc
1936 2754 2148 2816 exorta
2186 2757 2285 2816 est
2318 2751 2447 2817 ista
2481 2752 2545 2815 in
2584 2752 2761 2835 regia

468 2858 580 2922 illa
623 2860 808 2923 ueste
855 2857 1148 2935 uarietas,
1198 2862 1272 2922 ut
1319 2858 1428 2922 alii
1476 2858 1649 2923 sicut
1694 2858 1961 2922 maxime
2008 2857 2228 2940 populi
2278 2857 2539 2921 orientis
2576 2876 2759 2939 prop-

467 2970 565 3030 ter
627 2964 909 3046 requiem
985 2964 1463 3049 significandam
1537 2966 1802 3029 mallent
1882 2966 2156 3029 relaxare
2239 2964 2578 3041 ieiunium,
2654 2964 2761 3028 alii

469 3076 725 3154 propter
780 3071 1206 3136 humilitatem
1262 3072 1488 3137 mortis
1545 3072 1783 3137 domini
1830 3073 2107 3137 ieiunare
2156 3071 2327 3137 sicut
2371 3072 2655 3137 Romana
2700 3074 2765 3135 et

467 3179 805 3243 nonnullae
872 3178 1220 3243 occidentis
1287 3180 1614 3258 ecclesiae,
1682 3180 1849 3263 quod
1917 3180 2174 3261 quidem
2239 3199 2363 3243 uno
2442 3180 2563 3257 die,
2641 3197 2763 3260 quo
2800 3192 2859 3232 2⁵

648 3405 680 3457 5
717 3404 913 3458 Matth.
953 3405 1038 3469 26,
1079 3402 1110 3458 2
1222 3404 1254 3457 8
1293 3404 1486 3459 Matth.
1528 3406 1614 3471 26,
1654 3405 1795 3459 3—4
1924 3408 1986 3460 12
2024 3405 2222 3460 Matth.
2262 3408 2349 3465 26.
2392 3407 2456 3460 17
2568 3406 2633 3460 17
2672 3406 2760 3461 Ps.

467 3494 552 3555 34,
595 3492 660 3546 13
771 3494 839 3547 20
878 3492 1010 3547 Gen.
1057 3494 1104 3557 2,
1144 3494 1284 3549 2-3

543 3618 566 3669 1
609 3618 864 3686 primum]
901 3618 1128 3687 primum
1171 3616 1310 3671 diem
1351 3618 1637 3672 P¹P²P³T
1674 3620 1899 3687 primam
1940 3618 2081 3673 diem
2121 3618 2240 3672 edd.
2400 3622 2434 3673 2
2474 3636 2594 3689 qua,
2634 3634 2767 3673 corr.

469 3704 680 3771 (m.1?)
721 3706 850 3776 quia
894 3706 944 3760 Τ
1093 3712 1486 3777 consequenter
1521 3709 1594 3761 Ρι
1636 3714 1899 3777 sequente
1938 3708 2059 3761 edd.
2240 3710 2273 3762 3
2314 3724 2433 3777 que,
2474 3724 2615 3762 corr.
2650 3712 2771 3761 m.1

470 3812 575 3865 qua
611 3796 675 3849 Η
711 3802 820 3865 qua
853 3794 933 3851 ,Ρ2
1063 3799 1100 3850 4
1139 3798 1266 3865 quo]
1307 3814 1366 3851 co
1404 3796 1484 3850 P²
1647 3800 1841 3865 quarta
1876 3796 1951 3850 P¹
1992 3800 2211 3866 quatam
2249 3796 2328 3850 Ρ2
2463 3802 2495 3852 5
2534 3796 2655 3851 sitis
2690 3796 2773 3849 P2

539 3884 636 3938 flat
671 3883 749 3936 12²
874 3887 907 3939 6
947 3884 1028 3955 ac]
1067 3884 1169 3938 hac
1205 3885 1281 3937 P¹
1412 3886 1476 3939 12
1517 3884 1582 3939 de
1622 3901 1723 3939 om.
1760 3885 1957 3938 HPP³
2092 3888 2155 3941 13
2194 3886 2449 3955 discipuli
2488 3902 2608 3950 om„
2648 3890 2767 3941 m.1

467 3990 508 4027 ε.
548 3990 602 4025 u.
643 3972 772 4027 add.
813 3972 888 4025 P²
1073 3976 1138 4027 14
1177 3990 1413 4027 com-ere
1451 3972 1530 4026 Ρ2
1674 3972 1780 4027 diei
1818 3972 1899 4027 Ρ2
2070 3977 2137 4029 16
2176 3974 2320 4044 quod
2360 3980 2595 4045 propter,
2632 3992 2769 4029 corr.

469 4066 800 4132 quapropter
833 4062 912 4115 Ρ2
983 4063 1054 4117 20
1091 4062 1186 4117 illo
1217 4062 1304 4117 die
1333 4078 1436 4116 om.
1470 4080 1506 4115 a
1527 4078 1554 4115 e
1583 4062 1671 4116 die
1710 4063 1805 4117 illo
1841 4064 1889 4116 T
1902 4064 1949 4132 f
1962 4066 2101 4119 lrm
2174 4066 2238 4118 21
2280 4064 2433 4133 regia
2472 4063 2591 4133 illa]
2622 4063 2775 4131 regia

465 4151 614 4205 illius
651 4150 729 4204 P2
755 4153 984 4207 ecclesia
1017 4152 1068 4207 T
1101 4152 1320 4221 reginae
1349 4151 1497 4205 illius
1529 4152 1549 4206 Ζ
1567 4168 1669 4206 rm
1768 4154 1837 4207 22
1876 4156 2029 4207 ueste
2069 4170 2189 4217 om„
2218 4170 2285 4207 m.
2310 4158 2340 4206 1
2374 4168 2417 4207 s.
2446 4170 2504 4209 u.
2536 4152 2667 4206 add.
2698 4150 2774 4205 P¹

467 4257 626 4293 uesce
662 4240 741 4295 P2
777 4241 1031 4295 uescendi
1078 4242 1128 4295 T
1233 4242 1454 4295 orientis
1491 4241 1682 4311 populi
1718 4241 1891 4313 siqnis
1928 4258 2066 4297 corr.
2092 4241 2175 4295 1²³
2280 4244 2349 4298 25
2390 4258 2496 4295 uno
2537 4240 2625 4295 die
2664 4258 2773 4312 quo

469 4346 570 4383 om.
609 4329 796 4399 spatio
839 4334 875 4385 6
913 4332 946 4384 1.
985 4332 1176 4385 relicto
1211 4330 1288 4383 P¹
1433 4332 1560 4399 uno]
1593 4330 1721 4385 iuno
1751 4330 1819 4384 H
1958 4348 2093 4401 quo·
2124 4331 2181 4396 (d
2218 4331 2380 4401 erae.)
2429 4331 2481 4385 T
