3184 4959
1118 461 1651 532 epistularum
1707 461 1995 516 LXXXIX.
2567 467 2692 530 421

394 673 529 720 rem
613 653 932 738 perditum
1014 655 1277 720 minime
1358 657 1730 739 reprimunt,
1813 676 2040 722 uerum
2123 657 2312 722 etiam
2398 657 2698 723 honorem

394 766 745 847 martyrum
812 765 1141 844 quaerunt,
1208 763 1390 846 quasi
1452 783 1604 828 uero
1663 763 2006 829 Christiani
2073 764 2370 830 catholici
2433 765 2699 847 impera-

394 873 565 934 tores
633 868 941 934 aduersus
1008 888 1227 934 eorum
1290 872 1864 952 pertinacissimam
1922 871 2327 956 iniquitatem
2387 871 2560 936 aliud
2605 890 2699 936 se·

398 978 672 1058 quantur
734 995 923 1059 quam
981 976 1376 1041 Constantini
1442 977 1772 1056 iudicium,
1843 977 2010 1061 apud
2069 997 2258 1062 quem
2316 977 2482 1043 ultro
2547 976 2698 1044 Cae·

341 1109 367 1146 ⁵
397 1083 605 1160 ciliani
653 1087 1053 1148 accusatores
1100 1083 1375 1161 fuerunt,
1425 1084 1612 1148 cuius
1660 1085 2104 1150 auctoritatem
2151 1084 2446 1149 omnibus
2495 1089 2696 1148 trans-

395 1190 653 1254 marinis
712 1191 1030 1274 episcopis
1084 1192 1542 1272 praetulerunt,
1601 1195 1676 1256 ut
1727 1211 1848 1257 non
1908 1191 1986 1256 ad
2031 1192 2178 1257 illos
2227 1190 2339 1256 scd
2387 1191 2465 1256 ad
2511 1189 2695 1256 illum

396 1297 702 1362 ecclesiae
768 1317 1027 1362 causam
1092 1298 1424 1376 deferrent,
1489 1302 1567 1362 ut
1631 1299 1707 1362 ab
1767 1318 1839 1364 eo
1898 1298 2118 1363 datum
2173 1299 2235 1363 in
2293 1298 2448 1364 urbe
2493 1298 2698 1363 Roma

395 1403 753 1488 episcopale
806 1403 1139 1485 iudicium,
1196 1403 1261 1468 in
1320 1424 1443 1488 quo
1500 1403 1776 1486 primum
1833 1405 1990 1468 uicti
2039 1409 2210 1480 sunt,
2257 1423 2477 1469 rursus
2527 1403 2694 1488 apud

394 1511 579 1574 illum
642 1513 1033 1584 accusarent,
1100 1515 1174 1575 ut
1228 1511 1305 1575 ab
1362 1513 1557 1576 altero
1618 1511 1695 1576 ad
1741 1512 2069 1576 Arelatum
2137 1511 2284 1576 dato
2349 1511 2696 1594 episcopali

304 1643 356 1682 ιο
392 1614 627 1680 iudicio
694 1615 773 1680 ad
835 1615 1017 1680 illum
1086 1616 1495 1698 appellarent,
1560 1616 1732 1699 apud
1795 1635 1984 1699 quem
2057 1618 2268 1680 tamen
2343 1617 2694 1684 nouissime

393 1721 674 1806 superati
729 1722 793 1786 in
852 1741 969 1787 sua
1023 1723 1441 1805 peruersitate
1486 1726 1876 1788 manserunt.
1937 1726 2116 1806 pute,
2166 1723 2335 1806 quod
2382 1725 2520 1806 ipse
2565 1723 2694 1788 dia·

392 1828 600 1906 boluS,
677 1829 731 1894 si
806 1829 1182 1894 auctoritate
1256 1829 1509 1907 iudicis,
1585 1849 1776 1913 quem
1851 1832 2017 1896 ultro
2094 1833 2392 1914 elegerat,
2455 1831 2692 1896 totiens

390 1935 769 2014 uinceretur,
844 1953 965 2001 non
1042 1938 1215 2000 esset
1284 1941 1416 2001 tam
1490 1937 1826 2018 inpudenS,
1891 1940 1964 2001 ut
2035 1937 2098 2000 in
2165 1957 2238 2001 ea
2303 1956 2494 2002 causa
2555 1957 2692 2020 per·

394 2043 667 2107 sisteret.

210 2154 251 2218 4
302 2175 354 2214 ιε
484 2148 605 2214 Sed
672 2151 827 2214 haec
892 2151 1168 2214 bumana
1235 2149 1473 2214 iudicia
1538 2149 1926 2233 deputentur
1990 2153 2052 2214 et
2117 2151 2560 2216 circumueniri
2618 2171 2690 2216 ac

389 2255 526 2320 falli
578 2257 687 2321 uel
744 2257 937 2321 etiam
993 2256 1311 2340 corrumpi
1366 2257 1656 2338 potuisse
1715 2258 2024 2322 dicantur.
2092 2277 2204 2322 cur
2267 2277 2416 2343 ergo
2483 2259 2691 2324 adhuc

389 2366 729 2426 accusatur
784 2363 1181 2428 Christianus
1250 2363 1419 2428 orbis
1476 2367 1784 2428 terrarum
1841 2368 1907 2428 et
1959 2365 2171 2429 nescio
2221 2365 2452 2447 quibus
2501 2366 2691 2429 tradi-

384 2471 597 2534 torum
646 2469 1013 2534 criminibus
1059 2471 1423 2549 infamatur,
1471 2471 1579 2554 qui
1629 2470 1849 2552 utique
1897 2489 2010 2534 nec
2057 2471 2272 2554 potuit
2315 2491 2432 2536 nec
2470 2472 2690 2536 debuit

387 2575 511 2640 nisi
557 2575 777 2641 electis
824 2576 1147 2640 iudicibus
1196 2578 1413 2660 potius
1462 2597 1650 2660 quam
1691 2577 1882 2641 uictis
1919 2577 2354 2661 litigatoribus
2395 2578 2687 2643 credere?

296 2712 351 2752 20
386 2681 623 2746 habent
666 2683 835 2766 apud
882 2683 1071 2748 deum
1120 2684 1213 2747 illi
1262 2683 1507 2748 iudices
1556 2703 1816 2748 causam
1865 2703 2045 2748 suam
2095 2683 2232 2749 siue
2279 2685 2506 2750 bonam
2547 2686 2686 2750 siue

387 2789 647 2866 1‘nalam3
698 2788 848 2872 quid
913 2789 1069 2854 fecit
1135 2791 1403 2855 ecclesia
1471 2793 1606 2854 toto
1673 2790 1824 2855 orbe
1891 2790 2142 2866 diffusa,
2193 2811 2350 2874 quae
2415 2813 2536 2857 non
2605 2793 2685 2856 ob

386 2897 559 2962 aliud
626 2897 703 2962 ab
768 2897 913 2963 istis
978 2898 1423 2982 rebaptizanda
1489 2903 1803 2975 censetur,
1861 2898 1983 2963 nisi
2039 2901 2188 2983 quia
2243 2899 2304 2962 in
2353 2919 2426 2963 ea
2473 2918 2684 2976 causa,

384 3005 445 3068 in
503 3023 648 3088 qua,
714 3004 866 3086 quid
922 3006 1057 3073 ueri
1116 3008 1307 3080 ess-et,
1364 3005 1645 3069 iudicare
1704 3025 1825 3070 non
1871 3007 2103 3089 potuit,
2152 3006 2242 3070 eis
2289 3007 2528 3089 potius,
2579 3007 2686 3088 qui

384 3109 662 3175 iudicare
734 3115 1101 3195 potuerunt,
1179 3131 1369 3195 quam
1443 3113 1557 3186 εἰς,
1634 3113 1744 3195 qui
1809 3133 1924 3176 nec
1989 3114 2272 3195 superati
2335 3119 2684 3189 cesserunt,

296 3246 347 3284 2⁵
386 3217 767 3282 credendum
841 3218 1137 3301 putauit?
1214 3239 1249 3282 o
1314 3239 1618 3303 magnum
1695 3219 1928 3283 crimen
2015 3219 2296 3285 omnium
2377 3219 2682 3304 gentium,

384 3342 539 3405 quas
589 3325 649 3387 in
702 3325 940 3389 semine
988 3325 1275 3390 Abrahae
1322 3325 1782 3390 benedicendas
1831 3327 2128 3409 promisit
2175 3326 2332 3391 deus
2381 3329 2466 3404 et,
2515 3326 2686 3392 sicut

382 3431 694 3512 promisit,
744 3432 1053 3496 exhibuit!
1106 3451 1266 3516 quae
1316 3451 1460 3497 cum
1510 3451 1668 3498 uoce
1717 3453 1840 3498 una
1899 3435 2214 3498 dixerunt:
2283 3431 2511 3512 ‘Quare
2567 3453 2683 3498 nos

380 3536 583 3601 uultis
629 3538 1059 3621 rebaptizare’,
1106 3539 1523 3622 respondetur
1570 3539 1690 3603 eis:
1741 3537 1925 3620 ‘Quia
1972 3539 2255 3618 nescitis,
2305 3540 2413 3622 qui
2451 3540 2686 3604 fuerint

558 3728 627 3782 26
666 3727 799 3785 Gen.
840 3729 929 3792 22,
970 3729 1035 3782 18
1140 3699 1147 3704 ’

452 3835 479 3889 1
520 3835 809 3905 perditum,
845 3841 973 3890 m.2
1008 3835 1339 3906 perditorum
1368 3837 1421 3889 P
1526 3837 1559 3890 2
1599 3838 1712 3890 ueri
1743 3837 1810 3889 M
1920 3839 1949 3890 7
1991 3837 2176 3892 datum
2215 3855 2317 3891 om.
2357 3837 2412 3893 R
2511 3838 2544 3891 9
2586 3836 2677 3906 ad}

377 3921 521 3992 apud
559 3923 677 3976 edd.
790 3923 859 3977 10
895 3923 1155 3977 iudicium
1193 3924 1249 3979 R
1360 3925 1420 3978 11
1464 3927 1702 3995 separati
1742 3925 1976 3982 MFAR
2120 3929 2531 3996 ’permanserunt
2558 3925 2678 3979 edd.

380 4014 445 4067 12
480 4013 711 4067 iudaicis
749 4013 823 4067 M
963 4014 1205 4084 elegeras
1242 4015 1299 4068 R
1410 4016 1476 4070 15
1514 4015 1650 4069 haec
1689 4033 1792 4073 om.
1830 4017 1884 4069 A
1997 4017 2062 4070 16
2099 4017 2334 4086 potuise‚
2375 4031 2512 4070 corr.
2551 4031 2619 4068 m.
2651 4019 2681 4067 1

376 4103 617 4172 potuisse
648 4103 702 4155 P
733 4103 919 4174 potius
956 4120 1029 4166 se,
1069 4107 1193 4157 m.2
1230 4103 1473 4174 potuisse
1502 4107 1555 4157 A
1666 4105 1731 4159 21
1773 4105 2065 4159 aecclesiae
2095 4107 2148 4157 A
2259 4105 2328 4158 22
2357 4107 2602 4158 cessetur
2626 4104 2680 4156 A

448 4191 575 4260 quia
614 4208 714 4246 om.
754 4191 887 4244 ΜΕ*
917 4195 1006 4256 (m.
1029 4193 1064 4244 ‚2
1102 4191 1233 4244 add.
1274 4190 1443 4260 quod)
1480 4191 1596 4246 AR
1703 4195 1773 4248 24
1811 4195 2062 4263 separati.
2103 4209 2239 4247 corr.
2279 4210 2345 4246 m.
2370 4197 2400 4244 1
2435 4192 2678 4263 suparati

376 4281 537 4347 (sies)
578 4281 645 4332 M
751 4282 820 4333 25
860 4281 1057 4334 crimen
1098 4281 1137 4333 «i
1178 4297 1244 4334 ex
1278 4281 1415 4350 rae.)
1456 4283 1506 4334 A
1619 4283 1688 4337 27
1727 4299 1834 4336 una
1871 4299 2003 4336 uoce
2041 4281 2160 4336 edd.
2309 4281 2544 4335 dixerint
2570 4279 2676 4334 ΓΑ

375 4369 495 4424 edd.
604 4369 672 4422 28
710 4367 991 4438 baptizare
1030 4370 1081 4421 A
1229 4368 1450 4424 fuerunt
1486 4371 1560 4422 M
