3184 4959
569 457 698 521 658
1303 453 1356 508 S.
1414 453 1696 507 Aureli
1746 455 2185 524 Augustini

570 649 811 715 contari
869 650 979 714 uel
1034 650 1203 714 ultro
1253 647 1444 713 stiam
1499 648 1939 732 praedicantes
1987 650 2204 715 audire
2260 652 2462 734 potui,
2520 653 2891 718 castitatem

573 757 1006 838 uirtutemque
1063 754 1628 820 administrationis
1686 758 1833 821 tuae
1890 760 2255 822 constanter
2308 760 2560 824 omnino
2624 757 2888 823 laudan-

571 863 750 929 tibus
825 867 1016 946 atque
1086 861 1589 945 praeferentibus
1666 865 1732 927 et
1804 862 1943 928 sine
2012 864 2148 929 ullo
2225 866 2525 947 scrupulo
2592 865 2889 930 dissonae

569 971 903 1036 uarietatis
943 969 1160 1051 accepi
1199 971 1264 1033 et
1303 986 1377 1033 eo
1417 968 1673 1047 certine,
1726 967 1897 1052 quod
1934 970 2311 1054 ignorabant
2348 971 2889 1038 necessitudinem

573 1081 854 1142 nostram
903 1079 986 1155 et,
1036 1079 1250 1140 utrum
1297 1077 1364 1140 te
1410 1074 1517 1140 uel
1563 1075 1841 1140 tenuiter
1886 1095 2163 1156 nossem,
2218 1078 2473 1160 penitus
2520 1079 2891 1144 nesciebant
2964 1103 2993 1143 5

571 1183 1037 1268 praedicatores
1087 1182 1202 1259 tui,
1251 1202 1329 1248 ne
1376 1182 1582 1266 magis
1625 1201 1733 1247 eos
1781 1181 2042 1246 auribus
2089 1182 2249 1246 meis
2298 1201 2366 1246 se
2407 1182 2657 1248 dedisse
2694 1203 2891 1266 quam

572 1310 724 1356 uera
771 1290 848 1354 de
891 1293 958 1355 te
1006 1307 1299 1374 spargere
1347 1288 1689 1354 crederem.
1736 1287 1827 1352 ibi
1873 1288 2039 1352 enim
2088 1292 2187 1354 est
2234 1307 2271 1352 a
2313 1290 2597 1355 uanitate
2640 1295 2893 1356 remota

571 1397 877 1476 laudatio,
925 1397 1036 1462 ubi
1075 1397 1267 1460 etiam
1307 1395 1692 1478 uituperatio
1732 1394 1809 1459 ab
1851 1394 2193 1460 offensione
2235 1415 2457 1460 secura
2494 1400 2612 1462 est.
2660 1416 2892 1461 uerum

572 1506 808 1584 tamen,
867 1522 901 1569 o
957 1503 1150 1568 frater
1206 1503 1432 1568 eximie
1489 1505 1556 1566 et
1611 1502 2041 1567 sincerissima
2086 1502 2423 1568 dilectione
2476 1504 2891 1584 honorabiliS‚

573 1630 698 1676 non
735 1629 903 1674 nune
943 1609 1265 1675 docendus
1307 1629 1395 1689 es,
1447 1609 1558 1673 sed
1607 1609 1876 1674 fortasse
1916 1609 2346 1676 admonendus
2384 1613 2594 1676 tamen
2632 1629 2889 1676 omnem
2934 1637 2987 1675 ιο

575 1711 766 1782 istam
832 1715 1100 1800 gloriam
1165 1716 1528 1798 famamque
1592 1717 1965 1798 popularem
2031 1734 2154 1780 non
2220 1715 2283 1779 in
2344 1735 2449 1781 ore
2504 1717 2689 1801 uulgi
2743 1736 2891 1782 esse

575 1822 944 1888 laetabilem
993 1821 1105 1886 sed
1142 1821 1206 1886 in
1244 1822 1434 1886 rebus
1475 1821 1657 1904 ipsiS‚
1698 1841 1880 1904 quae,
1922 1822 2113 1887 etiam
2154 1823 2209 1888 si
2247 1823 2447 1907 uulgo
2486 1823 2891 1906 displiceant,

575 1929 828 2013 proprio
885 1931 1099 1993 tamen
1156 1927 1406 2012 fulgore
1452 1947 1524 1992 ac
1581 1929 1857 2011 pondere
1927 1948 2047 1994 non
2106 1929 2520 2012 inperitorum
2570 1948 2892 1994 commen—

577 2035 829 2100 datione
890 2034 1206 2118 pretiosae
1272 2037 1438 2112 sunt,
1507 2035 1839 2119 magisque
1908 2035 2305 2100 miserandus
2366 2039 2484 2115 est,
2554 2036 2663 2118 qui
2727 2036 2891 2100 talia

575 2142 890 2223 inprobat,
956 2161 1146 2223 quam
1220 2141 1349 2218 ille,
1416 2142 1525 2223 qui
1591 2141 1669 2206 de
1732 2141 1972 2207 talibus
2036 2142 2429 2224 inprobatur,
2504 2142 2887 2208 iudicandus
2934 2169 2989 2208 ιε»

577 2247 790 2314 miser.
862 2267 1007 2312 cum
1083 2265 1234 2311 uero
1309 2248 1565 2329 placent
1632 2250 1695 2312 et
1768 2247 1893 2312 sibi
1957 2247 2171 2312 debita
2242 2249 2431 2313 laude
2493 2248 2897 2332 populariter

578 2373 830 2437 quoque
885 2353 1348 2436 praedicantur,
1406 2373 1484 2418 ne
1541 2353 1634 2419 sic
1692 2353 1951 2436 quidem
2001 2354 2178 2438 ipsae
2234 2355 2504 2420 maiores
2558 2354 2893 2420 meliores-

580 2481 702 2544 que
739 2460 900 2526 fiunt
937 2461 1142 2526 alieno
1183 2461 1441 2539 iudicio,
1481 2461 1778 2543 quoniam
1818 2461 2215 2546 integrantur
2249 2463 2477 2526 intima
2513 2462 2783 2526 ueritate
2820 2465 2897 2527 et

581 2569 784 2634 solius
841 2568 1266 2634 conscientiae
1321 2568 1546 2632 robore
1601 2567 1974 2634 solidantur.
2032 2568 2197 2633 unde
2252 2568 2463 2653 magis
2518 2567 2895 2632 hominibus

581 2679 752 2742 recte
810 2676 1318 2741 existimantibus
1369 2696 1558 2759 quam
1608 2677 1686 2754 ei,
1737 2675 1811 2739 de
1862 2695 1983 2758 quo
2040 2676 2200 2740 bene
2255 2676 2495 2760 uulgus
2544 2675 2895 2754 existimat,
2938 2703 2999 2742 no

589 2783 829 2866 aliquid
877 2803 948 2848 ex
994 2802 1066 2848 eo
1113 2783 1443 2848 felicitatis
1491 2783 1759 2848 accedit.

503 2885 542 2948 3
680 2888 856 2968 Quae
912 2907 1058 2954 cum
1115 2889 1352 2972 optime
1405 2889 1683 2968 noueris,
1749 2889 1849 2954 u-ir
1902 2889 2084 2968 bone,
2140 2889 2406 2966 intuere,
2463 2891 2539 2953 ut
2596 2888 2898 2971 coepisti,

587 2995 938 3060 fortissima
993 2995 1198 3060 cordis
1255 2996 1388 3060 acie
1445 2996 1773 3061 dominum
1827 2998 2117 3061 nostrum
2171 2997 2385 3061 Iesum
2442 2994 2765 3060 Christum
2828 2999 2903 3059 et

591 3101 668 3166 ab
725 3101 895 3166 omni
949 3101 1119 3166 inani
1173 3101 1345 3166 fastu
1403 3103 1657 3167 omnino
1716 3102 2160 3166 detumescens
2227 3103 2499 3186 adsurgo
2560 3102 2624 3166 in
2680 3101 2899 3177 illum,

593 3207 702 3290 qui
747 3226 867 3271 non
915 3211 1182 3273 uentose
1231 3208 1468 3273 alleuat
1505 3227 1847 3274 conuersos
1897 3208 1975 3272 ad
2024 3227 2111 3288 se,
2160 3208 2268 3272 sed
2319 3209 2508 3272 certis
2554 3207 2702 3275 fidei
2750 3227 2901 3290 pas·
2942 3237 3007 3276 a

593 3314 772 3379 sibus
799 3314 1142 3379 innitentes
1163 3317 1352 3397 atque
1381 3315 1793 3380 ascendentes
1816 3316 2103 3380 conlocat
2122 3317 2185 3379 in
2219 3316 2600 3400 sempiterno
2634 3314 2901 3398 fastigio

668 3559 694 3610 1
736 3558 825 3611 uel
863 3556 1007 3610 ultro
1047 3557 1234 3626 etiam]
1277 3559 1374 3610 aut
1410 3557 1463 3608 A
1583 3558 1619 3612 4
1659 3557 1830 3627 accipi
1868 3557 1923 3609 P
2065 3573 2169 3626 quo
2206 3573 2261 3610 m
2403 3556 2713 3626 ignorabat.
2752 3573 2902 3610 corr.

592 3651 712 3702 m.1
747 3645 1079 3715 ignorabant
1111 3644 1174 3699 F
1269 3646 1299 3699 7
1330 3662 1639 3715 spargerem
1682 3649 1755 3711 (m
1794 3647 1898 3699 del.
1937 3663 2006 3700 m.
2028 3651 2088 3713 2)
2122 3646 2196 3698 P¹
2304 3647 2337 3699 9
2376 3663 2407 3700 ο
2448 3662 2567 3709 om,
2606 3663 2673 3700 m.
2700 3651 2729 3699 1
2762 3663 2807 3698 a.
2838 3663 2903 3699 u.

595 3735 726 3788 add.
765 3734 840 3787 M
1007 3734 1362 3788 dilectissima
1398 3735 1712 3789 sinceritate
1749 3735 1805 3789 R
1944 3735 2009 3788 10
2050 3751 2107 3789 es
2145 3733 2264 3804 sed]
2310 3741 2339 3788 e
2378 3751 2431 3798 s;
2469 3750 2535 3788 ex
2570 3750 2716 3788 corr.
2752 3751 2824 3787 m.
2846 3737 2905 3793 2,

591 3825 765 3892 fuisse
798 3824 916 3878 uid.
957 3829 1016 3879 δῖε
1044 3823 1116 3879 Μ
1151 3841 1265 3877 esse
1293 3829 1349 3877 A
1489 3827 1674 3878 tamen
1706 3841 1809 3878 om.
1838 3824 2151 3879 MFAP¹R
2178 3823 2296 3878 edd.
2374 3825 2440 3878 12
2466 3822 2798 3877 laudabilem
2833 3822 2915 3876 M

667 3929 774 3982 qua
806 3912 863 3965 P
1004 3912 1327 3982 dispiceant,
1363 3929 1431 3966 m.
1453 3918 1487 3966 2
1525 3913 1851 3983 displiceant
1885 3913 1942 3968 R
2072 3913 2136 3966 13
2174 3911 2441 3982 propriori
2476 3911 2528 3965 A
2672 3905 2909 3980 imperi·

592 4004 783 4064 torem,
823 4016 962 4058 corr.
999 4004 1120 4056 m.1
1154 4001 1528 4070 imperitorum
1565 4001 1627 4054 F
1698 4002 1765 4056 14
1784 4007 1917 4070 post
1952 4003 2083 4054 sunt
2115 4018 2185 4054 m.
2207 4003 2247 4054 2
2280 4001 2343 4053 in
2378 4015 2546 4068 mat-9.
2586 3997 2737 4052 add!
2770 4014 2911 4068 pen-

595 4088 763 4144 sande
799 4089 856 4142 P
963 4089 1028 4145 15
1070 4089 1164 4159 qui
1203 4088 1269 4143 de
1306 4090 1510 4144 talibus
1547 4107 1617 4146 m.
1641 4093 1681 4144 2
1716 4107 1784 4144 ex
1821 4090 1951 4159 quid
1990 4091 2035 4145 ἃς
2072 4089 2249 4144 alibus
2284 4087 2359 4142 P¹
2482 4086 2701 4157 Niudic
2782 4083 2917 4154 dus]

593 4177 965 4232 iudicaturM
1070 4181 1136 4232 17
1174 4195 1274 4232 nec
1303 4179 1428 4233 MR
1466 4179 1587 4234 edd.
1734 4181 1839 4249 ipsi
1868 4179 2047 4235 MAR
2188 4177 2439 4232 meliores
2476 4196 2587 4232 mai
2644 4193 2673 4230 e
2730 4194 2829 4248 que
2857 4176 2919 4232 R

597 4267 666 4321 20
703 4267 904 4336 uulgus
941 4267 1080 4322 bene
1120 4267 1240 4322 edd.
1363 4268 1429 4321 21
1471 4267 1673 4325 accidit
1707 4268 2019 4322 MFAP¹R
2058 4265 2177 4322 edd.
2302 4267 2371 4320 22
2410 4267 2495 4321 uir
2533 4267 2601 4322 bo
2676 4272 2719 4340 e]
2750 4266 2923 4321 uerbo

592 4371 662 4409 ne
698 4355 824 4408 MA
932 4357 1004 4411 23
1042 4356 1350 4410 firmissima
1387 4357 1442 4410 A
1551 4357 1619 4412 25
1660 4357 2003 4426 passionibus
2040 4356 2221 4411 MFA

2545 4622 2622 4760 ἒ.

2546 4820 2602 4959 j*
