3184 4959
1151 449 1683 518 epistularum
1736 449 1931 504 XLIII.
2598 455 2683 522 99

386 644 638 708 omnino
669 645 1100 710 committeret
1135 664 1272 722 nec,
1313 645 1368 708 si
1397 645 1771 730 peregrinus
1800 647 2107 712 ecclesiae
2140 647 2681 732 Carthaginiensis

381 753 594 816 subito
663 756 838 817 esset
901 751 1238 835 episcopus
1305 751 1633 818 ordinatus
1692 756 1756 817 et
1812 753 2145 836 ignoraret,
2206 754 2357 836 quid
2413 754 2491 818 ad
2548 774 2679 820 cor-

379 859 762 940 rumpendos
830 860 1074 924 animos
1139 859 1245 923 uel
1307 859 1715 942 inproborum
1790 860 1897 925 uel
1969 859 2387 942 inperitorum
2458 867 2681 943 posset

377 967 530 1029 tunc
573 965 1106 1047 pecuniosissima
1151 966 1382 1030 mulier
1425 966 1675 1031 Lucilla
1721 966 2047 1049 quaedam,
2096 985 2284 1048 quam
2332 986 2443 1049 pro
2491 966 2676 1032 disci-

315 1091 340 1128 5
375 1070 546 1152 plina
620 1072 1060 1137 ecclesiastica
1132 1072 1526 1156 corripiendo
1604 1072 1793 1151 idem,
1871 1092 2017 1136 cum
2100 1077 2270 1138 esset
2352 1072 2673 1150 diaconus,

289 1627 335 1662 10

277 2690 326 2728 2⁰

374 1177 664 1242 laeserat.
729 1178 920 1244 etiam
987 1179 1107 1243 hoc
1173 1179 1340 1244 enim
1407 1183 1763 1244 accesserat
1824 1180 2062 1244 malum
2131 1179 2209 1244 ad
2264 1179 2437 1244 illam
2492 1179 2673 1262 perfi-

375 1283 658 1349 ciendam
730 1284 1158 1367 iniquitatem.
1225 1306 1370 1350 nam
1435 1287 1498 1350 in
1563 1287 1677 1351 illo
1746 1286 2037 1362 concilio,
2104 1286 2214 1350 ubi
2271 1306 2307 1350 a
2364 1286 2671 1371 confessis

371 1391 785 1456 traditoribus
851 1394 1146 1458 absentes
1213 1396 1404 1476 atque
1469 1394 1835 1459 innocentes
1904 1393 2183 1458 damnati
2248 1397 2415 1466 sunt,
2483 1393 2671 1476 pauci

371 1497 626 1580 quidam
659 1502 852 1570 erant,
897 1500 1005 1582 qui
1045 1499 1305 1564 crimina
1343 1517 1461 1564 sua
1505 1499 1830 1564 infamatis
1872 1499 2013 1563 aliis
2052 1502 2267 1582 tegere
2308 1497 2666 1581 cupiebant,

369 1610 440 1669 ut
493 1604 787 1670 homines
835 1625 871 1669 a
917 1605 1208 1670 ueritatis
1264 1604 1677 1687 inquisitione
1736 1608 2169 1670 auerterentur
2220 1604 2403 1670 falsis
2458 1623 2667 1669 rumo-

367 1710 542 1775 ribus
611 1712 880 1777 auocati.
947 1713 1136 1794 pauci
1203 1731 1351 1796 ergo
1411 1715 1605 1788 erant,
1667 1711 1775 1794 qui
1831 1713 1951 1778 hoc
2006 1711 2339 1795 negotium
2396 1710 2665 1775 maxime

367 1817 690 1893 curabant,
739 1817 1034 1900 quamuis
1079 1818 1143 1882 in
1194 1817 1285 1881 eis
1334 1822 1508 1882 esset
1551 1818 1753 1882 maior
1791 1818 2133 1884 auctoritas
2170 1821 2425 1900 propter
2460 1817 2664 1901 ipsius

367 1920 642 1988 Secundi
697 1923 1091 2000 societatem,
1151 1923 1260 2006 qui
1317 1923 1408 1987 eis
1464 1927 1832 2007 pepercerat
1876 1923 2157 1989 territus,
2207 1923 2401 1988 ceteri
2449 1927 2660 1988 autem

363 2029 646 2094 Lucillae
691 2029 962 2110 pecunia
1009 2019 1278 2094 maxime
1327 2028 1635 2094 aduersus
1676 2028 2103 2094 Caecilianum
2144 2029 2342 2113 empti
2382 2033 2446 2093 et
2482 2030 2661 2094 insti-

305 2157 328 2196 5
365 2136 495 2219 gati
551 2136 982 2218 perhibentur.
1042 2139 1256 2200 extant
1313 2140 1498 2220 gesta
1553 2135 1721 2219 apud
1769 2135 2188 2219 Zenophilum
2238 2137 2657 2214 consularem,

361 2243 469 2306 ubi
513 2241 948 2306 Nundinarius
997 2242 1253 2325 quidam
1304 2242 1607 2308 diaconus
1649 2263 1685 2307 a
1724 2241 1983 2307 Siluano
2027 2243 2297 2309 Cirtensi
2338 2243 2655 2327 episcope,

362 2355 668 2430 quantum
723 2349 886 2431 ipsis
941 2351 1140 2434 gestis
1199 2349 1613 2433 intellegitur,
1672 2349 2053 2434 degradatus
2112 2369 2258 2414 cum
2315 2349 2405 2414 eis
2473 2350 2657 2414 satis—

359 2456 560 2520 facere
606 2475 718 2538 per
763 2456 1028 2520 aliorum
1081 2456 1526 2539 episcoporum
1571 2455 1819 2520 litteras
1867 2456 2103 2520 frustra
2149 2458 2413 2521 conatus
2460 2459 2653 2536 esset,

359 2562 558 2627 multa
603 2562 908 2644 patefecit
953 2563 1153 2628 iratus
1204 2566 1269 2628 et
1312 2563 1376 2627 in
1422 2561 1733 2627 iudicium
1779 2562 2109 2646 publicum
2153 2562 2443 2644 protulit.
2493 2563 2655 2626 inter

359 2687 514 2750 quae
561 2667 628 2732 id
667 2688 918 2752 quoque
957 2673 1521 2734 commemoratum
1557 2669 1820 2752 legitur,
1860 2669 2029 2752 quod
2066 2668 2345 2733 Lucillae
2382 2669 2653 2751 pecunia

359 2775 668 2858 corruptis
745 2775 1062 2858 episcopis
1141 2773 1202 2838 in
1292 2773 1797 2858 Carthaginiensi
1880 2774 2167 2854 ccclesia,
2250 2773 2313 2838 in
2398 2774 2650 2839 Africae

355 2881 576 2963 capite.
629 2881 823 2946 altare
873 2883 1092 2947 contra
1137 2881 1330 2946 altare
1377 2882 1664 2945 leuatum
1712 2885 1831 2946 est.
1872 2881 2025 2960 scic,
2069 2880 2238 2964 quod
2275 2880 2429 2946 haec
2469 2889 2651 2964 gesta

353 2988 536 3052 uobis
583 3007 706 3052 non
751 2987 1116 3071 legerimuS,
1167 2988 1279 3052 sed
1325 2989 1582 3067 tempus
1630 3005 1753 3051 non
1802 2987 2003 3051 fuisse
2058 2986 2463 3052 meministis,
2517 2987 2646 3052 ine-

353 3096 448 3158 rat
501 3093 694 3159 etiam
750 3095 1096 3159 nonnullus
1146 3093 1326 3158 dolor
1373 3093 1564 3158 animi
1614 3095 1690 3158 de
1737 3095 1933 3176 typho
1985 3094 2315 3177 superbiae
2362 3094 2644 3171 uenienS,

295 3223 317 3262 5
353 3200 517 3282 quod
564 3219 686 3266 non
736 3201 860 3282 ipsi
909 3200 1354 3265 ordinauerant
1401 3199 1768 3284 Carthagini
1816 3200 2203 3284 episcopum.

418 3464 442 3517 1
485 3463 940 3533 carthaginiensis
977 3463 1018 3528 (i
1056 3463 1190 3516 med.
1231 3467 1372 3531 exp.)
1411 3463 1472 3517 F
1505 3463 1935 3532 carthaginensis
1971 3463 2083 3516 AR
2120 3461 2239 3515 edd.
2360 3464 2394 3516 2
2435 3462 2636 3531 episco-

345 3569 440 3620 pus
479 3555 624 3605 esset
659 3551 781 3605 edd.
894 3551 1312 3621 corrumpendas
1351 3552 1439 3620 (m.
1463 3555 1492 3603 1
1529 3568 1559 3604 o
1597 3567 1761 3620 super
1798 3555 1849 3616 a)
1890 3550 1945 3606 R
2053 3553 2089 3604 4
2126 3550 2389 3620 quaedam
2430 3549 2637 3604 Lucilla

343 3641 458 3693 edd.
603 3641 798 3694 lucisla
833 3641 887 3694 A
997 3642 1029 3694 5
1070 3639 1426 3710 corripienda,
1464 3655 1603 3694 cor-r.
1642 3657 1708 3694 m.
1732 3645 1761 3692 1
1800 3637 2134 3709 corripiendo
2174 3638 2226 3690 P
2345 3639 2377 3692 9
2418 3637 2634 3708 quidam

341 3745 456 3787 om.⁹
485 3733 606 3782 m.1
640 3729 704 3781 in
741 3745 910 3799 vnary.
952 3728 1083 3783 add.
1113 3729 1188 3782 Μ
1259 3730 1326 3784 10
1363 3732 1674 3782 auerterent
1699 3729 1754 3782 R
1832 3730 1897 3782 12
1936 3730 2121 3782 essent
2156 3726 2213 3798 (n
2251 3743 2369 3796 exp.
2397 3745 2468 3784 m.
2488 3732 2537 3794 1)
2568 3727 2640 3780 Μ

345 3818 406 3872 13
441 3819 647 3872 territis
685 3821 738 3871 A
852 3819 918 3871 15
955 3817 1312 3888 prohibentur
1347 3817 1402 3872 R
1515 3819 1580 3871 16
1618 3815 1991 3870 mundium-ius
2026 3816 2083 3871 R
2228 3815 2509 3886 diaconus]
2552 3815 2632 3868 di-

339 3909 476 3960 citur
511 3907 585 3959 M
727 3907 954 3960 circensi
989 3906 1066 3960 M
1172 3908 1236 3962 17
1275 3906 1610 3976 degradatis,
1650 3923 1787 3961 corr.
1826 3925 1893 3962 m.
1916 3911 1945 3959 1
1983 3904 2313 3974 degradatus
2351 3906 2426 3959 Μ
2530 3905 2607 3957 eis

341 3997 387 4058 (s
421 4001 584 4060 eras.)
625 3995 682 4048 P
815 3995 880 4050 18
917 3995 1119 4048 litteris
1159 3996 1214 4048 A
1374 3996 1439 4049 19
1478 3996 1683 4064 interq3
1724 3994 1779 4048 id
1815 3995 1941 4049 MP
1976 3997 2127 4062 (m.2
2160 4002 2196 4064 q
2226 4009 2331 4062 pro
2370 3996 2451 4062 q;)
2490 3994 2637 4047 inter

336 4084 458 4152 (om.
499 4101 638 4153 quae
676 4083 754 4152 id)
792 4083 854 4138 F
956 4085 1020 4138 21
1065 4085 1326 4154 correptis
1364 4085 1418 4138 P
1561 4073 1655 4155 eps
1695 4087 1833 4154 (m.1
1872 4085 1889 4136 i
1926 4099 2101 4152 sup-ra
2141 4083 2295 4149 add.)
2334 4081 2395 4134 F
2516 4099 2629 4136 car-

335 4171 643 4241 thaginensi
667 4173 842 4228 MFR
861 4171 982 4226 edd.
1074 4173 1142 4226 22
1173 4173 1350 4242 capite
1379 4173 1549 4227 altere
1580 4177 1740 4237 (coma
1772 4190 1839 4226 m.
1862 4177 1893 4224 1
1919 4172 2114 4236 altare)
2143 4170 2218 4223 Μ
2320 4171 2533 4224 leuatus
2561 4169 2635 4223 M

337 4263 484 4323 (m.2
517 4261 784 4326 leuatum)
826 4261 932 4314 EA
1113 4262 1182 4316 23
1223 4262 1390 4316 fuisse
1429 4279 1538 4316 non
1575 4262 1648 4316 M
1681 4279 1787 4316 non
1827 4278 1942 4314 esse
1980 4261 2035 4314 R
2207 4261 2410 4312 interut
2450 4261 2562 4328 (pr.
2603 4268 2629 4312 t

332 4363 446 4416 exp.
483 4367 552 4403 m.
575 4354 636 4416 2)
677 4349 752 4402 M
853 4351 924 4404 24
962 4348 1116 4419 thipo
1161 4351 1227 4403 M
1259 4355 1391 4420 typo
1433 4351 1490 4404 F
1523 4352 1664 4420 (m.1
1702 4367 1841 4404 corr.
1882 4349 2071 4418 thypo)
2112 4349 2221 4403 AR

2492 4454 2552 4506 7*
