3184 4959
131 855 183 914 V
224 857 301 918 16

303 1627 353 1666 10

1146 444 1678 514 epistularum
1737 443 1934 499 XCIII.
2565 446 2689 510 461

396 641 813 706 uanissimam
878 638 1208 704 hominum
1268 639 1555 723 gloriam,
1615 657 1802 722 quam
1854 657 1970 703 uos
2015 639 2260 720 putatis
2307 639 2590 722 perdere,
2641 641 2696 703 si

396 748 689 832 cognitae
734 747 995 812 ueritati
1044 745 1513 811 consenseritis,

482 854 679 918 Vides
726 854 943 936 itaque
988 853 1135 930 iam,
1182 855 1257 918 ut
1304 851 1542 934 opinor,
1591 871 1714 916 non
1761 869 1901 916 esse
1941 851 2488 928 considerandum,
2528 851 2696 933 quod
2795 843 2811 856 ’

394 961 663 1044 quisque
738 961 1005 1044 cogitur,
1082 959 1196 1024 sed
1270 959 1453 1041 quale
1528 959 1617 1024 sit
1686 959 1868 1034 illud,
1944 977 2068 1042 quo
2143 960 2414 1044 cogitur,
2477 963 2695 1024 utrum

392 1069 628 1132 bonum
678 1087 753 1132 an
804 1066 1064 1132 malum.
1114 1084 1237 1132 non
1278 1083 1403 1148 quo
1442 1067 1714 1148 quisque
1761 1066 1965 1130 bonus
2003 1083 2144 1130 esse
2183 1066 2394 1148 possit
2427 1049 2738 1142 inuitus„

393 1175 506 1239 sed
560 1173 866 1250 timendo,
926 1174 1095 1256 quod
1149 1192 1271 1239 non
1328 1174 1493 1252 uult,
1539 1173 1674 1256 pati
1731 1173 1838 1236 uel
1899 1171 2202 1254 relinquit
2245 1171 2696 1254 impedientem

394 1280 863 1347 animositatem
916 1281 1019 1344 uel
1065 1280 1419 1364 ignoratam
1468 1277 1874 1362 compellitur
1920 1295 2298 1362 cognoscere
2335 1277 2692 1355 ueritatem,

392 1391 467 1454 ut
510 1387 741 1452 timens
786 1388 893 1450 uel
940 1391 1201 1468 respuat
1234 1385 1489 1456 falsum,
1530 1385 1607 1450 de
1647 1403 1770 1468 quo
1811 1383 2250 1462 contendebat,
2291 1385 2398 1448 uel
2435 1391 2698 1466 quaerat

392 1513 637 1570 uerum,
706 1493 873 1576 quod
930 1492 1275 1571 nesciebat,
1334 1496 1399 1556 et
1452 1494 1679 1558 uolens
1735 1493 1861 1556 iam
1915 1494 2150 1568 teneat,
2199 1491 2372 1573 quod
2417 1492 2690 1556 nolebat.

394 1601 711 1684 superfluo
784 1601 1057 1664 fortasse
1123 1600 1245 1663 hoc
1310 1598 1628 1663 diceretur
1691 1597 2089 1682 quibuslibet
2149 1597 2384 1674 uei-bie,
2451 1597 2506 1662 si
2569 1615 2692 1661 non

391 1712 519 1772 tam
568 1706 787 1770 multis
836 1706 1276 1770 ostenderetur
1323 1705 1646 1788 exemplis.
1697 1724 1819 1769 non
1866 1705 2011 1772 illos
2061 1709 2172 1768 aut
2217 1703 2366 1769 illos
2405 1703 2692 1769 homines

392 1813 505 1879 sed
566 1813 803 1878 multas
872 1812 1169 1877 ciuitates
1234 1813 1526 1877 uidemus
1592 1811 1794 1877 fnisse
1858 1811 2250 1890 Donatistae,
2317 1829 2482 1877 nunc
2549 1831 2690 1876 esse

394 1920 763 1996 catholicaS,
850 1920 1153 1984 detestari
1237 1920 1646 1984 uehementer
1739 1919 2114 1983 diabolicam
2209 1919 2690 2001 separationem,

394 2027 657 2110 diligere
723 2026 1013 2090 ardenter
1075 2027 1405 2090 unitatem.
1483 2043 1646 2108 quae
1710 2029 1920 2089 tamen
1987 2025 2236 2090 timoris
2301 2025 2513 2103 huius,
2581 2025 2692 2107 qui

331 2159 355 2196 5
392 2133 513 2197 tibi
576 2132 895 2215 displicet,
964 2132 1404 2199 occasionibus
1473 2131 1825 2197 catholicae
1889 2133 2092 2196 factae
2149 2135 2299 2196 sunt
2351 2151 2463 2214 per
2513 2133 2690 2216 leges

396 2239 845 2320 imperatorum
896 2257 931 2301 a
979 2237 1415 2314 Constantino,
1472 2237 1640 2320 apud
1701 2255 1886 2318 quem
1943 2237 2218 2319 primum
2276 2237 2476 2302 uestri
2521 2238 2689 2302 ultro

395 2343 820 2409 Caecilia-num
886 2347 1368 2420 accusauerunt,
1435 2362 1638 2426 usque
1705 2343 1784 2406 ad
1837 2348 2201 2425 praesentes
2255 2344 2686 2426 imperatoreS,

393 2451 503 2531 qui
565 2451 875 2516 iudicium
938 2450 1133 2528 illius,
1202 2469 1385 2533 quem
1454 2450 1652 2514 uestri
1719 2451 2065 2532 elegerunt,
2120 2468 2308 2531 quem
2366 2449 2688 2515 iudicibus

394 2557 707 2642 episcopis
770 2558 1227 2642 praetulerunt,
1294 2557 1648 2622 iustissime
1713 2560 1937 2621 contia
2009 2575 2127 2620 uos
2201 2556 2686 2621 custodiendum

394 2683 535 2731 esse
583 2664 948 2730 decernunt.

481 2773 601 2836 His
668 2791 817 2855 ergo
884 2770 1187 2852 exemplis
1244 2789 1279 2834 a
1336 2769 1604 2853 collegis
1667 2771 1830 2834 meis
1885 2770 2040 2834 mihi
2081 2769 2444 2851 'propositis
2502 2770 2687 2834 cessi.

394 2897 535 2942 nam
600 2899 743 2943 mea
804 2877 1104 2960 primitus
1164 2879 1476 2942 sententia
1530 2897 1652 2942 non
1713 2882 1846 2942 erat
1897 2877 2020 2942 nisi
2069 2878 2380 2941 neminem
2429 2877 2506 2940 ad
2557 2876 2688 2940 uui-

392 2988 587 3058 tatem
658 2984 894 3050 Christi
958 3004 1098 3050 esse
1162 2983 1535 3068 cogendum,
1601 2984 1796 3049 uerbo
1865 3002 2005 3048 esse
2071 2984 2408 3066 agendum,
2476 2983 2688 3064 dispu-

392 3093 626 3156 tatione
691 3092 1121 3176 pugnandum,
1188 3090 1429 3155 ratione
1494 3089 1901 3168 uincendum,
1965 3109 2044 3154 ne
2099 3091 2282 3154 fictos
2341 3089 2686 3154 catholicos

393 3199 789 3276 haberemuS,
867 3217 1027 3283 quos
1100 3203 1351 3281 apertos
1426 3197 1779 3262 haereticos
1853 3217 2254 3262 noueremus.
2341 3196 2449 3261 sed
2533 3197 2688 3260 haec

396 3306 605 3388 opinio
674 3324 815 3370 mea
872 3323 991 3370 non
1050 3304 1614 3371 contradicentium
1673 3304 1888 3368 uerbis
1946 3302 2057 3368 sed
2122 3303 2689 3368 demonstrantium

469 3638 492 3688 1
553 3634 781 3705 gloriam
841 3639 899 3688 et
950 3634 1323 3704 possessiones
1370 3637 1610 3688 terrenas
1659 3649 1794 3702 quas
1839 3648 1938 3685 uos
1993 3633 2202 3685 timetis
2252 3631 2476 3702 perdere
2529 3649 2688 3700 quam

396 3724 645 3794 cognitae
681 3725 736 3777 L
882 3724 928 3777 si
965 3740 1089 3790 om„
1126 3739 1194 3776 m.
1217 3727 1257 3776 2
1295 3721 1426 3776 add.
1463 3720 1537 3775 M
1712 3724 1745 3775 2
1785 3721 2166 3774 consenseritis
2208 3721 2410 3788 (seritis
2449 3737 2516 3774 ex
2552 3737 2687 3774 corr.

392 3819 535 3880 m.1)
573 3813 633 3866 N
672 3813 1051 3866 consentiretis
1089 3813 1215 3865 MP
1250 3822 1412 3877 (corr.
1450 3828 1517 3864 m.
1541 3815 1570 3864 1
1610 3810 2014 3876 consenseritis)
2053 3811 2110 3865 R
2233 3812 2270 3863 4
2307 3809 2691 3878 sed—cogitur

393 3918 495 3956 om,
532 3901 599 3955 N
774 3919 897 3970 quo,
934 3906 1057 3956 naz
1094 3899 1239 3970 quod
1281 3901 1327 3953 (J
1467 3903 1500 3954 5
1537 3901 1716 3969 possit
1751 3915 1867 3954 esse
1906 3899 2016 3954 PR
2051 3899 2172 3952 edd.
2319 3900 2349 3953 7
2389 3899 2602 3967 cogitur
2639 3898 2691 3950 L

394 3991 427 4044 8
464 4005 719 4060 respuens
748 3989 801 4042 L
893 3991 924 4044 9
961 3993 1153 4043 teneat
1187 3990 1295 4043 iam
1334 3989 1454 4042 edd.
1550 3989 1617 4042 10
1654 3989 1757 4042 hoe
1791 3989 2022 4042 fortasse
2057 3987 2204 4040 CPL
2242 3987 2362 4042 edd.
2458 3987 2518 4041 11
2551 3987 2688 4054 tam]

393 4085 575 4133 tamen
610 4080 667 4133 A
800 4079 864 4133 12
903 4078 1165 4142 uidemus,
1206 4095 1345 4132 corr.
1386 4095 1451 4132 m.
1475 4083 1505 4130 1
1545 4076 1782 4131 uidimus
1819 4076 1882 4130 N
2023 4093 2140 4130 esse
2179 4075 2322 4130 dona
2359 4075 2526 4142 (dona
2561 4075 2688 4139 del.)

394 4168 689 4223 catholicas
734 4168 779 4222 G
869 4168 931 4221 15
970 4167 1219 4237 dispicet,
1257 4185 1325 4220 m.
1350 4171 1389 4220 :2
1426 4166 1678 4236 displicet
1714 4165 1770 4218 R
1855 4167 1918 4220 16
1954 4167 2353 4234 imperatorem,
2393 4181 2529 4218 corr.
2567 4181 2636 4216 m.
2660 4168 2690 4215 1

392 4258 775 4327 imperatorum
812 4256 887 4310 Μ
1010 4273 1041 4310 a
1078 4271 1180 4311 om.
1220 4255 1343 4330 MA
1435 4255 1501 4309 18
1540 4255 1626 4309 bis
1653 4256 1836 4324 quem]
1875 4252 2020 4324 quod
2058 4256 2109 4306 A
2201 4255 2266 4308 21
2299 4259 2428 4322 post
2465 4269 2592 4322 ergo
2629 4252 2692 4304 in

396 4347 504 4411 fine
538 4363 590 4399 u.
631 4362 743 4400 ras.
788 4349 939 4398 3-4
978 4345 1011 4398 l.
1052 4345 1126 4397 M
1230 4344 1298 4397 ‘23
1338 4343 1637 4412 cogendum
1680 4360 1794 4396 esse
1832 4343 1887 4398 R
1997 4344 2065 4397 25
2103 4359 2358 4396 noueram
2395 4342 2450 4396 R
