3184 4959
1175 449 1709 518 epistularum
1765 447 1984 506 XLVII.
2603 452 2723 517 131

425 645 791 708 memorasti
847 644 928 708 de
977 643 1189 709 Laban
1247 647 1312 710 et
1365 646 1758 722 Abimelech‚
1816 645 1893 710 si·
1924 649 2138 712 tamen
2193 645 2567 712 Abimelech
2615 666 2727 731 per

427 752 574 816 deos
641 771 794 818 suos
858 751 1097 816 iurauit
1163 752 1330 817 sicut
1395 753 1605 816 Laban
1672 771 1784 834 per
1838 752 2029 818 deum
2085 751 2361 819 Nachor.
2418 753 2594 833 haec,
2652 759 2726 820 ut

425 858 570 937 dixi,
637 857 764 922 alia
826 857 1114 940 quaestio
1183 861 1302 937 est,
1371 877 1530 940 quae
1596 878 1699 923 me
1764 861 1991 925 merito
2056 859 2350 924 fortassis
2414 865 2723 940 moueret,

425 965 546 1029 nisi
602 965 717 1029 illa
773 965 1058 1048 exempla
1115 965 1542 1030 occurrissent
1598 965 1675 1030 de
1729 967 1909 1032 Isaac
1966 969 2032 1030 et
2092 967 2281 1032 Iacob
2348 971 2415 1032 et
2477 967 2532 1032 si
2599 987 2726 1052 qua

357 1086 388 1124 ὁ
427 1071 550 1134 3113
603 1074 873 1153 possunt
927 1071 1220 1149 inueniri,
1269 1072 1324 1136 si
1370 1075 1581 1137 tamen
1632 1072 1795 1137 illud
1840 1092 1963 1139 non
2014 1073 2219 1139 adhuc
2264 1076 2504 1152 mouet,
2554 1075 2721 1156 quod

420 1176 484 1240 in
551 1195 717 1242 nouo
783 1167 1188 1244 testamento
1235 1178 1479 1244 dictum
1545 1183 1664 1257 cst,
1729 1199 1805 1245 ne
1882 1181 2133 1246 omnino
2189 1181 2493 1248 iuremus.
2553 1180 2723 1264 quod

421 1282 579 1347 mihi
626 1282 878 1365 quidem
927 1285 1262 1365 propterea
1308 1277 1864 1363 dictum‘uidetur,
1903 1305 2026 1350 non
2067 1285 2217 1369 quia
2253 1305 2476 1350 uerum
2514 1287 2719 1350 iurare

419 1392 774 1472 peccatum·
817 1391 937 1465 est,
1003 1389 1118 1454 sed
1184 1389 1334 1472 quia
1397 1390 1715 1473 periurare
1780 1391 2056 1457 immane
2114 1395 2447 1476 peccatum
2506 1395 2625 1472 est,
2684 1411 2721 1456 a

421 1514 543 1577 quo
591 1513 707 1560 nos
755 1495 943 1582 longe
993 1515 1134 1561 esse
1180 1496 1410 1574 uoluit,
1461 1497 1571 1579 qui
1619 1498 1791 1562 omni
1836 1497 2027 1564 modo
2074 1517 2150 1562 ne
2188 1498 2469 1562 iuremus
2508 1497 2721 1563 admo-

331 1621 384 1660 ιο
421 1601 580 1668 uuit.
629 1601 739 1666 sed
786 1601 906 1665 tibi
951 1601 1129 1667 aliud
1184 1601 1387 1667 uideri
1445 1603 1601 1682 scio,
1658 1603 1825 1668 unde
1881 1623 2047 1670 nunc
2096 1603 2547 1687 disputandum
2594 1624 2717 1670 non

420 1711 540 1780 est,
595 1711 672 1772 ut
726 1707 887 1772 illud
944 1708 1160 1790 potius
1219 1728 1506 1792 agamus,
1564 1710 1732 1775 unde
1788 1730 1893 1774 me
1948 1710 2407 1776 consulendum
2452 1713 2716 1794 putasti.

420 1813 677 1896 proinde
733 1814 903 1879 sicut
955 1833 1079 1879 non
1137 1815 1331 1893 iuras,
1389 1815 1480 1881 ita
1533 1835 1649 1880 nec
1698 1818 1915 1894 alium,
1964 1817 2020 1882 si
2066 1817 2187 1883 hoc
2232 1819 2463 1900 placet,
2510 1818 2716 1883 iurare

421 1920 784 2004 compella8‚
843 1921 1138 2003 quamuis
1196 1921 1438 1986 dictum
1497 1923 1601 1997 sit,
1660 1941 1739 1987 ne
1785 1923 2091 1998 iuremus,
2138 1943 2453 2007 nusquam
2501 1928 2714 1990 autem

417 2027 480 2090 in
537 2027 868 2110 scripturis
925 2028 1160 2092 sanctis
1217 2029 1346 2112 legi
1411 2029 1830 2104 meminerim,
1886 2049 1963 2095 ne
2020 2029 2097 2095 ab
2156 2027 2279 2097 alio
2331 2029 2711 2096 iurationem

327 2151 382 2192 ιε
419 2132 824 2214 accipiamus.
893 2133 1018 2197 alia
1073 2153 1222 2199 uero
1280 2135 1571 2217 quaestio
1621 2138 1743 2212 est,
1786 2138 2002 2200 utrum
2050 2155 2126 2200 ea
2167 2156 2323 2218 pace
2370 2136 2713 2202 debeamus

419 2239 536 2314 uti,
595 2259 755 2322 quae
810 2239 978 2304 inter
1033 2241 1191 2306 alios
1238 2241 1513 2305 inuicem
1561 2243 1840 2306 iurantes
1886 2242 2057 2306 facta
2102 2245 2220 2306 est.
2269 2239 2437 2324 quod
2496 2241 2549 2305 si
2606 2261 2712 2307 no-

417 2344 745 2428 luerimus,
792 2347 904 2411 ubi
951 2348 1250 2412 uiuamus
1297 2348 1359 2412 in
1409 2348 1615 2425 terrie,
1664 2350 1877 2413 nescio
1922 2351 2137 2412 utrum
2183 2348 2465 2412 inuenire
2511 2350 2714 2432 possi-

416 2471 582 2516 mus.
631 2471 832 2536 neque
878 2454 1047 2518 enim
1093 2457 1341 2519 tantum
1385 2454 1577 2519 modo
1624 2454 1813 2520 limiti
1857 2455 1969 2520 sed
2004 2455 2323 2520 uniuersis
2360 2455 2709 2539 prouinciis

414 2577 534 2640 pax
578 2560 952 2625 conciliatur
994 2561 1304 2627 iuratione
1351 2561 1694 2628 barbarica.
1738 2561 1903 2626 unde
1951 2565 2015 2626 et
2058 2560 2217 2626 illud
2267 2564 2587 2644 sequetur,
2635 2567 2707 2628 ut

322 2685 378 2724 80
414 2683 535 2728 non
589 2665 808 2748 fruges
863 2669 1136 2745 tantum,
1197 2686 1356 2748 quae
1414 2667 1490 2732 ab
1549 2668 1641 2732 eis
1700 2667 2165 2742 custodiuntur,
2224 2666 2333 2748 qui
2386 2684 2501 2749 per
2554 2667 2705 2732 deos

413 2771 606 2837 falsos
653 2772 1042 2848 iurauerunt,
1091 2773 1205 2838 sed
1251 2775 1490 2857 ubique
1535 2774 1866 2856 inquinata
1912 2775 2039 2839 sint
2088 2773 2316 2852 omnia,
2359 2791 2519 2856 quae
2566 2774 2707 2857 ipsa

411 2897 562 2958 pace
617 2879 1007 2959 muniuntur,
1067 2899 1256 2963 quam
1313 2881 1544 2946 iuratio
1600 2881 1715 2945 illa
1770 2879 2115 2945 confirmat.
2166 2880 2337 2963 quod
2384 2881 2439 2945 si
2488 2880 2705 2946 absur—

413 2983 748 3051 dissimum
795 2990 897 3051 est
941 2987 1170 3066 dicere,
1219 3007 1334 3053 nec
1381 2989 1495 3054 1113
1540 2992 1605 3054 te
1653 2992 1974 3068 moueant,
2026 3007 2185 3071 quae
2233 2987 2594 3053 mouebant.

585 3222 618 3274 5
655 3219 851 3274 Matth.
893 3221 942 3284 5,
981 3222 1194 3276 34—36

478 3343 510 3394 2
548 3343 701 3398 iacob
740 3343 896 3400 codd.
933 3344 1054 3398 edd.
1085 3351 1314 3412 praeter
1341 3362 1393 3400 m
1502 3347 1536 3402 3
1573 3363 1659 3400 me
1699 3363 1799 3400 om.
1839 3346 1969 3400 ,ΔΡι
2112 3363 2199 3402 me
2234 3346 2451 3416 merito]
2492 3363 2695 3400 memo-

405 3435 522 3484 rato
559 3431 636 3488 M
771 3433 1005 3487 mouerit
1039 3431 1164 3486 MA
1345 3437 1378 3490 5
1415 3434 1663 3488 inuenire
1701 3435 1777 3488 M
1951 3437 1983 3490 6
2020 3436 2077 3489 in
2104 3437 2109 3505 Ι
2134 3436 2189 3489 in
2230 3435 2463 3490 alterum
2502 3435 2602 3489 del.
2640 3435 2698 3490 R

409 3523 437 3574 7
477 3520 694 3590 quidem
729 3521 866 3574 mihi
901 3522 956 3576 A
993 3523 1112 3576 edd.
1253 3524 1286 3578 8
1310 3524 1594 3628 ἰΡιειὶεᾶιᾝθ
1632 3523 1765 3577 FP¹
1800 3524 1890 3594 (m.
1915 3527 1954 3576 2
1988 3525 2253 3595 peierare)
2291 3526 2529 3596 peierare
2565 3523 2699 3580 RP²

401 3636 522 3691 edd.
659 3637 692 3690 9
731 3653 848 3691 esse
884 3635 1046 3707 longe
1083 3638 1158 3692 M
1301 3656 1365 3708 q*
1394 3639 1450 3709 (d
1488 3641 1653 3704 cras.)
1692 3639 1748 3694 R
1869 3641 1936 3696 10
1972 3639 2157 3694 uidere
2194 3641 2247 3694 A
2368 3642 2429 3695 11
2474 3644 2557 3693 est
2596 3641 2694 3706 bis,

401 3725 636 3780 alterum
671 3743 812 3780 eras.
850 3725 924 3780 M
1084 3729 1150 3780 12
1188 3728 1400 3795 placen:
1439 3731 1494 3795 (a
1529 3731 1693 3794 eras.)
1734 3729 1789 3781 P
1952 3730 2017 3783 15
2058 3729 2163 3782 alia
2200 3745 2267 3784 ex
2303 3745 2443 3784 corr.
2484 3733 2501 3790 (
2502 3729 2694 3798 fuitne

403 3813 572 3882 alio?)
612 3813 690 3868 1³²
829 3831 1018 3884 pacem
1058 3817 1130 3880 (tn
1171 3815 1298 3883 del.)
1338 3816 1412 3869 M
1518 3818 1584 3870 16
1622 3817 1704 3870 uti
1744 3833 1881 3886 quae
1916 3835 1984 3872 m.
2009 3821 2048 3871 2
2083 3834 2149 3872 ex
2184 3817 2332 3887 utiq3
2370 3817 2447 3871 Ρ1
2594 3834 2688 3870 no·

398 3901 562 3957 luetis
599 3904 672 3957 M
704 3904 955 3958 nolumus
991 3903 1118 3958 Rm
1197 3905 1261 3956 17
1302 3905 1568 3972 possimus
1606 3921 1719 3958 ras.
1758 3921 1824 3958 ex
1860 3921 2144 3974 possumus
2184 3905 2239 3958 P
2311 3905 2376 3959 18
2412 3905 2604 3959 limitis
2633 3904 2695 3958 F

469 3993 733 4047 uniuersis
770 4009 838 4046 m.
861 3997 900 4046 2
937 4009 1004 4046 ex
1039 3993 1279 4047 uniuersi
1320 4009 1349 4046 e
1387 3993 1457 4046 Ρι
1629 3996 1692 4048 19
1728 3994 2025 4048 iurationes
2066 3999 2112 4059 (s
2151 4011 2268 4063 exp.
2307 4010 2378 4051 m.
2400 3993 2459 4062 2)
2494 3991 2689 4046 barba-

397 4082 510 4134 rica
541 4081 618 4135 M
647 4082 945 4136 iurationes
984 4081 1227 4136 arbarica
1265 4080 1326 4134 F
1463 4083 1709 4151 sequitur
1746 4083 1870 4136 PM
1902 4087 2159 4153 sequatur
2197 4085 2247 4136 A
2376 4083 2445 4136 20
2484 4081 2689 4151 fruges]

392 4169 576 4239 fruges
603 4187 742 4240 quae
771 4173 928 4241 (quae
957 4187 1074 4239 exp.
1105 4187 1172 4226 m.
1197 4173 1246 4237 1)
1274 4169 1350 4223 M
1431 4172 1495 4224 21
1537 4171 1839 4225 iurauerint
1862 4171 1937 4224 M
1968 4171 2230 4225 iurauerit
2256 4173 2311 4225 A
2418 4170 2606 4238 utique
2635 4171 2691 4224 A

465 4261 573 4314 sint
610 4277 676 4314 ex
712 4263 842 4314 sunt
877 4277 944 4318 m,
966 4266 996 4313 1
1021 4259 1094 4312 M
1233 4259 1368 4329 ipse,
1397 4277 1466 4314 m.
1489 4264 1530 4314 2
1554 4261 1676 4330 ipsa
1704 4261 1779 4314 Ρι
1876 4261 1945 4313 22
1987 4260 2055 4330 si]
2096 4260 2201 4314 sibi
2229 4259 2290 4314 F
2382 4260 2451 4314 23
2484 4258 2683 4328 dicere]

391 4345 544 4400 (liare
580 4347 641 4402 F

2542 4453 2607 4504 9*
