3184 4959
495 477 622 541 134
1187 470 1240 524 S.
1296 467 1574 522 Aureli
1627 465 2069 536 Augustini

491 672 676 756 thyta
722 670 1153 754 deputandum
1203 673 1321 735 est.
1362 667 1711 734 cauendum
1755 668 1855 732 est
1891 665 2077 745 enim,
2118 685 2213 746 ne,
2256 667 2311 730 si
2348 667 2789 749 putauerimus

493 799 614 846 non
681 779 1070 844 uescendum
1133 777 1369 854 holere,
1417 775 1586 858 quod
1634 775 1918 840 nascitur
1971 774 2037 838 in
2092 773 2275 839 horto
2334 773 2559 856 templi
2612 773 2789 850 idoli,

496 903 890 968 consequens
951 884 1056 962 sit,
1111 889 1194 956 ut,
1245 882 1679 948 existimemus
1736 899 1857 947 non
1908 878 2203 946 debuisse
2253 880 2577 962 apostolos
2626 878 2793 962 apud

495 993 778 1058 Athenas
836 991 1050 1059 cibum
1109 1009 1378 1068 sumere,
1439 989 1588 1071 quia
1645 986 1874 1052 ciuitas
1942 989 2075 1051 erat
2138 986 2463 1052 Mineruae
2529 987 2793 1069 eiusque

496 1097 744 1164 numini
809 1101 1194 1163 consecrata.
1261 1096 1382 1162 hoc
1448 1100 1514 1160 et
1568 1094 1644 1159 de
1699 1098 1893 1178 puteo
1949 1093 2380 1178 responderim
2438 1093 2544 1157 uel
2596 1093 2791 1170 fonte,
2854 1111 2880 1149 ⁵

497 1205 606 1289 qui
671 1205 734 1268 in
797 1203 1035 1288 templo
1101 1207 1219 1268 est.
1285 1205 1432 1286 plus
1505 1205 1721 1266 autem
1784 1204 2005 1266 mouet
2066 1220 2133 1265 re
2200 1219 2369 1277 uera,
2437 1199 2492 1264 si
2557 1198 2797 1281 aliquid

499 1309 952 1376 sacrificiorum
1017 1310 1082 1375 in
1147 1309 1384 1375 fontem
1451 1308 1559 1374 uel
1624 1311 1893 1392 puteum
1957 1307 2323 1390 proiciatur.
2402 1307 2513 1371 sed
2580 1306 2798 1371 eadem

498 1417 658 1482 ratio
707 1421 808 1483 est
851 1417 1036 1495 aeris,
1085 1415 1194 1499 qui
1243 1433 1495 1481 omnem
1543 1433 1689 1479 eum
1736 1414 1981 1482 fumum
2030 1414 2278 1497 recipit,
2329 1413 2406 1478 de
2446 1432 2567 1496 quo
2607 1431 2801 1496 supra

503 1525 800 1601 diximus,
863 1527 993 1599 aut,
1055 1522 1111 1588 si
1164 1523 1285 1588 hoc
1341 1521 1484 1592 ideo
1541 1524 1806 1604 putatur
1850 1520 2108 1600 distare,
2160 1520 2311 1603 quia
2354 1519 2516 1585 illud
2566 1519 2799 1585 sacrifi·

504 1632 692 1707 cium,
752 1630 829 1694 de
887 1648 1012 1711 quo
1068 1629 1285 1694 fumus
1342 1630 1470 1693 aeri
1529 1628 1958 1706 confunditur,
2020 1647 2142 1692 non
2201 1627 2277 1692 fit
2328 1627 2455 1709 ipsi
2512 1626 2639 1691 aeri
2688 1625 2797 1690 sed
2840 1646 2891 1684 ιο

498 1737 673 1801 idolo
749 1735 943 1801 alicui
1017 1734 1124 1799 uel
1200 1733 1550 1811 daemonio,
1620 1733 1955 1817 aliquando
2024 1738 2239 1798 autem
2304 1733 2396 1799 sic
2461 1733 2805 1798 mittunt-ur

502 1842 813 1910 sacrificia
865 1843 931 1906 in
988 1859 1206 1924 aquae,
1263 1843 1338 1906 ut
1392 1839 1552 1924 ipsis
1613 1841 1795 1924 aquis
1854 1840 2264 1918 sacrificetur,
2320 1859 2443 1905 non
2490 1839 2631 1905 ideo
2680 1839 2805 1903 uti-

503 1968 626 2033 que
657 1949 812 2014 solis
849 1949 1042 2012 huius
1081 1948 1224 2013 luce
1264 1966 1385 2012 non
1425 1947 1687 2024 utimur,
1730 1947 1880 2029 quia
1916 1947 1975 2010 ei
2012 1947 2328 2031 sacrilegi,
2367 1946 2477 2011 ubi
2514 1947 2805 2030 possunt,

503 2055 854 2121 sacrificare
899 2075 1022 2120 non
1071 2057 1343 2120 cessant.
1393 2054 1785 2119 sacrificatur
1822 2054 2015 2118 etiam
2050 2053 2285 2130 uentiS,
2326 2053 2558 2136 quibus
2594 2057 2806 2117 tamen

503 2162 746 2226 utimur
792 2160 868 2226 ad
915 2164 1124 2227 tantas
1171 2163 1422 2225 nostras
1471 2160 1983 2236 commoditateS,
2033 2179 2178 2225 cum
2224 2159 2567 2225 eorundem
2616 2159 2803 2224 sacri-
2848 2179 2893 2219 ιο

503 2268 790 2332 ficiorum
847 2268 1096 2334 fumum
1152 2267 1277 2350 ipsi
1339 2266 1613 2350 quodam
1668 2267 1857 2332 modo
1915 2266 2165 2332 haurire
2224 2269 2288 2331 et
2352 2285 2571 2331 uorare
2635 2267 2809 2332 uide-

506 2377 707 2440 antur.
775 2374 830 2439 si
897 2373 1038 2456 quis
1106 2357 1359 2440 dubitat
1423 2373 1500 2438 de
1567 2374 1782 2455 aliqua
1845 2392 2049 2454 carne,
2114 2377 2331 2438 utrum
2396 2372 2813 2438 immolaticia

507 2480 613 2558 sit,
680 2483 746 2545 et
809 2499 930 2545 non
999 2483 1098 2546 est
1159 2480 1597 2557 immolaticia,
1666 2480 1721 2545 si
1789 2499 1927 2545 eam
1992 2479 2453 2564 cogitationem
2516 2479 2811 2558 tenuerit,

508 2587 678 2669 quod
734 2586 1156 2652 immolaticia
1199 2605 1322 2651 non
1373 2587 1478 2665 sit,
1528 2590 1594 2650 et
1640 2606 1714 2652 ea
1760 2591 2081 2664 uescatur,
2130 2605 2249 2650 non
2299 2587 2523 2668 utique
2570 2587 2810 2668 peccat,

509 2694 659 2778 quia
711 2712 828 2759 nec
885 2698 985 2760 est
1037 2713 1154 2760 nec
1208 2694 1335 2760 iam
1391 2696 1658 2776 putatur
1708 2692 2145 2771 immolaticia,
2204 2693 2327 2758 etsi
2384 2697 2567 2757 antea
2629 2696 2809 2774 puta-
2844 2713 2901 2752 ιο

507 2800 716 2864 batur.
773 2818 977 2881 neque
1035 2801 1202 2864 enim
1249 2818 1372 2864 non
1419 2799 1575 2864 licet
1621 2799 1932 2884 corrigere
1981 2799 2399 2883 cogitationes
2450 2819 2485 2863 a
2531 2798 2812 2864 falsitate

510 2906 576 2970 in
641 2906 1003 2970 ueritatem.
1069 2907 1124 2970 si
1189 2905 1331 2988 quis
1409 2909 1623 2971 autem
1697 2906 1934 2972 bonum
2006 2907 2333 2989 putauerit
2404 2925 2565 2982 esse,
2640 2906 2809 2988 quod

510 3012 749 3077 malum
800 3015 917 3089 est,
969 3015 1030 3076 et
1075 3012 1317 3090 fecerit,
1367 3012 1487 3078 hoc
1533 3013 1816 3095 putando
1865 3014 2091 3096 utique
2137 3016 2379 3096 peccat.
2430 3017 2496 3078 et
2540 3033 2613 3078 ea
2660 3017 2811 3077 sunt

515 3117 726 3183 omnia
787 3111 1051 3198 peccata
1099 3117 1513 3202 ignorantiae,
1572 3119 1820 3202 quando
1876 3119 2145 3203 quisque
2202 3119 2359 3183 bene
2414 3119 2547 3184 fieri
2604 3122 2809 3202 putat,

515 3222 685 3305 quod
731 3223 897 3287 male
942 3223 1034 3287 fit.
2845 3243 2899 3285 25

587 3484 620 3536 2
659 3481 830 3552 quo-d
869 3485 916 3546 (s
953 3488 1118 3551 erae.)
1159 3484 1216 3537 P
1335 3485 1393 3538 in
1431 3485 1588 3540 horto
1626 3485 1869 3539 nascitur
1894 3486 2125 3554 punctis
2162 3501 2296 3539 corr.
2334 3484 2409 3538 M
2532 3487 2649 3538 orto
2678 3481 2811 3538 RP²

515 3571 548 3624 3
579 3571 888 3640 apostolum
913 3587 967 3624 m
1076 3571 1218 3642 apud
1248 3590 1350 3628 om.
1369 3573 1445 3628 M
1529 3576 1565 3628 4
1591 3573 1835 3628 Athenas
1866 3573 2069 3643 cibum]
2098 3577 2223 3628 aute
2256 3576 2310 3638 (n
2340 3577 2483 3641 exp.)
2511 3573 2735 3628 nascibu
2756 3572 2816 3626 F

589 3660 840 3729 eiusqune
877 3663 936 3722 (a
971 3661 1134 3728 eras.)
1161 3662 1218 3714 P
1252 3663 1475 3732 eiusque
1515 3665 1604 3731 (m.
1630 3665 1670 3716 2
1703 3663 1730 3714 λ’
1766 3679 1834 3715 ue
1870 3679 2036 3731 super
2073 3665 2197 3732 que)
2224 3661 2300 3715 P¹
2400 3665 2431 3716 5
2470 3662 2675 3716 nomini
2702 3661 2809 3717 FR

587 3748 1019 3818 responderimus
1057 3749 1112 3804 P
1143 3751 1523 3821 responderam
1562 3751 1615 3804 A
1768 3750 1801 3806 8
1841 3752 1983 3820 eum]
2024 3767 2203 3805 earum
2240 3750 2590 3806 PMFARa
2626 3767 2807 3804 eorum

515 3837 596 3907 ef
613 3838 681 3891 lr
827 3837 893 3892 10
929 3838 1100 3905 aerisi
1144 3839 1198 3892 P
1336 3839 1458 3909 ipsa
1495 3839 1674 3894 MFA
1819 3841 1884 3894 11
1924 3840 2015 3894 uel
2054 3841 2217 3894 alicui
2252 3840 2309 3894 R
2458 3841 2523 3894 12
2561 3840 2617 3893 in
2654 3841 2807 3908 aquis

519 3929 608 3992 (m.
630 3931 661 3978 1
694 3926 721 3978 ἕ
758 3942 790 3979 a
825 3942 992 3995 super
1025 3928 1068 3995 i)
1107 3927 1370 3982 sacrificia
1405 3927 1461 3982 R
1605 3928 1953 3999 ideomtique
1993 3929 2073 3995 (id
2111 3945 2178 3984 ex
2214 3945 2349 3983 corr.
2390 3934 2442 3982 et
2477 3929 2561 3983 uti
2596 3929 2660 3982 in
2694 3945 2805 3982 ras.

515 4031 586 4067 m.
609 4019 660 4080 1)
698 4015 774 4068 M
979 4016 1046 4070 14
1085 4017 1417 4072 sacrificetur
1453 4020 1506 4070 A
1718 4019 1783 4072 15
1820 4018 2203 4074 sacrificiorum
2244 4035 2461 4072 suorum
2497 4017 2701 4071 fumum
2738 4017 2815 4071 M

521 4104 584 4156 17
625 4103 840 4157 dubitet
873 4104 950 4158 P¹
1133 4105 1198 4159 18
1235 4105 1532 4160 innnotitia
1565 4105 1623 4159 R
1821 4107 1867 4161 si
1906 4109 2046 4177 eam]
2084 4107 2243 4162 sitam
2270 4108 2454 4175 such-se
2488 4105 2624 4170 uid„
2664 4123 2729 4160 m.
2770 4111 2810 4159 2

519 4190 720 4245 delecto
757 4197 820 4244 ut
854 4193 973 4246 uid.
1013 4193 1060 4246 si
1097 4209 1234 4248 corr.
1276 4209 1392 4246 eam
1433 4194 1484 4244 Ι)
1624 4195 1988 4264 cognitionem
2026 4213 2080 4249 m
2194 4197 2256 4250 19
2296 4213 2389 4249 ea·
2420 4199 2493 4261 (m
2532 4195 2699 4264 eras.)
2734 4195 2809 4248 P¹

519 4279 584 4332 21
629 4295 734 4332 non
773 4295 876 4334 om.
905 4279 961 4334 R
1096 4281 1166 4336 22
1197 4297 1314 4335 esse
1340 4283 1619 4350 putauerit
1642 4283 1700 4337 R
1835 4285 1903 4338 23
1940 4285 2041 4346 uti,
2069 4301 2135 4338 m.
2162 4289 2200 4338 3
2236 4285 2425 4353 utique
2452 4279 2506 4338 A
2630 4283 2811 4336 omnia

521 4370 745 4435 peccata
782 4374 908 4420 sunt
943 4367 1000 4422 R
1109 4369 1178 4424 25
1217 4369 1384 4440 quod]
1429 4369 1642 4440 quando
1680 4372 1735 4425 P
