3184 4959
501 438 590 501 20
1221 432 1274 487 S.
1332 432 1608 488 Aureli
1662 430 2100 500 Augustini

503 630 810 712 propheta
857 648 977 693 non
1033 628 1179 691 uult
1231 626 1589 709 inpinguati
1646 629 1866 708 caput;
1933 626 2023 689 ita
2078 626 2243 690 enim
2302 625 2485 691 dicit:
2535 626 2797 690 Emen-

505 738 736 802 dabit
811 756 926 800 me
1002 736 1277 800 iustus
1353 736 1429 799 in
1503 734 2079 799 misericordia
2153 739 2230 799 et
2294 738 2583 819 arguet
2645 752 2791 799 me:

505 846 766 911 oleum
861 845 1124 907 autem
1217 842 1689 924 peccatoris
1782 860 1927 905 non
2021 842 2461 925 inpinguet
2552 846 2798 923 capnt

505 970 778 1015 meum.
862 951 1112 1014 mauult
1187 949 1354 1013 enim
1429 967 1653 1012 seuera
1728 948 2159 1012 misericordia
2229 948 2388 1013 iusti
2460 947 2796 1016 emendari.

506 1078 700 1140 quam
772 1058 898 1121 leni
977 1056 1360 1121 adulationis
1435 1056 1734 1119 unctione
1809 1055 2070 1122 laudari.
2148 1054 2314 1120 unde
2382 1055 2573 1119 etiam
2638 1054 2799 1119 illud
2869 1077 2893 1113 ⁵

507 1164 954 1246 propheticum
1002 1165 1126 1227 est:
1179 1162 1328 1241 Qui
1395 1180 1536 1225 uos
1603 1160 1899 1225 felices
1958 1160 2262 1237 dicunt,
2320 1160 2397 1225 in
2458 1180 2799 1225 errorem

508 1290 654 1335 uos
721 1270 1085 1334 mittunt.
1152 1270 1422 1351 ideoque
1479 1268 1556 1332 de
1612 1268 1887 1345 homine,
1946 1286 2131 1350 quem
2198 1268 2395 1332 falsae
2460 1266 2803 1332 blanditiae

507 1376 752 1441 faciunt
797 1376 1236 1459 adrogantem,
1268 1378 1438 1440 recte
1487 1372 1681 1439 etiam
1728 1373 1925 1459 uulgo
1976 1374 2239 1439 dicitur:
2277 1374 2517 1439 ‘Creuit
2562 1376 2801 1457 caput’g

509 1482 958 1566 inpinguatum
1025 1486 1127 1545 est
1190 1481 1356 1545 enim
1422 1480 1558 1545 oleo
1622 1481 1999 1563 peccatoriS‚
2065 1480 2185 1545 hoc
2250 1486 2352 1544 est
2404 1500 2525 1545 non
2583 1500 2805 1563 aspera

509 1590 780 1653 ueritate
842 1588 1214 1673 corrigentis
1273 1588 1383 1651 sed
1429 1587 1556 1652 leni
1602 1587 1883 1652 falsitate
1929 1588 2267 1653 laudantis,
2326 1606 2527 1669 neque
2575 1588 2694 1651 hoc
2740 1587 2803 1650 in
2848 1606 2895 1648 ιο

512 1717 650 1761 eam
724 1699 974 1781 partem
1043 1700 1193 1776 peto
1269 1695 1567 1777 accipiaS,
1644 1695 1827 1775 quasi
1892 1713 2009 1777 ego
2074 1700 2137 1757 te
2205 1715 2238 1758 a
2302 1694 2491 1759 fratre
2560 1694 2804 1758 Euodio

510 1809 838 1885 tamquam
897 1823 932 1867 a
984 1803 1158 1867 iusto
1223 1800 1629 1867 emendatum
1694 1802 1983 1886 intellegi
2048 1802 2265 1866 uelim.
2332 1821 2555 1867 uereor
2617 1802 2803 1876 enirn,

512 1930 590 1974 ne
646 1928 746 1974 me
805 1928 1054 1992 quoque
1111 1909 1354 1992 aliquid
1409 1908 1870 1973 contumeliose
1934 1910 1995 1972 in
2063 1913 2127 1973 te
2194 1908 2400 1973 dicere
2464 1908 2807 1981 existimeS,

514 2017 684 2099 quod
749 2016 1158 2081 uehementer
1222 2034 1438 2092 caueo,
1517 2019 1824 2097 quantum
1899 2035 2184 2099 possum.
2260 2014 2373 2079 sed
2435 2016 2645 2080 iustus
2711 2020 2810 2079 est

513 2123 644 2201 ille,
721 2123 831 2205 qui
906 2122 1089 2186 dixit:
1149 2123 1310 2206 Ego
1388 2142 1557 2187 sum
1630 2122 1964 2186 ueritas.
2038 2122 2256 2203 itaque
2322 2121 2397 2185 de
2464 2120 2809 2187 cuiuslibet
2852 2146 2898 2183 ιε»

515 2229 789 2294 hominis
839 2248 944 2293 ore
991 2229 1172 2293 nobis
1221 2248 1445 2293 uerum
1493 2248 1638 2293 eum
1688 2229 1901 2310 aliqua
1946 2228 2288 2311 asperitate
2338 2228 2638 2302 sonuerit,
2685 2246 2807 2291 non

517 2337 594 2401 ab
641 2336 753 2401 illo
801 2336 1076 2414 homine,
1127 2335 1236 2417 qui
1281 2335 1443 2400 forte
1489 2339 1787 2417 peccator
1842 2338 1959 2413 est,
2018 2335 2130 2399 sed
2186 2336 2261 2400 ab
2317 2336 2458 2418 ipsa
2514 2334 2807 2408 ueritate,

517 2444 636 2507 hoc
694 2444 794 2508 est
849 2462 884 2505 a
942 2441 1214 2509 Christo.
1274 2441 1381 2525 qui
1433 2442 1647 2507 iustus
1706 2446 1824 2517 est,
1884 2443 2311 2515 emendamur,
2378 2461 2455 2505 ne
2520 2444 2805 2504 nostrum

517 2552 710 2629 caput
784 2548 1052 2613 blandae
1129 2548 1242 2613 sed
1315 2548 1707 2630 perniciosae
1774 2549 2156 2614 adulationis
2222 2548 2461 2625 uncti0,
2526 2548 2647 2611 hoc
2714 2549 2811 2609 est

516 2655 726 2720 oleum
784 2655 1136 2738 peccatoris
1193 2655 1548 2739 inpinguet.
1618 2674 2000 2737 quamquam
2059 2656 2250 2721 etiam
2301 2656 2354 2720 si
2402 2656 2594 2719 frater
2646 2654 2809 2718 Euo-
2850 2682 2899 2716 ευ

517 2761 660 2825 dius
719 2761 1111 2843 aliquantum
1168 2780 1278 2842 pro
1337 2780 1488 2825 suae
1545 2760 2009 2825 communionis
2076 2760 2436 2825 defensione
2500 2759 2814 2823 turbatior

518 2868 758 2949 aliquid
817 2868 1048 2932 elatius
1107 2868 1314 2933 animo
1373 2867 1787 2932 commotiore
1846 2866 2128 2943 dixisset,
2188 2868 2379 2931 aetati
2426 2865 2699 2930 hominis
2748 2871 2810 2930 et

517 2974 884 3039 necessitati
935 2992 1161 3039 causae
1207 2978 1272 3039 te
1323 2978 1643 3057 oporteret
1685 2974 2036 3059 ignoscere.

427 3072 471 3135 4
609 3079 778 3144 lllud
823 3084 1054 3156 tamen,
1107 3081 1277 3162 quod
1321 3082 1692 3163 promittere
1742 3080 2039 3164 dignatus
2087 3098 2176 3156 es,
2223 3084 2371 3161 peto
2428 3078 2810 3153 memineris,

517 3190 594 3251 ut
651 3185 1040 3264 sedentibuS,
1099 3206 1260 3269 quos
1326 3188 1463 3270 ipse
1530 3186 1864 3271 delegeriS,
1934 3186 2274 3252 dummodo
2340 3186 2536 3250 uerba.
2600 3190 2813 3251 nostra
2850 3211 2900 3250 25

702 3414 728 3468 1
770 3413 859 3466 Ps.
902 3414 1022 3477 140,
1061 3414 1110 3467 5.
1219 3415 1253 3468 6
1291 3412 1378 3467 Ee.
1419 3414 1486 3487 3„
1513 3414 1576 3467 12
1690 3414 1756 3468 15
1792 3413 1908 3467 Ioh.
1951 3414 2033 3476 14,
2073 3414 2105 3467 6

595 3522 625 3592 1
665 3536 994 3600 emendauit‚
1033 3553 1174 3591 corr.
1211 3542 1331 3591 m.1
1369 3537 1682 3591 emendabit
1716 3538 1773 3591 P
1949 3538 1983 3591 2
2031 3539 2087 3591 in
2132 3538 2501 3593 misericordia
2540 3541 2616 3607 et]
2666 3542 2721 3592 et
2758 3539 2813 3591 in

519 3624 891 3679 misericordia
926 3625 982 3679 R
1089 3628 1124 3679 4
1163 3625 1446 3680 emendare
1483 3626 1557 3679 M
1684 3628 1716 3681 5
1756 3644 1915 3696 quam
1952 3628 2084 3697 leni]
2128 3630 2284 3697 quale
2320 3628 2382 3682 F
2484 3628 2518 3682 8
2558 3630 2729 3683 creuit
2767 3628 2813 3680 ei

525 3718 690 3785 caput
727 3715 780 3768 P
922 3716 955 3769 9
996 3719 1080 3769 est
1117 3732 1218 3771 om.
1257 3716 1332 3769 Μ
1473 3716 1637 3786 enim]
1678 3716 1843 3771 etiam
1880 3718 1935 3773 R
2078 3718 2256 3773 oleum
2292 3718 2353 3771 F
2489 3717 2593 3771 hoc
2634 3720 2720 3771 est
2752 3718 2812 3769 in

511 3804 634 3871 fine
660 3820 793 3873 paq.
833 3819 934 3857 om.
972 3803 1026 3856 A
1231 3804 1296 3857 10
1333 3820 1407 3865 se,
1447 3820 1585 3857 corr.
1624 3822 1693 3858 m.
1716 3809 1747 3857 1
1783 3803 1879 3858 sed
1916 3806 1976 3859 1*Ἰ
2177 3808 2237 3860 11
2282 3806 2457 3876 quasi]
2498 3806 2641 3875 quod
2680 3806 2727 3859 si
2762 3807 2815 3859 A

530 3894 592 3946 15
631 3890 725 3961 ille
763 3892 819 3945 P
998 3892 1062 3946 16
1104 3908 1292 3945 uerum
1329 3892 1486 3946 nobis
1524 3893 1580 3947 R
1728 3896 1868 3963 cum]
1907 3896 2077 3949 sicum
2112 3896 2167 3949 R
2351 3896 2415 3949 17
2454 3896 2575 3965 illo]
2615 3894 2724 3948 alio
2761 3894 2816 3947 R

597 3984 680 4033 est
717 3996 839 4044 om„
877 3997 944 4034 m.
970 3984 1009 4034 2
1047 3980 1176 4034 add.
1216 3981 1291 4035 M
1429 3981 1544 4052 sed]
1583 3998 1641 4035 se
1670 3982 1732 4035 F
1828 3984 1891 4037 18
1930 3984 2033 4038 hoc
2072 3987 2157 4037 est
2194 4002 2225 4038 a
2264 3983 2479 4039 Christo
2519 3984 2635 4053 qui]
2677 4000 2815 4054 quae

525 4066 759 4121 christus
798 4071 886 4121 est
921 4072 978 4121 et
1013 4068 1068 4125 R
1149 4070 1218 4123 20
1255 4070 1565 4139 inpinguet]
1607 4088 1713 4123 non
1752 4070 2058 4141 impinguet
2093 4072 2149 4127 R
2256 4074 2323 4141 si]
2362 4074 2437 4125 sit
2470 4073 2527 4127 P
2604 4074 2669 4126 21
2702 4076 2815 4125 tur·

524 4155 740 4209 batiora
775 4156 852 4209 M
881 4156 936 4226 (a
973 4174 1094 4225 exp.
1139 4158 1286 4226 m.2)
1325 4156 1434 4211 FA
1648 4160 1719 4214 23
1764 4160 2107 4213 necessitatis
2148 4178 2309 4214 causa
2346 4160 2659 4215 MFAP¹R
2697 4162 2814 4215 edd.

515 4249 743 4312 praeter
778 4261 832 4299 m
949 4249 1226 4315 oporteret
1262 4251 1318 4300 te
1355 4245 1411 4300 R
1520 4248 1590 4302 24
1627 4248 1945 4317 permittere
1982 4250 2035 4301 A
2144 4252 2271 4319 peto
2311 4267 2377 4303 ne
2416 4251 2721 4304 memineris
2750 4250 2822 4303 M

511 4336 601 4402 (ne
639 4348 760 4402 exp.
799 4350 869 4390 m.
895 4338 944 4401 1)
981 4336 1034 4387 A
1144 4336 1212 4389 25
1255 4334 1498 4405 diligeris
1535 4336 1598 4390 F
1736 4342 1925 4391 nostra
1960 4337 2130 4392 uerba
2166 4338 2241 4391 M
