3184 4959
227 833 267 895 2

336 1073 365 1114 ὀ

1044 429 1574 499 epistularum
1629 429 1816 484 XCVI.
1855 427 2072 485 XCVII.
2573 435 2702 499 517

408 623 630 687 eximie
687 626 750 687 et
804 623 1029 690 merito
1086 613 1632 706 praestantissime
1686 625 2089 709 multumque
2141 625 2208 690 in
2259 624 2496 692 Christi
2551 627 2705 692 cari-

404 732 537 794 tate
584 730 941 795 honorande
986 729 1099 796 fili.

494 837 577 900 Et
656 835 879 902 fratres
956 837 1213 920 quidem
1296 837 1485 902 multi
1570 837 1773 902 sancti
1851 839 2134 922 collegae
2215 839 2344 905 mei
2422 841 2704 924 grauiter

405 942 677 1008 ecclesia
721 943 1086 1027 perturbata
1130 945 1399 1028 profecti
1447 949 1597 1008 sunt
1642 963 1837 1028 paene
1883 944 2202 1030 fugientes
2251 946 2329 1011 ad
2379 947 2700 1032 gloriosis·

405 1048 637 1116 simum
687 1050 1083 1130 comitatum,
1140 1071 1299 1134 quos
1356 1052 1495 1116 siue
1540 1051 1667 1116 iam
1715 1051 1952 1118 uideris
2001 1053 2140 1118 siue
2185 1053 2432 1118 litteras
2481 1073 2700 1119 eorum

402 1157 479 1222 ab
534 1157 690 1222 urbe
736 1157 937 1224 Roma
991 1160 1459 1242 opportunitate
1515 1159 1894 1242 cuiusquam
1945 1160 2298 1227 occasionis
2357 1162 2697 1244 acceperis,

402 1281 519 1348 ego
556 1267 790 1342 tamen,
814 1265 970 1329 licet
1004 1265 1251 1330 nullum
1290 1266 1625 1330 consilium
1663 1284 1809 1330 cum
1848 1266 1940 1331 eis
1979 1267 2443 1332 communicare
2478 1269 2700 1351 potue-

398 1370 539 1448 rim,
560 1390 683 1436 non
702 1371 884 1454 potui
902 1373 1401 1454 praetermittere
1428 1393 1539 1456 per
1565 1374 1736 1438 hunc
1763 1373 2019 1438 fratrem
2052 1377 2116 1438 et
2144 1374 2698 1458 conpresbyterum

398 1497 636 1557 meum,
712 1478 820 1561 qui
885 1479 1139 1563 urgenti
1203 1479 1585 1544 necessitate
1657 1498 1767 1561 pro
1836 1480 2041 1545 salute
2107 1479 2271 1545 ciuis
2337 1480 2438 1545 sui
2505 1482 2694 1547 etiam

311 1609 363 1648 ιο
397 1583 607 1650 media
643 1584 851 1651 hieme
890 1585 1485 1669 quomodocumque
1524 1584 1601 1650 ad
1639 1586 1785 1651 illas
1823 1589 2034 1669 partes
2071 1586 2287 1652 uenire
2324 1587 2697 1670 compulsus

398 1693 517 1769 est,
574 1694 641 1756 et
695 1692 971 1758 salutare
1017 1695 1081 1756 et
1128 1693 1459 1759 admonere
1508 1693 1836 1758 caritatem
1885 1696 2083 1771 tuam,
2141 1712 2332 1777 quam
2387 1693 2584 1759 habes
2629 1695 2692 1760 in

400 1797 652 1864 Christo
696 1800 845 1864 Iesu
893 1799 1147 1865 domino
1196 1805 1433 1879 nostro,
1491 1803 1567 1865 ut
1613 1819 1772 1884 opus
1819 1804 2002 1865 tuum
2057 1799 2298 1866 bonum
2343 1800 2698 1886 diligentis-

396 1906 559 1969 sima
634 1905 1019 1971 acceleretur
1090 1906 1423 1986 instantia,
1510 1927 1634 1990 quo
1708 1907 2002 1972 nouerint
2075 1905 2314 1971 inimici
2391 1907 2696 1972 ecclesiae

394 2012 569 2096 leges
599 2012 767 2091 illae,
797 2031 957 2095 quae
996 2013 1074 2078 de
1109 2013 1301 2078 idolis
1341 2012 1806 2098 confringendis
1847 2016 1912 2078 et
1943 2013 2278 2079 haereticis
2307 2013 2694 2099 corrigendis

308 2138 361 2178 ιε
396 2118 548 2184 uiuo
596 2119 943 2186 Stilichone
990 2119 1054 2184 in
1090 2121 1369 2185 Africam
1418 2121 1652 2186 missae
1701 2123 1869 2198 sunt,
1916 2121 2250 2186 uoluntate
2294 2122 2694 2205 imperatoris

391 2225 667 2308 piissimi
724 2230 789 2290 et
841 2225 1202 2292 fidelissimi
1247 2227 1660 2305 constitutas3
1728 2245 1852 2310 quo
1907 2229 2228 2293 nesciente
2282 2228 2388 2292 uel
2443 2227 2694 2293 nolente

390 2331 634 2397 factum
689 2333 827 2398 siue
884 2333 1103 2398 dolose
1168 2334 1409 2399 iactant
1474 2334 1610 2400 siue
1675 2333 1946 2401 libenter
2007 2337 2236 2418 putant
2290 2338 2480 2417 atque
2543 2335 2692 2400 hinc

392 2439 637 2504 animos
684 2440 1096 2522 inperitorum
1144 2440 1732 2506 turbulentissimos
1777 2441 2050 2506 reddunt
2093 2441 2404 2522 nobisque
2448 2441 2692 2524 pericu-

390 2545 526 2610 lose
574 2565 649 2610 ac
693 2547 1103 2612 uehementer
1146 2547 1437 2611 infestos,

478 2653 619 2718 Hoc
684 2655 917 2732 autem,
976 2652 1144 2737 quod
1197 2655 1469 2736 petendo
1524 2654 1634 2718 uel
1691 2654 2086 2739 suggerendo
2153 2654 2458 2719 admoneo
2515 2673 2690 2738 prae·

463 2914 488 2965 1
528 2913 1020 2984 praestantissime]
1056 2913 1246 2967 eximie
1276 2913 1351 2967 M
1444 2914 1477 2968 3
1506 2893 1724 2983 collige,
1753 2931 1822 2968 m.
1843 2917 1882 2967 2
1921 2914 2128 2985 college
2157 2915 2232 2968 M
2265 2913 2510 2984 colligite,
2541 2931 2683 2971 corr.

391 3007 480 3069 (m.
506 3001 613 3068 3?)
665 3003 907 3071 collegae
951 3001 1013 3056 F
1053 3001 1275 3072 colleg?
1320 3007 1518 3072 (postr.
1566 3004 1792 3074 syllaba
1837 3021 1904 3058 m.
1937 3007 1978 3058 2
2021 3009 2312 3073 mmmm
2366 3004 2548 3072 fuitne
2593 3002 2688 3058 ii?

388 3093 458 3160 cf.
479 3108 540 3160 p.
567 3094 691 3153 518,
720 3093 812 3157 15)
844 3091 898 3143 A
1006 3092 1115 3145 mei
1146 3091 1185 3158 (i
1210 3092 1275 3145 in
1299 3107 1411 3148 ras.
1442 3095 1472 3144 1
1501 3092 1536 3145 l.
1566 3108 1634 3145 m.
1660 3095 1718 3156 2)
1749 3091 1824 3146 M
1917 3093 1953 3146 4
1983 3091 2266 3146 ecclesiam
2297 3095 2372 3161 (m
2402 3092 2505 3146 del.
2534 3108 2600 3146 m.
2625 3092 2686 3162 2)

388 3179 705 3249 perturbata
743 3186 832 3244 (ω
872 3183 1035 3246 erae.)
1073 3179 1148 3234 Ρι
1259 3181 1291 3233 5
1328 3180 1557 3246 uideres,
1599 3196 1737 3235 corr.
1775 3197 1843 3234 m.
1867 3186 1895 3234 1
1933 3179 2134 3234 uideris
2173 3180 2234 3234 F
2368 3180 2572 3234 litteris
2608 3182 2683 3235 Ρι

390 3271 424 3322 6
471 3269 897 3338 opportunitatis
944 3269 1259 3338 cuiusquam
1308 3270 1588 3324 occasione
1625 3269 1811 3338 flrm
2029 3269 2291 3340 cuiusqui,
2339 3272 2467 3323 m.2
2505 3270 2683 3323 cuius·

390 3373 548 3428 quarn
594 3357 641 3410 0
818 3360 849 3412 7
886 3359 1020 3412 licet
1054 3373 1179 3422 om„
1216 3375 1284 3412 m.
1306 3361 1348 3412 2
1384 3357 1515 3412 add.
1556 3357 1632 3411 P¹
1884 3361 2092 3427 potero,
2126 3375 2197 3413 m.
2220 3361 2260 3412 2
2282 3357 2573 3428 ,potuerim
2607 3357 2682 3410 Ρι

388 3449 421 3496 9
460 3451 691 3517 urgente
729 3447 987 3516 Rflrm
1146 3447 1475 3502 necessitate
1511 3463 1609 3517 pro
1649 3447 1733 3500 bis
1774 3446 1822 3502 G
1991 3448 2152 3502 citius
2191 3463 2305 3508 sua,
2343 3463 2412 3500 m.
2434 3451 2474 3500 2
2509 3461 2686 3514 supra

389 3536 485 3590 ali.
527 3537 662 3590 ciuis
698 3537 783 3590 sui
820 3535 890 3588 Ρι
1006 3536 1071 3591 10
1106 3536 1287 3590 media
1321 3552 1425 3594 om.
1469 3537 1517 3590 C
1656 3537 1769 3602 illa,
1809 3537 1939 3590 add.
1977 3553 2048 3590 m.
2075 3541 2106 3589 1
2141 3553 2168 3590 s
2203 3535 2265 3590 F
2403 3534 2590 3590 uenire
2627 3539 2686 3588 et

389 3629 471 3691 (et
508 3627 648 3694 ap.)
688 3626 979 3696 conpulsus
1016 3625 1077 3680 F
1155 3626 1216 3679 11
1260 3629 1345 3679 est
1382 3627 1460 3696 et]
1502 3629 1586 3681 est
1622 3626 1677 3680 R
1787 3625 2026 3680 salutare
2063 3627 2120 3680 et
2157 3641 2258 3680 om.
2299 3625 2372 3678 M
2462 3625 2526 3678 12
2557 3623 2682 3677 dili-

388 3714 705 3784 gentissime
732 3714 803 3768 M
842 3718 931 3780 (m.
954 3717 984 3766 1
1004 3712 1035 3768 ‚2
1071 3730 1208 3768 corr.
1250 3713 1694 3784 diligentissima)
1725 3713 1856 3767 FP¹
1894 3717 1982 3779 (m.
2006 3717 2046 3768 2
2081 3713 2524 3784 diligentissima)
2557 3711 2682 3767 dili-

386 3802 708 3873 gentissime
738 3803 792 3855 A
906 3803 969 3856 13
1010 3804 1103 3872 qui
1131 3803 1200 3855 M
1312 3803 1379 3856 14
1417 3803 1483 3857 de
1521 3819 1625 3858 om.
1657 3804 1716 3857 F
1853 3801 2246 3872 confregendis,
2282 3819 2352 3855 m.
2373 3805 2410 3856 2
2445 3799 2682 3854 confrin-

387 3890 581 3960 gendis
618 3892 689 3946 M
792 3893 857 3946 15
896 3891 1047 3961 uiuo]
1089 3892 1226 3955 loco,
1264 3909 1333 3948 m.
1355 3896 1396 3947 2
1431 3891 1496 3948 ‘in
1528 3909 1704 3962 mary.
1743 3893 1871 3945 uiuo
1901 3891 1976 3944 Ρ1
2085 3890 2340 3946 stilicone
2375 3889 2485 3946 PR
2511 3889 2681 3944 *stili-

388 3982 559 4036 chone
596 3979 659 4033 F
687 3981 785 4034 isti
819 3979 1089 4035 lichomen
1127 3982 1182 4034 A
1220 3981 1408 4046 chone,
1444 3997 1513 4035 m.
1536 3983 1575 4034 2
1611 3982 1676 4035 in
1710 3997 1883 4050 mary.
1933 3981 2184 4035 stilicone
2221 3979 2295 4033 P¹
2511 3978 2682 4033 africa

384 4069 623 4124 ΡΑΟῬ1
733 4073 860 4124 sunt
896 4071 955 4123 et
990 4071 1071 4140 (et
1105 4070 1248 4141 exp.)
1287 4070 1574 4124 uoluntate
1601 4069 1676 4124 Ρ1
1717 4073 1845 4124 sunt
1883 4085 1943 4124 ex
1980 4069 2266 4124 uoluntate
2303 4068 2422 4123 edd.
2501 4069 2566 4122 16
2594 4070 2678 4138 pi-

382 4159 571 4214 issima
612 4158 659 4213 G
773 4159 1121 4222 constitutae,
1159 4175 1227 4216 m.
1250 4163 1290 4214 2
1326 4160 1657 4214 constitutas
1695 4159 1768 4212 Ρι
1865 4160 1929 4213 17
1970 4157 2156 4213 dolose
2193 4174 2297 4213 om.
2335 4157 2392 4213 R
2483 4157 2550 4212 18
2577 4157 2679 4212 im-

383 4251 691 4320 peratorum
728 4247 791 4302 F
896 4249 961 4302 19
1000 4250 1085 4318 ac]
1126 4249 1227 4302 hac
1262 4248 1338 4302 M
1370 4248 1427 4314 (h
1466 4251 1630 4317 eras.)
1677 4247 1724 4302 0
1881 4247 2111 4302 infestos
2151 4249 2204 4316 (o
2243 4263 2312 4302 ex
2345 4261 2483 4301 corr.
2521 4263 2590 4301 m.
2614 4249 2678 4313 3;

381 4339 565 4406 fuitne
601 4354 634 4391 u
674 4337 725 4402 ἓ)
766 4337 827 4391 F
929 4337 999 4391 20
1036 4337 1345 4407 praeentiam,
1385 4354 1451 4394 m.
1479 4339 1515 4391 3
1551 4337 1944 4407 praestantiam
1983 4335 2042 4389 F
