3184 4959
526 441 657 504 458
1230 439 1284 490 S.
1342 435 1615 488 Aureli
1671 435 2109 502 Augustini

526 632 903 696 conuincere
952 631 1325 712 debuerunt,
1374 629 1515 713 ipso
1552 630 1930 712 imperatore
1965 631 2154 712 longe
2195 629 2545 694 ordinatius
2584 635 2833 714 agente,

528 743 599 802 nt
647 739 1085 821 episcoporum
1134 756 1393 802 causam
1440 737 1519 801 ad
1568 756 1638 802 se
1687 737 1958 802 delatam
2017 736 2096 800 ad
2145 735 2479 819 episcopos
2525 737 2830 805 mitteret.

526 865 643 910 nec
688 835 849 910 uicti
902 863 1125 926 pacem
1188 863 1333 910 cum
1380 843 1681 908 fratribus
1731 845 1960 908 habere
2019 844 2382 922 uoluerunt,
2443 843 2554 908 sed
2608 862 2832 909 rursus

528 953 605 1016 ad
670 951 939 1016 eundem
1005 951 1448 1034 imperatorem
1514 955 1850 1026 uenerunt,
1927 969 2150 1016 rursus
2213 969 2334 1014 non
2403 949 2832 1016 Caecilianum

528 1063 777 1123 tantum
827 1077 1049 1122 uerum
1098 1057 1291 1122 etiam
1342 1057 1522 1122 datos
1571 1057 1696 1122 sibi
1745 1057 2078 1140 episcopos
2125 1057 2370 1123 iudices
2419 1056 2586 1142 apud
2643 1062 2834 1122 terre·
2897 1080 2924 1115 5

528 1185 679 1231 num
728 1185 942 1250 regem
990 1168 1471 1242 accusauerunt,
1518 1183 1740 1230 rursus
1787 1165 1865 1229 ab
1913 1163 2038 1230 alio
2086 1164 2432 1248 episcopali
2476 1163 2714 1229 iudicio
2755 1165 2834 1228 ad

531 1271 799 1336 eundem
844 1272 1291 1354 imperatorem
1358 1270 1842 1354 appellauerunt
1903 1289 2020 1336 nec
2075 1289 2149 1336 eo
2205 1270 2345 1352 ipso
2401 1270 2566 1335 inter
2619 1273 2832 1352 partes

530 1382 952 1463 cognoscente
1017 1383 1207 1460 atque
1274 1377 1596 1442 iudicante
1661 1378 1767 1442 uel
1825 1377 2082 1442 ueritati
2139 1378 2248 1442 uel
2293 1377 2431 1460 paci
2481 1376 2828 1443 cedendum

528 1506 669 1552 esse
720 1486 1051 1550 duxerunt.

426 1597 507 1657 14
620 1591 787 1672 Quid
834 1597 1047 1658 autem
1096 1591 1273 1655 aliud
1331 1595 1645 1656 statueret
1699 1590 2152 1656 Constantinus
2211 1589 2518 1656 aduersus
2571 1591 2832 1656 Caecili·
2873 1613 2924 1650 ιο

530 1719 722 1765 anum
770 1701 835 1764 et
882 1699 1091 1764 socios
1140 1698 1299 1772 eius,
1350 1698 1405 1762 si
1454 1699 1670 1762 essent
1713 1695 1950 1761 uestris
1997 1697 2343 1762 maioribus
2385 1697 2832 1762 accusantibus

532 1807 709 1886 uicti,
775 1824 965 1888 quam
1024 1804 1193 1888 quod
1252 1804 1483 1869 statuit
1538 1802 1604 1868 in
1661 1821 1770 1868 eos
1825 1803 2024 1886 ipsos,
2083 1803 2192 1884 qui
2242 1821 2388 1870 cum
2435 1804 2606 1868 ultro
2653 1821 2834 1868 accu-

531 1916 784 1978 sassent
844 1931 959 1976 nec
1018 1931 1110 1984 ea,
1170 1929 1330 1992 quae
1386 1907 1820 1986 intendebant,
1877 1909 2142 1992 probare
2189 1911 2570 1992 potuissent,
2621 1909 2829 1976 nolue-

530 2023 680 2083 runt
750 2019 1006 2083 ueritati
1081 2016 1435 2082 consentire
1510 2035 1626 2080 nec
1701 2016 1905 2081 uicti?
1979 2016 2090 2080 ille
2175 2017 2410 2099 quippe
2491 2016 2833 2098 imperator

528 2127 774 2208 primus
820 2124 1157 2190 constituit
1202 2123 1263 2188 in
1314 2123 1431 2187 hac
1481 2141 1691 2200 causa,
1741 2127 1816 2188 ut
1859 2141 1960 2188 res
2008 2124 2442 2189 conuictorum
2493 2127 2558 2187 et
2603 2121 2829 2186 unitati
2873 2142 2921 2180 ιε

421 2307 427 2314 ,
476 2238 483 2248 ’
529 2231 943 2314 peruicaciter
986 2230 1417 2294 resistentium
1477 2228 1633 2296 fisco
1692 2217 2180 2295 uindicarentur.
2248 2229 2360 2294 sed
2417 2228 2721 2294 uidelicet
2776 2229 2833 2292 si

530 2340 765 2403 uestris
840 2337 1187 2404 maioribus
1266 2337 1718 2402 accusantibus
1801 2341 1993 2420 atque
2087 2337 2533 2420 superantibus
2617 2340 2830 2402 contra

454 2424 461 2428 ’
530 2444 1039 2510 communionem
1106 2442 1448 2508 Caeciliani
1512 2443 1856 2524 imperator
1927 2441 2054 2506 tale
2115 2441 2356 2524 aliquid
2423 2441 2831 2518 decreuisset,

428 2563 435 2576 “
529 2552 893 2634 prouisores
958 2549 1283 2627 ecclesiae,
1360 2548 1725 2614 defensores
1799 2549 1976 2632 pacis
2049 2552 2116 2613 et
2189 2547 2450 2613 unitatis
2527 2549 2829 2614 nominari

528 2657 809 2724 uelletis.
878 2675 1021 2720 cum
1080 2675 1229 2721 uero
1277 2655 1339 2720 in
1390 2673 1519 2730 eos,
1571 2655 1679 2738 qui
1726 2654 1893 2720 ultro
1941 2657 2316 2721 accusantes
2361 2653 2520 2720 nihil
2567 2655 2830 2737 probare
2867 2677 2924 2716 so

530 2767 877 2848 potuerunt
940 2781 1052 2828 nec
1108 2763 1318 2828 oblato
1378 2762 1504 2826 sibi
1558 2763 1801 2846 gremio
1859 2762 2054 2844 pacis,
2105 2781 2228 2844 quo
2279 2762 2544 2828 correcti
2591 2760 2830 2844 excipe-

528 2874 765 2946 rentur,
840 2870 1195 2934 consentire
1272 2868 1632 2944 uoluerunt,
1710 2870 1786 2932 ab
1853 2869 2342 2952 imperatoribus
2407 2868 2564 2934 talia
2627 2869 2832 2934 decer-

532 2981 783 3054 nuntur,
851 2975 1181 3059 indignum
1248 2977 1495 3040 facinus
1563 2975 1946 3052 clamitatur,
2015 2978 2328 3040 neminem
2387 2976 2466 3040 ad
2519 2976 2832 3042 unitatem

530 3103 673 3148 esse
748 3081 1125 3164 cogendum,
1200 3081 1441 3145 malum
1516 3099 1629 3164 pro
1702 3081 1871 3147 malo
1941 3082 2174 3146 nemini
2242 3081 2631 3148 reddendum
2687 3101 2829 3148 esse

532 3189 951 3255 contenditur.
1021 3187 1174 3270 quid
1232 3193 1335 3252 est
1388 3187 1563 3251 aliud
1621 3207 1808 3269 quam
1857 3187 1942 3266 id,
1992 3187 2162 3270 quod
2210 3188 2286 3252 de
2332 3189 2520 3254 uobis
2569 3189 2822 3269 quidam
2864 3209 2920 3249 25

606 3453 627 3503 1
672 3449 813 3518 ipso]
855 3449 974 3518 ipso
1016 3451 1197 3502 antem
1242 3447 1341 3500 GP
1536 3448 1700 3517 longe
1739 3449 2062 3517 imperatore
2100 3449 2156 3503 R
2363 3447 2661 3512 ordinatus,
2700 3465 2767 3502 m.
2791 3453 2831 3502 2

531 3537 830 3590 ordinatius
861 3537 935 3590 M
1040 3539 1073 3589 2
1112 3551 1301 3590 causas
1330 3537 1385 3589 Α
1532 3535 1694 3590 adese
1736 3541 1848 3605 (pr.
1890 3553 1917 3590 e
1956 3553 2074 3606 exp.
2115 3555 2182 3590 m.
2207 3543 2258 3598 1)
2291 3538 2364 3592 M
2467 3539 2500 3592 3
2539 3538 2833 3592 uoluerunt

530 3625 728 3680 habere
763 3623 831 3678 N
970 3625 1407 3680 sed—uenerunt
1446 3641 1548 3678 om.
1589 3626 1643 3678 A
1781 3628 1813 3678 5
1852 3641 2040 3679 uerum
2077 3641 2178 3680 om.
2221 3629 2273 3680 A
2419 3627 2641 3680 (laturos
2678 3626 2767 3696 (m.
2791 3631 2832 3679 2

532 3714 632 3770 del.
674 3719 757 3780 ur)
797 3714 848 3767 L
994 3717 1027 3768 6
1064 3721 1219 3768 rursu
1256 3713 1313 3768 R
1466 3713 1537 3767 ad
1574 3729 1677 3767 om.
1717 3713 1784 3768 N
1919 3714 1952 3768 8
1993 3715 2080 3768 ucl
2117 3716 2262 3784 paci}
2305 3715 2453 3784 pacis
2489 3714 2560 3768 M
2705 3731 2828 3786 cen-

531 3801 763 3859 dendum
796 3807 909 3870 (pr.
940 3821 973 3856 n
1004 3820 1121 3871 exp.
1152 3819 1223 3857 m.
1248 3808 1299 3868 1)
1330 3804 1405 3857 Μ
1431 3801 1830 3856 credendumR
1934 3803 2000 3856 10
2013 3809 2142 3871 post
2171 3807 2349 3857 autem
2382 3819 2494 3858 rae.
2525 3805 2678 3856 2—3
2707 3805 2740 3856 l.
2771 3803 2838 3856 N

532 3893 597 3945 12
636 3893 781 3962 ipsos
818 3909 919 3946 om.
964 3893 1012 3946 0
1116 3896 1372 3946 accusent
1408 3891 1463 3944 P
1496 3897 1816 3946 accusarent
1849 3891 1917 3946 N
1949 3897 2106 3958 (corr.
2145 3894 2479 3961 accusasent)
2507 3891 2561 3946 L
2639 3893 2704 3946 13
2732 3909 2830 3944 no-

528 3982 747 4035 luerunt
796 3981 934 4034 enim
984 3980 1209 4034 ueritati
1260 3980 1359 4034 ΟΡ
1402 3980 1525 4036 edd.
1570 3987 1799 4048 praeter
1825 3998 1878 4034 m
2061 3983 2125 4034 15
2183 3980 2469 4035 constituit
2523 3982 2728 4051 primus
2774 3980 2830 4034 R

534 4073 598 4124 16
637 4070 1103 4124 resistententium
1141 4069 1193 4122 A
1348 4069 1408 4122 17
1450 4073 1616 4138 atque
1655 4069 2037 4139 superantibus
2076 4086 2178 4125 om,
2217 4069 2291 4124 M
2435 4070 2500 4124 18
2537 4070 2640 4124 tali
2678 4074 2768 4136 (m.
2791 4075 2831 4122 ,2

530 4160 665 4226 tale)
705 4158 837 4228 quid
878 4159 925 4210 (3¹
1033 4159 1099 4212 19
1136 4159 1415 4212 nominare
1456 4159 1509 4212 P
1605 4160 1678 4214 24
1713 4158 2046 4214 reddendum
2087 4159 2290 4214 nemini
2327 4159 2450 4214 cdd.
2560 4157 2828 4213 redendus

531 4254 577 4312 (s
615 4265 754 4302 cras.
794 4265 860 4302 m.
885 4253 924 4300 :3
959 4246 1220 4312 redendu)
1260 4247 1335 4300 M
1520 4249 1589 4303 25
1629 4249 1920 4316 coanitur
1957 4249 2008 4301 A
2227 4248 2381 4318 quid]
2421 4248 2562 4318 quod
2603 4246 2731 4317 quid
2771 4247 2838 4300 N

601 4337 819 4407 quidam
857 4335 925 4389 de
964 4336 1119 4390 uobis
1156 4335 1213 4390 R
