3184 4959
108 1076 263 1138 1119
315 1100 339 1138 5

286 1645 335 1682 10

282 2169 331 2206 15

1129 459 1660 528 epistularum
1721 459 1914 516 XCIII.
2544 465 2674 528 453

376 651 561 716 uibus
608 653 915 735 potestati
964 653 1295 728 humanae,
1346 653 1744 718 tradiderunt
1791 657 1857 718 et
1902 654 2174 736 apostoli
2222 656 2510 721 homines
2565 676 2672 738 po-

376 759 595 824 testati
661 764 936 824 satanae.
1011 761 1075 824 in
1141 760 1241 825 his
1307 761 1604 826 omnibus
1671 761 1824 844 quid
1889 761 2273 836 adtenditur,
2341 763 2464 828 nisi
2531 763 2674 846 quis

376 886 593 931 eorum
650 887 763 950 pro
822 867 1113 944 ueritate,
1172 867 1315 950 quis
1370 887 1481 951 pro
1538 867 1897 950 iniquitate,
1949 868 2091 950 quis
2147 869 2413 934 nocendi
2461 889 2673 948 causa,

374 973 515 1055 quis
567 972 982 1038 emendandi?

463 1079 601 1144 Non
643 1081 967 1146 inuenitur
1004 1082 1363 1166 exemplum
1404 1082 1465 1146 in
1508 1083 1896 1166 euangelicis
1937 1086 2002 1147 et
2039 1083 2408 1164 apostolicis
2437 1082 2670 1148 litteris

375 1186 619 1268 aliquid
663 1187 938 1269 petitum
988 1207 1024 1252 a
1068 1189 1329 1273 regibus
1376 1193 1579 1252 terrae
1625 1207 1738 1272 pro
1787 1189 2058 1254 ecclesia
2110 1191 2328 1254 contra
2379 1189 2670 1255 inimicos

374 1293 702 1358 ecclesiae.
781 1293 924 1376 quis
982 1298 1172 1378 negat
1226 1314 1349 1358 non
1407 1294 1727 1358 inueniri?
1803 1295 1916 1359 sed
1960 1293 2240 1360 nondum
2287 1295 2675 1378 implebatur

370 1401 485 1466 illa
528 1401 891 1482 prophetia:
958 1401 1053 1466 Et
1118 1419 1342 1478 nunc,
1398 1419 1655 1484 reges,
1717 1401 2202 1484 intellegite
2271 1406 2350 1466 et
2413 1400 2670 1466 erudi-

373 1507 587 1585 mini,
638 1509 773 1590 qui
840 1506 1242 1573 iudicatis
1308 1511 1634 1581 terram;
1705 1507 2018 1572 seruite
2075 1507 2395 1572 domino
2452 1507 2528 1572 in
2580 1507 2668 1572 ti-

372 1632 605 1678 more.
674 1614 879 1679 adhuc
939 1612 1105 1678 enim
1161 1613 1323 1678 illud
1370 1613 1775 1696 implebatur,
1827 1614 1999 1698 quod
2044 1616 2104 1678 in
2154 1615 2374 1680 eodem
2421 1615 2666 1698 psalmo

372 1722 561 1804 paulo
630 1721 923 1803 superius
990 1720 1252 1786 dicitur:
1341 1720 1599 1799 Quare
1663 1721 2172 1786 fremuerunt
2237 1725 2526 1806 gentes
2563 1701 2667 1788 ,et

370 1827 664 1911 populi
731 1827 1112 1892 meditati
1179 1831 1372 1891 sunt
1436 1827 1756 1892 inania?
1842 1827 2354 1894 adstiterunt
2427 1849 2664 1914 reges

370 1939 637 1999 terrae
707 1937 785 1998 et
848 1934 1270 2017 principes
1336 1937 1895 1999 conuenerunt
1961 1935 2036 1999 in
2102 1955 2339 2000 unum
2395 1936 2666 2001 aduer-

369 2060 505 2105 sus
576 2041 979 2106 dominum
1046 2045 1124 2105 et
1198 2042 1594 2107 aduersus
1666 2041 2082 2106 Christum
2159 2042 2358 2108 eius.
2440 2062 2664 2108 uerum

369 2154 579 2212 tamen
630 2148 687 2212 si
732 2147 901 2213 facta
948 2148 1289 2230 praeterita
1334 2149 1398 2212 in
1446 2148 1837 2231 propheticis
1881 2147 2062 2212 libris
2113 2148 2350 2232 figurae
2409 2149 2666 2214 fuerunt

367 2255 748 2330 futurorum,
814 2255 876 2318 in
943 2273 1089 2338 rege
1162 2255 1294 2331 illo,
1361 2255 1473 2336 qui
1547 2254 1985 2338 appellabatur
2057 2252 2661 2333 Nabuchodonosor,

368 2364 711 2443 utrumque
758 2365 1014 2443 tempus
1060 2360 1405 2445 figuratum
1454 2365 1571 2438 est,
1613 2364 1675 2424 et
1722 2361 1892 2443 quod
1935 2361 2054 2425 sub
2095 2362 2402 2443 apostolis
2441 2362 2664 2427 habuit

368 2471 431 2531 et
481 2466 650 2550 quod
698 2486 861 2532 nunc
911 2467 1101 2532 habet
1148 2467 1436 2532 ecclesia.
1513 2467 1910 2550 temporibus
1965 2467 2181 2549 itaque
2228 2469 2660 2550 apostolorum

366 2577 429 2638 et
476 2578 823 2656 martyrum
872 2573 1034 2639 illud
1079 2573 1481 2657 implebatur,
1522 2573 1692 2656 quod
1729 2573 2075 2658 figuratum
2113 2579 2230 2653 est,
2272 2575 2519 2656 quando
2558 2595 2660 2639 rex

272 2705 299 2740 ε
365 2682 755 2745 memoratus
799 2681 943 2763 pios
983 2684 1049 2745 et
1084 2680 1293 2746 iustos
1332 2681 1604 2764 cogebat
1639 2680 1894 2745 adorare
1934 2680 2346 2744 simulacrum
2385 2683 2449 2744 et
2483 2700 2659 2746 recu-

366 2790 581 2852 santes
626 2786 923 2852 mittebat
966 2786 1031 2851 in
1078 2787 1425 2862 fiammam;
1476 2805 1641 2850 nunc
1681 2790 1893 2850 autem
1931 2786 2092 2850 illud
2131 2787 2449 2870 impletur,
2489 2788 2657 2870 quod

362 2894 552 2975 paulo
608 2896 758 2976 post
809 2894 871 2957 in
932 2893 1151 2958 eodem
1208 2911 1355 2977 rege
1412 2893 1754 2978 figuratum
1817 2898 1934 2970 est,
1984 2912 2128 2958 cum
2187 2911 2533 2959 conuersus
2581 2896 2658 2960 ad

363 3000 797 3065 honorandum
848 3000 1037 3065 deum
1086 3019 1307 3065 uerum
1358 2999 1642 3065 decreuit
1688 3001 1748 3064 in
1797 3019 1988 3084 regno
2041 3019 2182 3078 suo,
2229 3003 2322 3078 ut,
2373 3001 2660 3083 quicum-

362 3125 485 3188 que
551 3106 1020 3190 blasphemaret
1083 3107 1271 3171 deum
1328 3106 1567 3184 Sidrac,
1625 3107 1830 3172 Misac
1895 3113 1961 3171 et
2012 3105 2379 3191 Abdenago‚
2436 3109 2656 3190 poenis

266 3241 291 3276 2
362 3212 597 3278 debitis
644 3213 1019 3278 subiaceret.
1094 3213 1270 3295 prius
1321 3233 1469 3298 ergo
1517 3216 1771 3295 tempus
1819 3211 1996 3278 illius
2043 3213 2212 3296 regis
2260 3213 2656 3298 significabat

360 3318 567 3402 priora
622 3323 909 3402 tempora
960 3339 1183 3403 regum
1249 3319 1624 3396 infidelium,
1675 3339 1834 3401 quos
1894 3320 2066 3403 passi
2115 3323 2266 3384 sunt
2311 3319 2651 3386 Christiani

502 3529 537 3583 8
574 3529 662 3582 Pe.
704 3531 753 3596 2,
796 3529 1002 3584 10—11
1118 3531 1178 3584 ll
1224 3531 1309 3584 Ps.
1350 3533 1401 3597 2,
1445 3532 1579 3584 1—2
1696 3532 1760 3584 16
1799 3531 1938 3586 Dan.
1980 3534 2030 3590 3,
2075 3531 2272 3594 1-213
2313 3529 2526 3584 91—96

434 3654 459 3707 1
502 3657 796 3724 potestate,
835 3669 973 3708 corr.
1011 3671 1080 3708 m.
1120 3658 1182 3707 ut
1218 3654 1334 3707 uid.
1378 3658 1405 3708 1
1442 3654 1708 3724 potestati
1747 3657 1796 3706 Α
1907 3654 2150 3708 homines
2191 3655 2252 3708 in
2287 3671 2400 3708 ras.
2439 3670 2507 3707 m.
2531 3661 2570 3706 ς’.)
2610 3657 2656 3708 (j

358 3759 461 3796 om.
498 3740 625 3796 MA
768 3743 802 3796 2
843 3742 950 3812 qui,
990 3757 1128 3799 corr.
1167 3759 1235 3796 m.
1258 3747 1286 3794 1
1324 3742 1452 3811 quid
1490 3743 1565 3796 M
1722 3745 1756 3797 4
1795 3742 2136 3806 emendandi,
2174 3759 2242 3796 m.
2265 3746 2306 3798 2
2339 3760 2383 3796 a.
2422 3760 2477 3796 u.
2519 3743 2650 3810 add,

358 3831 551 3885 fecerit
584 3831 654 3885 M
808 3833 841 3885 5
882 3833 959 3900 et]
1002 3833 1057 3885 et
1094 3833 1149 3884 in
1190 3833 1241 3885 A
1397 3835 1429 3886 6
1470 3833 1646 3894 rebus,
1685 3849 1753 3885 m.
1778 3835 1818 3884 2
1853 3832 2072 3900 regibus
2111 3833 2164 3884 A
2345 3833 2556 3900 contra}
2598 3841 2650 3884 et

356 3923 546 3974 contra
581 3921 637 3973 P
742 3923 771 3975 7
810 3920 1054 3974 inuenire
1092 3920 1215 3974 MA
1360 3920 1620 3990 nondum]
1661 3921 1788 3974 dum
1827 3937 1929 3974 non
1977 3922 2024 3974 G
2139 3922 2172 3975 8
2213 3923 2269 3974 et
2305 3926 2436 3974 ante
2473 3919 2650 3974 erudi-

356 4007 493 4062 mini
528 4023 632 4062 om.
676 4008 791 4062 ('m
824 4023 924 4062 aec.
962 4023 1109 4062 sacr.
1151 4009 1253 4062 liet.
1347 4009 1379 4062 9
1418 4011 1650 4062 tremore
1687 4009 1742 4062 R
1845 4010 1910 4062 10
1950 4009 2146 4078 adhuc]
2186 4014 2245 4063 at
2278 4007 2336 4063 R
2431 4009 2496 4062 12
2534 4010 2650 4064 ina-

358 4097 492 4158 niui‚
530 4113 666 4152 corr.
703 4101 824 4151 m.1
860 4098 1043 4151 inania
1080 4096 1153 4149 M
1260 4098 1324 4151 15
1362 4096 1579 4150 fuerant
1613 4097 1710 4151 GR
1822 4099 1886 4152 16
1927 4097 2232 4167 appellatur
2259 4099 2311 4150 Δ
2423 4098 2487 4152 17
2527 4098 2651 4167 sub]

356 4185 425 4239 ab
470 4185 521 4238 R
643 4185 713 4239 20
749 4185 1034 4238 simulacra
1070 4183 1124 4237 L
1232 4185 1296 4238 21
1338 4184 1596 4239 mittebat
1633 4185 1686 4238 in
1726 4185 1942 4238 flamma
1976 4185 2032 4238 P
2061 4184 2116 4238 in
2156 4185 2424 4239 flammam
2463 4185 2648 4240 mitte-

355 4275 453 4328 bat
474 4292 525 4327 m
558 4275 617 4328 in
654 4273 897 4328 flammas
934 4273 1193 4327 mittebat
1228 4279 1345 4327 cett.
1386 4272 1506 4327 edd.
1669 4289 1794 4336 non,
1831 4291 1897 4326 m.
1921 4277 1960 4326 2
2004 4291 2142 4328 nunc
2181 4277 2232 4326 A
2379 4275 2448 4328 24
2487 4279 2544 4330 et
2587 4276 2651 4330 in

346 4364 468 4431 fine
506 4380 559 4417 u.
598 4379 699 4418 om.
740 4363 793 4414 A
