3184 4959
521 426 650 490 682
1246 425 1299 479 S.
1357 424 1635 480 Aureli
1690 426 2127 496 Augustini

519 640 632 703 per
687 620 1012 685 dominum
1069 623 1358 684 nostium
1413 619 1630 683 Iesum
1688 617 2013 685 Christum
2068 620 2477 686 inlustratum
2534 626 2659 698 est3
2716 622 2821 687 cui

521 728 631 791 uni
697 726 979 808 exemplo
1057 725 1148 819 in·
1189 726 1478 790 cuiusuis
1553 726 1763 791 animo
1837 725 2133 793 ferociter
2188 726 2549 811 adrogantis
2615 728 2822 793 omnis

521 832 818 914 superbia
865 832 1036 897 cedit
1081 836 1146 896 et
1199 832 1512 917 frangitur
1558 836 1624 897 et
1671 832 1992 897 emoritur.
2048 833 2316 915 ideoque
2363 854 2483 899 non
2532 832 2823 899 ualentes

519 940 615 1004 illi
679 939 1058 1004 auctoritate
1123 938 1342 1003 turbas
1409 941 1799 1003 terrenarum
1860 959 2074 1005 rerum
2138 940 2475 1005 dilectione
2532 944 2825 1005 caecatas

520 1047 598 1112 ad
670 1046 1094 1110 inuisibilium
1169 1045 1358 1109 fidem
1427 1046 1673 1121 ducere,
1750 1064 1897 1110 cum
1961 1064 2067 1110 eas
2140 1046 2429 1111 uiderent
2492 1046 2821 1130 Epicureis
2888 1069 2917 1109 ε

517 1154 789 1217 maxime
838 1152 1348 1217 contentionibus
1396 1152 1783 1217 commoneri
1839 1172 1958 1218 non
2008 1152 2217 1217 solum
2264 1153 2345 1216 ad
2389 1153 2821 1231 hauriendam,

521 1278 646 1344 quo
711 1259 880 1323 ultro
946 1258 1325 1337 ferebantur,
1395 1257 1509 1322 sed
1575 1257 1767 1321 etiam
1832 1258 1913 1321 ad
1977 1257 2475 1323 defensitandam
2541 1259 2821 1341 corporis

518 1368 942 1449 uoluptatem,
991 1368 1068 1429 ut
1110 1365 1174 1429 in
1216 1384 1288 1429 ea
1335 1384 1663 1429 summum
1710 1364 1948 1429 bonum
1995 1364 2269 1429 hominis
2308 1365 2823 1442 constitueretur,

521 1492 628 1539 eos
703 1473 939 1551 autem,
1014 1472 1124 1553 qui
1209 1470 1516 1536 aduersus
1589 1470 1751 1535 hanc
1822 1470 2221 1553 uoluptatem
2294 1471 2555 1537 uirtutis
2630 1473 2819 1536 laude

517 1582 939 1657 mouerentur,
1019 1578 1232 1642 minus
1317 1576 1663 1642 difficulter
1736 1596 1875 1643 eam
1949 1578 2361 1659 contemplari
2442 1578 2505 1642 in
2590 1578 2817 1643 animis
2862 1604 2914 1643 ιο

519 1687 867 1761 hominum,
943 1685 1108 1749 unde
1183 1684 1352 1748 facta
1423 1684 1607 1763 bona,
1676 1684 1751 1749 de
1820 1685 2051 1767 quibus
2116 1688 2465 1767 utcumque
2526 1690 2824 1769 poterant

518 1794 815 1870 iudicare,
871 1792 1301 1875 procederent,
1361 1792 1556 1856 simul
1610 1792 1935 1869 uidebant,
1996 1792 2051 1856 si
2099 1791 2189 1856 eis
2240 1795 2617 1857 conarentur
2667 1792 2821 1857 insi-

518 1918 710 1965 nuare
757 1900 1035 1982 aliquam
1091 1918 1226 1963 rem
1273 1897 1552 1962 diuinam
1604 1900 1669 1963 et
1714 1917 1907 1979 supra
1954 1898 2165 1962 omnia
2208 1898 2820 1977 incommutabilem,

519 2026 680 2089 quae
728 2006 903 2071 nullo
954 2006 1390 2089 adtingeretur
1436 2004 1716 2086 corporis
1764 2024 1977 2082 sensu,
2036 2004 2151 2069 sed
2197 2006 2334 2069 sola
2380 2009 2591 2070 mente
2635 2006 2821 2070 intel·

517 2114 854 2199 legeretur,
904 2132 1065 2196 quae
1111 2116 1323 2177 tamen
1374 2112 1566 2177 etiam
1612 2114 1902 2176 naturam
1949 2112 2155 2195 ipsius
2201 2114 2434 2177 mentis
2474 2113 2817 2189 excederet,
2860 2136 2913 2176 ιε

519 2239 790 2302 eumque
849 2239 990 2285 esse
1047 2220 1236 2284 deum
1294 2218 1693 2302 propositum
1750 2218 1959 2283 animo
2015 2219 2289 2283 humano
2348 2220 2426 2284 ad
2479 2220 2817 2285 fruendum

518 2330 786 2411 purgato
846 2328 922 2391 ab
983 2327 1152 2392 omni
1204 2326 1348 2391 labe
1404 2327 1822 2390 humanarum
1878 2326 2324 2407 cupiditatum,
2388 2325 2455 2390 in
2512 2345 2635 2409 quo
2692 2345 2816 2391 uno

521 2434 954 2516 adquiesceret
994 2432 1198 2496 omnis
1245 2432 1665 2496 beatitudinis
1713 2432 2037 2515 appetitus
2076 2436 2144 2496 et
2184 2432 2247 2496 in
2291 2452 2415 2515 quo
2462 2433 2646 2497 nobis
2692 2452 2817 2497 uno

517 2539 825 2605 bonorum
865 2539 1148 2602 omnium
1187 2538 1331 2601 finis
1363 2540 1551 2615 esset,
1591 2556 1716 2601 non
1748 2556 1857 2603 eos
1893 2538 2337 2605 intellecturos
2368 2544 2433 2604 et
2468 2558 2819 2623 repugnan-

517 2646 692 2711 tibus
731 2646 837 2711 uel
865 2646 1194 2729 Epicureis
1227 2646 1334 2710 uel
1365 2644 1597 2711 Stoicis
1630 2647 1834 2710 multo
1868 2664 2054 2726 quam
2098 2644 2221 2710 sibi
2250 2646 2501 2710 facilius
2538 2647 2811 2729 palmam
2856 2672 2913 2713 20

519 2753 796 2830 daturos,
841 2754 953 2817 ita
1005 2756 1081 2817 ut
1134 2771 1286 2816 uera
1341 2752 1741 2833 salubrisque
1798 2752 2132 2831 sententia,
2191 2752 2357 2834 quod
2413 2752 2817 2835 perniciosis-

518 2861 753 2925 simum
808 2862 907 2925 est
968 2859 1184 2943 generi
1247 2859 1548 2936 humano,
1612 2859 2029 2943 inperitorum
2084 2860 2464 2942 populorum
2518 2860 2819 2925 inrisione

517 2964 927 3029 sordesceret.
977 2967 1041 3029 et
1085 2964 1205 3029 hoc
1252 2964 1316 3029 in
1365 2965 1735 3029 moralibus.

411 3073 494 3135 18
604 3070 674 3135 In
705 3071 1100 3136 naturalibus
1129 3076 1344 3136 autem
1373 3071 1857 3154 quaestiouibus
1892 3072 1945 3137 si
1984 3071 2097 3137 isti
2130 3072 2411 3138 dicerent
2438 3073 2816 3138 effectricem

517 3179 798 3244 omnium
847 3180 1213 3241 naturarum
1261 3195 1404 3242 esse
1449 3178 1882 3260 incorpoream
1928 3179 2327 3262 sapientiam,
2373 3179 2473 3244 illi
2520 3186 2733 3244 autem
2778 3198 2817 3243 a
2854 3204 2909 3246 2⁵

585 3438 618 3491 2
655 3454 762 3493 uno
799 3438 856 3493 R
896 3442 1056 3504 (corr.
1091 3456 1162 3493 m.
1183 3444 1214 3493 1
1249 3441 1366 3508 uni)
1406 3440 1547 3493 P¹V
1731 3440 1994 3511 cuiusuis]
2032 3440 2183 3495 cuius
2220 3441 2275 3494 A
2454 3442 2628 3495 omnis
2664 3441 2714 3511 (s
2748 3441 2815 3495 in

511 3526 648 3590 ras.)
683 3525 757 3579 Ρ1
887 3528 919 3580 3
956 3526 1184 3581 moritur
1219 3528 1275 3581 A
1398 3530 1434 3581 4
1469 3528 1570 3582 illa
1604 3528 1659 3582 A
1806 3528 2169 3583 delectatione
2205 3529 2315 3583 Pa
2338 3528 2417 3597 ef
2528 3530 2562 3582 5
2602 3528 2810 3591 ducere,

512 3632 582 3671 m.
605 3618 645 3669 2
681 3614 941 3669 ducerent
975 3616 1048 3669 Ρ1
1089 3616 1350 3671 ducerent
1384 3616 1512 3670 MP
1547 3622 1631 3683 (nt
1666 3622 1830 3684 eras.)
1882 3616 1933 3670 V
2000 3618 2032 3671 7
2073 3618 2217 3687 quod
2251 3618 2309 3671 P
2343 3634 2481 3687 quae
2508 3618 2564 3672 A
2672 3618 2809 3672 fere-

511 3704 674 3759 batur
719 3704 774 3758 V
910 3704 1294 3759 defensandam
1322 3705 1398 3759 M
1430 3704 1825 3760 defendendam
1847 3706 1903 3760 Β
2048 3722 2209 3776 corpo
2233 3704 2241 3778 Ι
2266 3708 2411 3776 poris
2440 3704 2513 3761 M
2616 3706 2652 3760 8
2681 3723 2807 3761 con·

513 3794 768 3848 stitueret
815 3798 1010 3861 (postr.
1061 3795 1096 3851 l.
1141 3810 1210 3847 m.
1234 3798 1274 3848 2
1317 3800 1368 3848 et
1414 3795 1667 3863 deinceps
1710 3798 1846 3861 rae.)
1886 3795 1963 3848 P¹
2178 3794 2212 3848 9
2252 3795 2373 3864 qui·
2412 3799 2469 3862 (ο,
2504 3812 2644 3850 eras.
2666 3794 2717 3863 ἓ)
2756 3798 2807 3847 A

515 3884 582 3938 10
620 3882 920 3937 difficiliter
953 3882 1008 3935 A
1154 3884 1221 3939 12
1257 3884 1532 3938 insinuare
1569 3886 1625 3937 A
1771 3884 1837 3939 13
1876 3900 2038 3955 super
2072 3883 2192 3941 edd.
2317 3885 2383 3938 14
2420 3886 2723 3955 attingetur
2754 3886 2809 3937 A

513 3974 918 4041 attingerentur
957 3976 1122 4040 (post.
1160 3990 1195 4025 n
1235 3972 1338 4027 del.
1375 3990 1443 4025 m.
1465 3978 1514 4041 1)
1556 3974 1613 4028 R
1824 3976 1888 4029 15
1929 3972 2215 4035 excideret,
2254 3990 2323 4027 m.
2345 3976 2387 4027 2
2424 3972 2707 4045 excederet
2739 3974 2817 4026 M

513 4060 772 4115 exciderit
806 4061 861 4114 A
974 4062 1038 4115 16
1077 4062 1217 4130 esse]
1259 4079 1316 4115 se
1356 4078 1472 4115 esse
1496 4062 1552 4115 P
1696 4062 1931 4115 humano
1971 4060 2149 4115 animo
2174 4062 2230 4116 Β
2342 4062 2407 4117 18
2434 4078 2540 4116 uno
2570 4062 2727 4117 nobis
2753 4061 2808 4116 Β

516 4150 580 4204 19
617 4148 1046 4219 repugnantibus
1086 4150 1348 4219 epicureis
1384 4150 1524 4204 P1V
1680 4152 1749 4204 20
1784 4150 1995 4204 istoicis
2034 4150 2107 4205 M
2272 4152 2337 4205 21
2380 4152 2461 4205 ita
2495 4151 2582 4221 ut]
2620 4152 2677 4204 id
2714 4155 2809 4203 aut

510 4238 692 4292 MAP
723 4240 813 4305 (m.
851 4244 916 4292 ut
949 4239 1065 4292 uid.
1108 4242 1147 4293 2
1181 4238 1240 4293 id
1277 4242 1481 4307 autem)
1519 4238 1578 4294 R
1622 4238 1680 4293 id
1718 4243 1803 4293 est
1840 4256 1925 4293 ae
2066 4240 2427 4311 perniciosum
2464 4240 2521 4296 Β
2646 4240 2715 4294 23
2750 4240 2801 4292 in

511 4326 829 4397 moralibus]
868 4328 944 4380 im
981 4327 1274 4382 moralibus
1311 4328 1366 4381 P
1400 4328 1797 4383 immortalibus
1834 4328 1909 4382 M
2013 4329 2083 4385 25
2120 4344 2389 4399 nusquam
2427 4348 2459 4383 a
2496 4344 2715 4400 corpore
2749 4330 2806 4385 R
