3184 4959
132 0 672 221 „s

470 355 600 420 328
1176 353 1231 406 S.
1286 353 1559 406 Aureli
1615 351 2049 422 Augustini

470 563 611 622 nus,
662 564 699 608 a
744 565 867 628 quo
923 563 1043 610 uos
1099 545 1338 611 nefario
1395 546 1606 610 furore
1651 545 2098 629 praecidistis?
2148 551 2212 610 et
2259 545 2412 629 quid
2461 565 2578 613 uos
2624 569 2764 632 pro·

470 654 836 718 meruerunt
904 652 1431 730 Maximianistae‚
1508 671 1668 734 quos
1743 672 1780 716 a
1849 653 2036 718 uobis
2111 652 2442 720 damnatos
2515 657 2582 720 et
2655 675 2766 738 per

468 760 707 826 iudicia
750 759 1006 841 publica
1054 760 1131 824 de
1174 759 1457 826 basilicis
1504 759 1910 841 proturbatos
1957 761 2021 825 in
2079 779 2196 826 suo
2250 780 2472 826 rursus
2530 762 2762 828 honore

468 867 845 950 recepistis?
912 866 1063 948 quid
1124 885 1243 931 uos
1308 865 1569 932 offendit
1632 885 1750 950 pax
1807 865 2065 940 Christi,
2125 870 2344 933 contra
2397 887 2588 950 quam
2644 887 2761 934 uos

472 974 761 1040 diuiditis
818 973 893 1038 ab
952 973 1067 1052 εἰς,
1129 992 1289 1056 quos
1326 972 1710 1038 infamatis?
1769 976 1834 1038 et
1889 973 2042 1056 quid
2085 993 2205 1038 uos
2251 976 2600 1057 promeruit
2643 995 2762 1059 pax
2827 990 2854 1030 ⁵

470 1079 729 1159 Donati,
784 1099 895 1164 pro
945 1099 1069 1162 qua
1114 1079 1464 1163 suscipitis,
1512 1099 1674 1162 quos
1723 1081 2080 1146 damnatis?
2127 1081 2490 1146 Felicianus
2535 1082 2764 1148 Musti-

470 1193 660 1254 tanus
706 1188 895 1252 modo
942 1186 1275 1252 uobiscum
1324 1192 1442 1252 est.
1498 1187 1776 1270 legimus
1825 1207 1966 1251 eum
2015 1189 2192 1270 prius
2239 1188 2301 1252 in
2351 1191 2566 1254 uestro
2624 1207 2764 1254 con·

472 1295 617 1361 cilio
690 1293 1055 1358 damnatum
1130 1295 1194 1357 et
1258 1312 1294 1356 a
1354 1292 1540 1358 uobis
1614 1295 1840 1375 postea
1911 1293 1975 1358 in
2049 1293 2284 1359 iudicio
2368 1295 2764 1378 proconsulis

472 1405 841 1468 accusatum
926 1403 990 1466 et
1066 1401 1130 1465 in
1208 1399 1562 1464 Mustitana
1644 1399 1904 1465 ciuitate
1988 1400 2188 1484 gestis
2271 1401 2766 1486 municipalibus

474 1511 930 1594 oppugnatum.
2805 1535 2860 1574 ιο

385 1613 427 1676 4
564 1616 631 1682 Si
677 1614 937 1680 traditio
987 1613 1279 1680 codicum
1326 1615 1636 1679 scelerata
1681 1616 1800 1692 est,
1849 1613 2000 1697 quia
2047 1613 2202 1680 deus
2249 1614 2316 1680 in
2363 1633 2600 1700 regem,
2657 1617 2766 1698 qui

473 1721 830 1787 Hieremiae
893 1720 1126 1785 librum
1191 1720 1491 1800 incendit,
1559 1723 1763 1785 molte
1818 1721 2050 1786 bellica
2101 1721 2475 1800 uindicauit,
2533 1725 2766 1805 quanto

476 1828 848 1894 sceleratius
898 1830 998 1893 est
1044 1827 1447 1912 sacrilegium
1494 1828 1884 1905 schismatis,
1932 1829 2116 1894 cuius
2165 1832 2477 1907 auctoreS,
2534 1830 2766 1913 quibus

474 1935 972 2002 Maximianistas
1022 1935 1455 2017 comparastis,
1503 1937 1720 2018 aperta
1764 1937 1930 2000 terra
1974 1936 2163 2002 uiuos
2212 1937 2566 2002 absorbuit!
2643 1957 2766 2020 quo

474 2042 662 2108 modo
704 2059 849 2126 ergo
884 2041 1117 2106 crimen
1164 2038 1523 2106 traditionis
1560 2041 1745 2107 nobis
1784 2041 2061 2121 obicitis,
2101 2043 2270 2125 quod
2309 2063 2430 2108 non
2463 2043 2766 2126 probatis,
2808 2066 2860 2105 ιε,

479 2153 543 2214 et
598 2148 1039 2215 schismaticos
1096 2150 1345 2213 uestros
1394 2151 1461 2234 et
1505 2147 1816 2214 damnatis
1867 2142 1932 2214 et
1979 2149 2370 2232 acceptatis?
2419 2150 2476 2214 si
2519 2152 2769 2233 propte-

476 2275 583 2321 rea
651 2255 809 2321 iusti
883 2257 1059 2334 estiS,
1137 2255 1287 2339 quia
1357 2255 1860 2336 persecutionem
1935 2275 2050 2339 per
2118 2256 2532 2339 imperatores
2597 2257 2769 2340 passi

479 2363 656 2442 esti8‚
704 2362 1001 2427 iustiores
1048 2361 1235 2427 uobis
1282 2364 1435 2426 sunt
1476 2362 1601 2445 ipsi
1647 2361 2174 2442 Maximianistae,
2231 2381 2392 2446 quos
2448 2382 2561 2445 per
2611 2362 2771 2427 iudi-

479 2491 583 2536 ces
658 2470 735 2535 ab
811 2467 1300 2552 imperatoribus
1374 2468 1710 2533 catholicis
1781 2468 2015 2534 missos
2081 2487 2200 2533 uos
2265 2468 2388 2552 ipsi
2455 2469 2774 2552 persecuti

479 2578 657 2644 estiS.
726 2577 781 2642 si
844 2576 1233 2660 baptismum
1300 2595 1418 2641 uos
1485 2575 1608 2640 soli
1674 2574 1945 2654 habetiS,
2013 2575 2164 2658 quid
2220 2576 2389 2659 apud
2445 2595 2564 2642 uos
2619 2577 2774 2641 facit
2809 2603 2864 2641 20

422 2713 429 2720 ·
478 2685 834 2770 baptismus
882 2682 1491 2749 Maximianistarum
1536 2682 1599 2746 in
1649 2682 1762 2762 eis,
1813 2701 1970 2766 quos
2015 2683 2369 2765 baptizauit
2411 2683 2772 2747 Felicianus

482 2792 835 2866 damnatus,
912 2809 1057 2854 cum
1132 2790 1365 2872 quibus
1438 2792 1540 2854 est
1611 2789 1690 2853 ad
1755 2809 1874 2854 uos
1937 2791 2162 2872 postea
2225 2792 2604 2854 reuocatus?
2667 2788 2774 2852 uel

479 2896 666 2961 uobis
721 2895 903 2970 laicis
962 2894 1038 2960 ad
1093 2895 1220 2960 ista
1269 2895 1693 2978 respondeant
1747 2895 2027 2979 episcopi
2072 2895 2293 2974 uestri,
2341 2894 2396 2960 si
2441 2893 2774 2959 nobiscum

480 3003 656 3085 loqui
722 3003 968 3080 nolunt,
1037 3005 1103 3066 et
1165 3002 1443 3086 cogitate
1506 3021 1618 3084 pro
1686 3003 1892 3067 salute
1957 3006 2192 3080 uestra,
2260 3001 2446 3084 quale
2513 3001 2599 3066 sit
2653 2998 2774 3065 hoc

482 3109 713 3191 ipsum,
764 3107 932 3191 quod
976 3107 1309 3174 nobiscum
1364 3107 1543 3191 loqui
1599 3109 1841 3174 nolunt.
1910 3109 1964 3174 si
2019 3108 2157 3191 lupi
2216 3098 2556 3174 concilium
2613 3107 2772 3172 fece·
2811 3136 2866 3176 25

480 3219 648 3294 runt,
714 3219 787 3280 ut
847 3215 1209 3298 pastoribus
1272 3235 1395 3281 non
1461 3216 1900 3299 respondeant,
1968 3235 2162 3298 quare
2228 3234 2379 3280 oues
2435 3207 2770 3279 consilium

479 3321 905 3406 perdiderunt,
952 3325 1028 3387 ut
1072 3321 1151 3386 ad
1197 3322 1495 3406 luporum
1540 3323 1876 3406 speluncas
1933 3323 2275 3388 accedant?

664 3533 725 3585 11
767 3530 914 3585 Hier.
953 3529 1042 3593 36,
1079 3529 1295 3586 20—30
1403 3531 1470 3586 13
1507 3530 1672 3584 Num.
1712 3531 1796 3594 16,
1835 3529 2047 3586 31—33

558 3657 583 3710 1
625 3659 935 3726 promerunt
972 3657 1025 3708 Δ
1206 3657 1239 3710 3
1277 3655 1563 3725 pturbatos
1600 3655 1656 3710 R
1833 3655 1870 3708 4
1915 3654 2204 3724 recipistis,
2242 3671 2308 3708 m.
2332 3658 2372 3708 2
2407 3653 2689 3724 recepistis
2725 3653 2780 3708 P

555 3744 803 3799 diuiditis
840 3761 936 3798 uos
972 3743 1028 3800 R
1120 3748 1153 3800 5
1191 3761 1305 3808 uos,
1342 3760 1411 3798 m.
1434 3747 1474 3797 2
1510 3761 1543 3796 a
1572 3743 1727 3798 uobis
1755 3744 1829 3797 M
1929 3744 2054 3812 pax]
2087 3747 2150 3796 ut
2177 3759 2278 3808 pax
2307 3746 2389 3808 (ut
2417 3742 2521 3797 del.
2548 3759 2620 3798 m.
2641 3742 2700 3810 2)
2729 3743 2784 3796 P

482 3852 607 3905 pars
642 3834 766 3889 MA
856 3836 889 3888 6
928 3833 1261 3903 dampnastis
1297 3833 1354 3888 R
1447 3833 1478 3884 7
1516 3832 1747 3901 legimus
1783 3848 1887 3886 om.
1924 3830 1995 3884 M
2083 3833 2117 3886 8
2157 3847 2188 3885 a
2223 3848 2326 3886 om.
2363 3831 2440 3885 M
2525 3831 2590 3886 11
2631 3830 2778 3900 quia]

485 3938 645 3992 quam
684 3922 803 3976 edd.
928 3921 994 3975 12
1032 3921 1251 3990 bellica]
1285 3920 1511 3989 publica
1544 3919 1600 3973 P
1631 3919 1751 3974 edd.
1779 3925 2075 3988 praeterm
2201 3921 2266 3973 13
2304 3919 2619 3982 sceleratus,
2653 3935 2722 3972 m.
2743 3923 2784 3972 2

474 3995 797 4065 'sceleratius
833 4010 907 4064 M
1066 4011 1134 4063 14
1170 4009 1539 4072 maxianistas,
1574 4026 1644 4062 m.
1669 4012 1706 4062 3
1741 4009 2168 4062 maximianistas
2203 4007 2266 4062 F
2296 4007 2694 4060 maxiministas
2731 4007 2787 4060 P

487 4099 555 4153 16
591 4099 639 4152 si
676 4099 839 4153 etiam
878 4101 1165 4169 propterea
1190 4097 1247 4151 R
1325 4097 1391 4152 18
1428 4101 1557 4150 sunt
1584 4097 1742 4152 uobis
1767 4097 1824 4152 R
1895 4097 1965 4151 20
1992 4096 2297 4167 baptismus
2325 4095 2461 4150 facit
2485 4093 2543 4150 R
2615 4096 2685 4150 23
2713 4095 2782 4148 ad

483 4187 616 4242 baec
650 4185 707 4241 R
796 4185 867 4241 26
904 4185 1188 4240 concilium
1226 4184 1346 4240 edd.
1440 4187 1508 4240 27
1548 4185 1768 4256 explicit
1801 4183 1872 4239 ad
1910 4185 2214 4239 donatistas
2252 4183 2448 4255 quibus
2486 4183 2782 4238 catholicae

485 4281 535 4342 (e
574 4281 715 4346 cap.)
754 4276 981 4330 ecclesia
1019 4273 1155 4329 dicit
1190 4274 1251 4328 F
1284 4274 1503 4345 explicit
1540 4273 1610 4329 ad
1649 4273 1952 4329 donaiistas
1991 4273 2262 4328 catholica
2297 4272 2526 4326 eeclesia
2561 4271 2698 4328 dicit
2731 4273 2786 4326 P
