3184 4959
1142 423 1678 492 epistularum
1736 421 1999 476 LXXXII.
2593 427 2720 490 377

423 617 664 683 Paulus
732 618 1025 683 occurrit.
1092 617 1169 682 ad
1230 618 1443 700 ipsum
1502 617 1820 700 confugio,
1879 618 1957 681 ad
2011 617 2223 701 ipsum
2281 619 2357 682 ab
2407 619 2720 696 omnibuS,

426 725 533 807 qui
617 725 790 790 aliud
874 725 1177 802 sentiunt,
1252 725 1610 788 litterarum
1687 724 1823 790 eius
1897 724 2351 790 tractatoribus
2423 744 2719 808 p1·ouoc0‚

422 831 635 912 ipsum
698 832 1093 916 interrogans
1149 831 1481 912 interpello
1540 833 1605 893 et
1660 829 1910 912 requiro
1969 831 2032 894 in
2091 849 2185 909 eo,
2246 830 2415 912 quod
2463 831 2724 916 scripsit

424 937 525 1000 ad=
569 937 829 1002 Galatas
902 937 1145 1002 uidisse
1220 955 1287 1001 se
1350 937 1612 1001 Petrum
1687 955 1807 1002 non
1883 941 2054 1000 recte
2118 937 2577 1020 ingredientem
2645 937 2724 1001 ad

364 1069 387 1108 ⁵
424 1043 758 1108 ueritatem
815 1043 1130 1126 euangelii
1188 1043 1369 1124 eique
1422 1041 1488 1106 in
1542 1041 1772 1107 faciem
1809 1045 2141 1126 propterea
2178 1043 2514 1123 restitisse,
2553 1033 2724 1125 quod

422 1148 534 1214 illa
624 1149 1033 1214 simulatione
1118 1153 1339 1233 gentes
1424 1148 1741 1214 iudaizare
1825 1148 2115 1233 cogebat,
2201 1154 2414 1214 utrum
2497 1169 2718 1215 uerum

426 1256 769 1340 scripserit,
827 1273 903 1320 an
959 1255 1121 1320 forte
1167 1256 1379 1320 nescio
1430 1274 1555 1337 qua
1603 1255 2039 1338 dispensatiua
2083 1257 2363 1321 falsitate
2414 1257 2720 1322 mentitus

425 1363 530 1427 sit.
595 1366 659 1427 et
714 1362 903 1427 audio
957 1362 1145 1446 paulo
1204 1363 1495 1444 superius
1552 1363 1615 1425 in
1677 1363 1962 1426 eiusdem
2029 1363 2403 1428 narrationis
2469 1363 2719 1428 exordio

422 1469 725 1554 religiosa
768 1488 927 1534 uoce
974 1467 1134 1532 mihi
1172 1467 1581 1533 clamantem:
1633 1467 1834 1549 Quae
1884 1473 2132 1534 autem
2183 1470 2430 1534 scribo
2479 1469 2718 1546 uobiS,

336 1605 387 1642 ιο
426 1595 595 1641 ecce
645 1595 888 1641 coram
938 1575 1095 1654 deo,
1146 1573 1325 1657 quia
1370 1593 1511 1638 non
1560 1575 1907 1639 mentior.

244 1675 329 1737 25
509 1684 681 1748 Dent
742 1681 995 1747 ueniam
1062 1681 1335 1764 quilibet
1398 1682 1571 1745 aliud
1641 1683 2000 1765 opinantes:
2080 1701 2196 1766 ego
2261 1683 2467 1768 magis
2535 1683 2718 1748 credo

422 1794 599 1856 tanto
649 1790 939 1871 apostolo
987 1789 1049 1852 in
1099 1788 1233 1852 suis
1282 1792 1347 1853 et
1392 1808 1501 1872 pro
1550 1789 1686 1854 suis
1724 1789 1958 1854 litteris
1995 1789 2228 1854 iuranti
2267 1809 2452 1871 quam
2493 1790 2719 1873 cuique

424 1896 795 1962 doctissimo
862 1897 939 1962 de
996 1897 1218 1961 alienis
1273 1895 1509 1961 litteris
1567 1895 1943 1978 disputanti.
2009 1915 2124 1961 nec
2190 1897 2314 1962 dici
2376 1897 2569 1963 timeo
2629 1898 2720 1962 sic

420 2005 694 2070 Paulum
758 2003 1111 2082 defendere,
1177 2005 1346 2086 quod
1410 2021 1531 2069 non
1599 2003 1919 2068 simularit
1982 2023 2250 2069 errorem
2316 2003 2718 2090 Iudaeorum,

338 2137 385 2178 ιε
422 2112 536 2176 sed
582 2131 729 2177 uere
777 2112 971 2176 fuerit
1014 2112 1078 2175 in
1128 2131 1351 2190 errore,
1402 2111 1700 2194 quoniam
1759 2131 1963 2194 neque
2021 2111 2362 2176 simulabat
2426 2130 2718 2182 errorem.

422 2220 528 2301 qui
585 2219 877 2284 libertate
936 2219 1305 2301 apostolica,
1366 2219 1537 2284 sicut
1581 2218 1678 2282 illi
1725 2219 1995 2301 tempori
2045 2219 2452 2302 congruebat,
2501 2222 2720 2282 uetera

421 2327 531 2389 illa
587 2329 996 2400 sacramenta,
1054 2325 1165 2389 ubi
1224 2344 1385 2406 opus
1444 2328 1596 2398 erat,
1655 2324 1895 2408 agendo
1947 2324 2433 2389 commendabat
2477 2343 2551 2388 ea
2595 2345 2717 2388 non

424 2437 675 2498 satanae
739 2432 1025 2498 uersutia
1089 2431 1477 2514 decipiendis
1544 2431 1910 2495 hominibus
1977 2431 2089 2495 sed
2156 2431 2254 2495 dei
2321 2431 2720 2513 prouidentia

422 2539 932 2623 praenuntiandis
998 2540 1186 2604 rebus
1252 2539 1486 2604 futuris
1553 2538 1918 2622 prophetice
1975 2539 2342 2615 constituta,
2399 2557 2514 2602 nec
2569 2557 2718 2602 uere

330 2673 389 2712 πο
424 2646 628 2711 fuerat
699 2648 761 2710 in
840 2665 1045 2711 errore
1109 2645 1511 2726 Iudaeorum,
1586 2645 1695 2726 qui
1773 2664 1894 2708 non
1971 2645 2177 2708 solum
2251 2649 2562 2720 nouerat,-
2608 2645 2718 2708 sed

424 2754 613 2818 etiam
650 2754 959 2818 instanter
1003 2756 1067 2817 et
1114 2753 1341 2816 acriter
1384 2751 1788 2834 praedicabat
1835 2741 1941 2816 eos
1992 2771 2214 2827 errare,
2256 2752 2363 2832 qni
2409 2753 2718 2835 putabant

425 2861 719 2944 gentibus
802 2860 1155 2943 inponenda
1238 2860 1345 2924 uel
1430 2855 1867 2924 iustificationi
1957 2878 2352 2941 quorumque
2433 2859 2717 2923 fidelium

424 2985 795 3034 necessarla.

601 3229 636 3280 4
674 3225 793 3281 Gal.
831 3227 880 3280 2.
925 3228 1013 3290 14;
1058 3227 1120 3280 11
1234 3229 1266 3279 9
1306 3225 1423 3280 Gal.
1469 3228 1513 3287 1,
1554 3229 1623 3280 20
1738 3227 1802 3280 13
1842 3227 1906 3280 cf.
1947 3244 1998 3296 p.
2039 3227 2160 3285 313,
2207 3227 2340 3279 1-2

496 3457 521 3508 1
566 3455 817 3523 confugio
858 3455 925 3508 acl
964 3457 1141 3524 ipsum
1181 3472 1281 3510 om.
1321 3456 1376 3509 A
1576 3454 1666 3522 ad]
1709 3471 1740 3506 a
1777 3455 1816 3508 Ι
1990 3455 2022 3506 2
2063 3453 2194 3522 quid
2233 3453 2383 3508 aliud
2421 3451 2546 3508 MR
2585 3455 2712 3524 quia

421 3541 561 3596 illud
594 3543 651 3596 A
794 3544 1036 3598 sentiant
1072 3543 1177 3596 HI
1276 3541 1309 3595 3
1349 3542 1539 3596 scribit
1574 3543 1640 3595 H
1748 3543 1780 3596 6
1819 3531 2054 3611 cogebat
2087 3541 2162 3595 M
2199 3545 2288 3608 (u
2329 3543 2492 3609 eras.)
2530 3542 2583 3595 A
2623 3560 2711 3596 co-

422 3632 655 3702 gebatur
689 3631 744 3685 P
910 3649 1035 3686 uero
1078 3632 1113 3684 1
1254 3633 1283 3685 7
1326 3633 1417 3700 an]
1460 3635 1585 3684 ante
1625 3631 1678 3682 A
1851 3631 2220 3700 dispensatiue
2256 3631 2314 3683 P
2451 3631 2484 3684 8
2524 3631 2710 3702 audio]

421 3720 582 3774 audio
623 3737 741 3775 eum
784 3720 905 3774 edd.
1052 3719 1285 3782 exordio,
1324 3721 1385 3773 in
1420 3735 1592 3788 mary.
1633 3719 1794 3772 initio
1833 3717 1874 3772 I
1972 3719 2006 3772 9
2043 3719 2177 3772 mihi
2217 3736 2348 3773 uoce
2385 3719 2491 3772 HI
2602 3720 2711 3773 cla-

418 3813 601 3864 mante
644 3815 731 3874 (zv
770 3826 837 3862 m.
861 3813 899 3862 2
938 3809 1067 3863 add.
1109 3814 1209 3862 aut
1242 3807 1549 3878 inductum)
1578 3806 1655 3860 1²¹
1798 3805 1974 3862 scribo
2015 3807 2169 3861 uobis
2207 3825 2307 3862 om.
2338 3809 2393 3861 A
2505 3809 2571 3861 12
2601 3809 2712 3861 cui-

423 3915 583 3967 quam
623 3899 741 3951 edd.
778 3903 1057 3966 praetera
1169 3898 1234 3951 13
1274 3897 1585 3951 doctissime
1623 3895 1798 3950 PMA
1923 3896 2208 3966 deputanti
2244 3897 2314 3949 H
2433 3895 2567 3950 dicit
2595 3898 2712 3950 IlA

490 3988 681 4056 timeo]
722 3988 891 4040 timeo
928 4003 1088 4040 mem
1269 3987 1369 4056 sic]
1409 3986 1455 4039 si
1495 3987 1529 4038 I
1675 3986 1738 4039 15
1789 3985 2071 4040 simulabit
2109 3983 2140 4037 1
2287 3986 2352 4038 16
2399 3985 2712 4039 liuertatcm

419 4076 771 4146 apostolicam
804 4078 843 4129 I
949 4079 1013 4130 19
1050 4075 1471 4148 pronuntiandis
1500 4075 1533 4128 Ι
1567 4075 1634 4128 ab
1675 4073 2052 4128 renuntiandis
2076 4075 2131 4129 R
2277 4073 2710 4128 consconstituta

422 4169 535 4236 (pr.
574 4181 701 4218 cons
740 4167 902 4232 erae.)
944 4165 991 4236 I,
1120 4181 1249 4218 uera
1278 4165 1344 4217 H
1447 4165 1517 4218 20
1555 4164 1649 4232 qui
1685 4170 1817 4217 n¹oef1
1856 4163 2030 4217 solum
2070 4151 2290 4218 xil->serat
2321 4165 2360 4228 (¹
2388 4168 2438 4216 et
2467 4187 2534 4207 as
2565 4169 2615 4216 et
2645 4195 2710 4202 —

416 4269 487 4308 m.
524 4260 589 4307 ut
624 4239 753 4307 uid(
781 4257 843 4318 23
870 4253 994 4321 fuit
1032 4255 1125 4323 qui
1162 4271 1269 4306 non
1310 4254 1483 4307 solum
1520 4253 1768 4322 nouerat)
1807 4253 1880 4306 Ρι
2054 4252 2168 4322 qui]
2213 4253 2338 4321 quia
2373 4252 2475 4306 HI
2615 4270 2710 4306 no-

416 4341 574 4395 berat
610 4343 673 4395 H
806 4343 871 4396 21
914 4345 1171 4413 putarent
1209 4343 1305 4395 HI
1450 4342 1519 4396 22
1559 4359 1848 4410 coramque
1887 4341 1952 4394 H
1986 4357 2440 4411 quorumcumque
2477 4341 2549 4394 ΡΙ
2589 4341 2708 4396 edd.
