3184 4959
487 396 525 457 6
1192 394 1244 449 S.
1303 390 1580 445 Aureli
1634 390 2070 461 Augustini

485 585 787 669 loquitur,
837 587 1112 651 habebat
1155 588 1456 653 diuitias?
1523 588 1696 652 aliud
1744 590 1843 653 est
1886 588 2054 652 enim
2098 587 2223 651 iam
2271 587 2439 652 nolle
2484 587 2766 670 incorpo-

485 712 641 772 rare,
692 712 852 776 quae
901 694 1150 773 desunt,
1199 694 1370 759 aliud
1417 695 1543 759 iam
1598 692 1999 777 incorporata
2042 694 2370 758 diuellere:
2436 693 2531 757 1111
2586 695 2771 759 uelut

487 800 615 865 cibi
687 802 1116 885 repudiantur,
1191 802 1306 867 illa
1375 803 1558 867 uelut
1626 804 1913 867 membra
1982 800 2447 884 praeciduntur.
2533 804 2767 883 quanto

485 906 686 991 igitur
730 911 796 971 et
840 912 1144 991 quantum
1193 908 1470 973 mirabili
1519 908 1751 992 gaudio
1798 909 2035 974 nostris
2079 908 2471 991 temporibus
2510 906 2769 973 Christi-

489 1033 608 1078 ana
671 1014 900 1079 caritas
967 1015 1278 1099 conspicit
1339 1036 1451 1098 per
1521 1016 1764 1080 domini
1835 1016 2237 1100 euangelium
2312 1034 2459 1079 cum
2529 1014 2775 1079 laetitia
2835 1032 2861 1074 5

485 1120 645 1201 fieri,
693 1121 861 1205 quod
908 1140 1012 1187 ore
1059 1122 1297 1187 domini
1345 1142 1489 1188 cum
1537 1122 1801 1188 tristitia
1844 1122 2027 1188 diues
2074 1123 2348 1187 audiuit!

401 1228 441 1291 6
581 1226 980 1311 Quamquam
1026 1229 1222 1294 nullis
1270 1230 1480 1294 uerbis
1529 1229 1829 1312 explicem
1879 1230 2353 1312 conceptionem
2402 1248 2473 1294 ac
2508 1229 2773 1312 parturi-

487 1333 728 1399 tionem
799 1334 1006 1400 cordis
1070 1335 1215 1413 mei,
1271 1340 1481 1401 tamen
1539 1337 1687 1418 quia
1740 1337 2081 1420 prudenter
2136 1340 2201 1401 et
2252 1335 2353 1419 pie
2400 1336 2773 1419 intellegitis

488 1462 612 1506 non
677 1461 816 1506 esse
879 1442 1070 1506 istam
1138 1446 1437 1517 uestram,
1503 1444 1625 1509 hoc
1689 1448 1790 1509 est
1852 1445 2211 1519 humanam,
2280 1444 2390 1509 sed
2452 1443 2515 1506 in
2590 1443 2774 1508 uobis

491 1548 726 1613 domini
765 1548 1028 1632 gloriam
1059 1586 1147 1596 --
1178 1569 1320 1614 nam
1361 1553 1428 1613 et
1460 1550 1790 1615 inimicum
1828 1550 2197 1615 cautissime
2223 1549 2561 1615 intuemini
2588 1550 2775 1614 deuo·
2812 1568 2867 1609 ιο

491 1654 865 1737 tissimeque
913 1656 1126 1739 agitis,
1175 1660 1250 1720 ut
1294 1662 1617 1740 tamquam
1666 1657 1963 1741 discipuli
2002 1657 2239 1723 Christi
2276 1657 2550 1722 humiles
2590 1656 2775 1721 corde

493 1765 554 1823 et
602 1760 790 1824 mites
839 1760 1018 1835 sitis;
1075 1762 1302 1825 utilius
1352 1762 1518 1826 enim
1567 1766 1811 1827 terrena
1857 1763 2182 1845 opulentia
2226 1765 2479 1828 tenetur
2522 1762 2779 1826 humili-

491 1871 608 1943 ter,
660 1886 846 1949 quam
896 1868 1164 1949 superbe
1211 1868 1587 1950 relinquitur
1630 1906 1717 1914 -—
1767 1869 1915 1951 quia
1968 1888 2116 1953 ergo
2174 1872 2347 1933 recte
2400 1869 2777 1952 intellegitis

493 1990 613 2036 non
663 1991 803 2036 esse
851 1971 1012 2037 hanc
1060 1978 1338 2038 uestram
1398 1974 1510 2039 sed
1565 1974 1805 2038 domini
1862 1974 2149 2059 gloriam,
2208 1975 2530 2052 uidebitis,
2588 1994 2777 2057 quam

488 2095 693 2160 parua
739 2082 804 2143 et
850 2080 1076 2163 exigua
1131 2080 1412 2145 dixerim.
1481 2081 1607 2144 dixi
1654 2081 1819 2145 enirn
1872 2082 1947 2145 de
1992 2081 2289 2145 laudibus
2338 2082 2595 2159 ChristL
2646 2081 2779 2164 qui·
2818 2101 2868 2140 15

495 2184 617 2247 bus
693 2190 842 2251 sunt
923 2186 1182 2270 linguae
1262 2188 1509 2271 inpares
1593 2187 1986 2272 angelorum.
2069 2187 2229 2252 hanc
2312 2208 2459 2273 ergo
2546 2189 2781 2253 Christi

498 2290 762 2373 gloriam
812 2294 1002 2357 etiam
1053 2293 1256 2358 oculis
1303 2298 1661 2359 nostrorum
1712 2294 2041 2359 hominum
2088 2294 2382 2378 cupimus
2438 2295 2781 2372 admoueri,

497 2397 558 2460 in
618 2417 741 2462 uno
801 2400 1096 2483 coniugio
1151 2402 1480 2485 proposita
1534 2402 1788 2483 utrique
1846 2402 2021 2467 sexui
2069 2402 2404 2467 calcandae
2451 2401 2782 2484 superbiae

498 2508 564 2566 et
608 2524 728 2568 non
777 2505 1198 2588 desperandae
1243 2508 1654 2591 perfectionis
1710 2508 2012 2591 exempla.
2081 2508 2293 2575 ne‘scio
2342 2508 2396 2572 si
2445 2507 2781 2591 quicquam

497 2608 971 2677 misericordius
1047 2613 1258 2699 agitis,
1335 2634 1524 2696 quam
1600 2615 1654 2679 si
1728 2619 1979 2680 tautum
2052 2616 2269 2681 nolitis
2332 2616 2549 2694 latere,
2615 2614 2783 2698 quod
2820 2634 2874 2673 20

497 2717 660 2781 tales
710 2718 887 2797 estis,
936 2725 1242 2801 quantum
1287 2722 1450 2787 tales
1498 2741 1639 2787 esse
1685 2722 2011 2787 uoluistis,

411 2830 448 2893 7
589 2822 1020 2903 Vetustinum‚
1084 2828 1299 2909 impiis
1367 2848 1618 2911 quoque
1682 2830 2108 2893 miserabilem
2173 2848 2459 2910 puerum,
2532 2832 2785 2893 uestrae

500 2929 877 3013 benignitati
925 2933 1298 3015 caritatique
1348 2935 1737 2999 commende.
1801 2954 2025 2999 causas
2074 2934 2453 2998 calamitatis
2504 2938 2567 2997 et
2610 2953 2785 3016 pere·

503 3036 877 3119 grinationis
935 3040 1070 3102 eius
1128 3040 1400 3103 audietis
1460 3060 1530 3104 ex
1593 3042 1756 3122 ipso.
1822 3060 1965 3103 nam
2034 3044 2098 3104 et
2158 3039 2559 3122 propositum
2624 3039 2784 3117 eiuS‚

685 3282 746 3333 11
789 3281 980 3335 matth.
1025 3283 1106 3347 11,
1143 3283 1212 3335 29

581 3408 603 3458 1
645 3406 753 3459 iam
790 3408 958 3476 nolle]
999 3408 1145 3462 nolle
1184 3406 1304 3461 edd.
1334 3412 1561 3475 praeter
1600 3424 1636 3459 α
1798 3407 2128 3477 incorporari
2167 3406 2287 3461 MC
2462 3408 2496 3460 2
2533 3407 2629 3461 illa
2668 3407 2786 3461 edd.

504 3498 536 3551 3
578 3496 706 3565 cibi]
750 3498 836 3551 cui
872 3496 1016 3551 MP¹
1125 3497 1224 3561 1111,
1263 3513 1402 3551 corr.
1445 3496 1668 3565 (m.2?)
1704 3497 1799 3550 isti
1844 3496 1890 3549 0
2002 3498 2035 3551 5
2073 3498 2301 3551 consicit
2337 3498 2397 3551 Ε
2510 3498 2615 3559 dm,
2654 3515 2721 3551 m.
2752 3500 2793 3549 2

505 3586 595 3639 dni
631 3587 704 3641 M
807 3590 840 3641 6
881 3588 1126 3641 oratione
1168 3586 1216 3640 G
1250 3604 1310 3641 ex
1348 3603 1439 3640 ore
1478 3587 1600 3641 edd.
1747 3585 2012 3640 dominico
2052 3585 2233 3640 tristia
2268 3586 2322 3639 A
2434 3588 2463 3639 7
2502 3586 2629 3639 ullis
2666 3583 2791 3637 MA

502 3676 536 3729 8
573 3680 754 3729 tamen
795 3676 942 3746 quia]
983 3680 1258 3746 tamquam
1295 3676 1370 3729 P¹
1514 3676 1795 3745 intellegis
1834 3674 2203 3729 MACP¹RK
2339 3675 2404 3728 10
2443 3674 2790 3727 deuotissimc

505 3782 641 3834 quae
682 3766 733 3817 A
849 3767 908 3819 11
950 3766 1127 3835 agatis
1155 3766 1217 3819 E
1353 3764 1590 3829 humilis,
1628 3782 1697 3820 m.
1719 3768 1760 3817 2
1792 3764 2024 3817 humiles
2052 3764 2107 3817 Ρ
2214 3765 2281 3817 12
2318 3780 2381 3816 ac
2417 3762 2537 3818 edd.
2566 3768 2794 3831 praeter

507 3870 592 3907 ae
770 3856 844 3907 mi
864 3856 1032 3907 tlmtes
1075 3855 1136 3920 (li
1172 3871 1310 3908 erae.
1334 3853 1383 3921 ,9)
1423 3854 1484 3907 Ε
1630 3854 1692 3908 13
1730 3854 2007 3923 intellegis
2047 3854 2091 3906 G
2235 3854 2301 3906 14
2337 3853 2475 3906 hanc
2514 3869 2631 3905 esse
2670 3852 2789 3906 edd.

578 3942 778 3995 uidetis
814 3942 1186 3997 MAOP¹RK
1220 3944 1340 3999 edd.
1481 3944 1545 3996 16
1582 3942 1707 4007 han,
1748 3961 1815 3997 m.
1838 3946 1878 3996 2
1914 3944 2054 3997 hauc
2091 3942 2165 3995 Ρι
2304 3944 2369 3996 17
2408 3943 2700 3995 ammoneri
2740 3944 2793 3994 A

509 4033 746 4086 amoueri
787 4035 844 4087 K
916 4034 980 4087 18
1019 4033 1314 4102 proposita,
1353 4048 1420 4085 m.
1445 4036 1484 4086 2
1519 4032 1799 4101 proposita
1836 4032 1889 4084 P
1967 4033 2031 4084 19
2064 4037 2119 4084 et
2144 4048 2244 4087 om.
2276 4031 2642 4085 MAOPUeK
2672 4030 2791 4085 edd.

583 4122 902 4192 disperande
947 4124 992 4175 C
1027 4122 1366 4192 desperanda
1399 4122 1455 4176 R
1635 4122 1699 4175 21
1744 4122 1933 4175 essetis
1977 4120 2023 4174 C
2188 4121 2462 4174 uoluiistis
2498 4121 2559 4174 E
2590 4121 2793 4177 uoluis-

508 4212 640 4264 setis
677 4210 732 4264 A
911 4213 979 4265 22
1027 4212 1225 4281 impiiS,
1270 4226 1444 4279 supra
1491 4210 1707 4281 (m.1?)
1753 4211 1781 4263 l
1824 4211 2069 4279 inprimis
2116 4210 2185 4263 M
2364 4211 2432 4264 23
2482 4226 2695 4265 causam
2733 4210 2797 4263 K

509 4302 578 4353 24
617 4300 856 4365 audiens,
893 4317 961 4354 m.
985 4304 1024 4355 2
1059 4300 1293 4355 audieris
1337 4300 1386 4354 0
