3184 4959
649 391 776 454 738
1351 388 1404 441 S.
1469 386 1739 440 Aureli
1798 386 2237 455 Augustini

645 582 1348 647 resurrectionem
1383 581 1823 645 multorum
1874 582 1948 645 in
1987 580 2309 646 Israhel
2348 584 2427 645 et
2471 582 2546 645 in
2597 583 2945 665 signum,

644 689 773 754 cui
812 687 1458 764 contradicetur3
1501 690 1578 752 et
1615 691 1827 752 tuam
1856 688 2127 771 ipsius
2168 688 2503 753 animam
2536 691 2945 772 pertrans-

641 795 804 860 ibit
875 794 1228 879 gladius,
1301 798 1392 858 ut
1478 794 1957 859 reuelentur
2046 794 2488 859 multorum
2572 795 2939 860 cordium

643 902 1226 987 cogitationes.
1283 902 1594 983 numquid
1642 901 1717 965 de
1762 902 2057 985 passione
2104 902 2365 979 Mariae,
2414 920 2575 985 quae
2621 921 2941 985 nusquam

641 1010 876 1094 scripta
906 1012 1024 1086 est,
1066 1011 1184 1074 hoc
1225 1009 1635 1093 prophetasse
1666 1008 2013 1074 credendus
2053 1012 2193 1075 est?
2230 1029 2306 1073 an
2344 1028 2497 1074 uero
2538 1008 2615 1073 de
2651 1012 2939 1075 materno
2998 1032 3019 1069 ε

640 1117 776 1183 eius
826 1116 1076 1193 affectu,
1127 1135 1250 1199 quo
1296 1119 1522 1200 postea
1563 1117 1632 1182 in
1676 1118 1957 1199 tempore
2002 1115 2319 1199 passionis
2376 1116 2693 1181 adsistens
2742 1117 2937 1186 cruci,

639 1242 764 1306 qua
798 1224 918 1289 hoc
959 1226 1091 1288 erat
1127 1223 1338 1301 fixum,
1381 1221 1550 1306 quod
1586 1223 1729 1304 ipsa
1762 1225 2111 1307 pepererat,
2149 1226 2575 1287 maternorum
2610 1221 2935 1287 uiscerum

637 1331 850 1396 dolore
899 1329 1135 1395 confixa
1185 1333 1286 1394 est
1345 1333 1410 1394 et
1456 1328 1731 1395 animam
1776 1329 1953 1394 illius
1998 1330 2132 1408 illa,
2180 1348 2341 1413 quae
2389 1330 2525 1394 eius
2581 1330 2935 1417 secundum

636 1454 884 1500 carnem
964 1435 1168 1500 filium
1251 1434 1392 1518 ipsa
1475 1437 1804 1518 spectante
1878 1434 2261 1511 confoderat,
2344 1435 2552 1500 crucis
2622 1435 2937 1519 rumphea

633 1541 1039 1626 penetrabat?
1095 1542 1281 1607 uideo
1339 1542 1505 1605 enim
1555 1545 1621 1606 et
1672 1542 1735 1605 in
1792 1542 2057 1625 psalmis
2107 1541 2183 1606 de
2227 1540 2453 1623 Ioseph
2512 1541 2608 1605 ita
2651 1541 2934 1608 dietum:
2970 1565 3017 1603 m

631 1648 1308 1713 Humiliauerunt
1361 1648 1440 1712 in
1489 1648 2027 1731 compedibus
2072 1648 2318 1733 pedes
2368 1648 2569 1723 eius3
2625 1648 2931 1713 ferrum

629 1756 1132 1839 pertransiit
1169 1754 1508 1820 animam
1542 1756 1742 1831 eius,
1785 1754 1954 1821 sicut
1980 1756 2042 1820 in
2074 1755 2406 1840 euangelio
2437 1753 2595 1819 dixit
2622 1753 2935 1838 Symeon:

629 1864 725 1927 Et
781 1866 999 1927 tuam
1057 1862 1329 1945 ipsius
1389 1862 1723 1926 animam
1780 1863 2335 1945 pertransibit
2390 1861 2743 1947 gladius,
2804 1882 2931 1927 non

631 1970 722 2034 ait
757 1971 1050 2033 ‘carnem‘
1097 1967 1207 2033 sed
1244 1968 1646 2046 ‘animam',
1693 1969 1757 2033 in
1797 1988 1924 2051 qua
1967 1968 2225 2051 pietatis
2274 1970 2524 2035 affectio
2572 1969 2937 2034 continetur

629 2080 692 2140 et
751 2074 985 2141 doloris
1053 2074 1312 2139 aculeus
1380 2076 1560 2157 quasi
1628 2075 1880 2159 gladius
1948 2078 2260 2158 operatur,
2328 2095 2472 2140 cum
2538 2080 2649 2139 aut
2712 2074 2933 2159 aliqua
2968 2096 3011 2135 ιε

626 2182 832 2247 carnis
889 2200 1041 2246 suae
1097 2180 1326 2245 iniuria
1381 2180 1676 2256 afficitur,
1742 2184 1817 2246 ut
1869 2181 2124 2265 Ioseph,
2182 2182 2291 2265 qui
2347 2200 2470 2247 non
2526 2182 2751 2247 mortis
2810 2183 2929 2247 sed

623 2289 996 2353 iniuriarum
1049 2286 1316 2371 pertulit
1365 2287 1693 2371 passiones
1748 2288 1811 2352 in
1870 2307 2127 2353 seruum
2173 2288 2473 2353 uenditus
2520 2292 2585 2353 et
2625 2289 2693 2352 in
2738 2308 2927 2353 reum

624 2396 990 2461 uinculatus
1070 2398 1134 2459 et
1208 2394 1438 2459 carceri
1513 2394 1723 2475 datuS,
1808 2398 1921 2459 aut
1992 2414 2138 2459 cum
2214 2394 2565 2461 affectionis
2636 2395 2925 2460 internae

621 2502 887 2567 tristitia
937 2502 1047 2566 uel
1102 2500 1317 2566 dolore
1374 2501 1712 2577 cruciatur,
1778 2505 1854 2566 ut
1906 2502 1971 2566 in
2022 2501 2247 2573 Maria,
2305 2520 2493 2585 quam
2548 2502 2777 2584 utique
2842 2503 2927 2565 ad

621 2628 870 2676 crucem
903 2608 1159 2685 domini,
1188 2608 1250 2672 in
1282 2628 1406 2691 quo
1437 2610 1588 2672 tunc
1618 2607 1719 2671 sui
1746 2611 1993 2672 tantum
2026 2610 2304 2692 corporis
2334 2606 2537 2673 filium
2569 2608 2923 2693 cogitabat,
2960 2628 3009 2666 sr-

619 2720 899 2781 materna
952 2734 1128 2779 mens
1185 2714 1466 2791 duxerat,
1521 2716 1617 2789 ut,
1674 2732 1819 2779 cum
1869 2733 2015 2778 eum
2069 2714 2341 2779 uidisset
2394 2717 2740 2789 mortuum,
2801 2716 2924 2780 hu-

621 2842 804 2886 mana
855 2821 1218 2885 infirmitate
1270 2820 1522 2905 lugeret
1575 2820 2133 2904 sepeliendumque
2188 2821 2519 2906 colligeret
2570 2821 2731 2885 nihil
2790 2821 2922 2885 sibi

797 3081 858 3134 11
899 3080 987 3134 Ps.
1030 3082 1147 3145 104,
1189 3082 1254 3135 18
1366 3082 1434 3135 13
1470 3080 1599 3135 Luc.
1637 3082 1689 3143 2,
1718 3082 1787 3136 35
1893 3082 1958 3135 16
1989 3080 2123 3137 Gen.
2153 3084 2238 3147 37,
2265 3083 2360 3147 283
2400 3083 2489 3147 39,
2519 3083 2589 3137 20
2693 3084 2761 3138 19
2786 3083 2915 3137 Iob.

617 3170 699 3227 19.
738 3172 806 3224 25

685 3311 718 3363 2
765 3311 1081 3379 pertransiit
1117 3310 1183 3364 K
1223 3312 1552 3381 pertransiet
1586 3310 1697 3365 PG
1912 3312 1945 3366 3
1994 3312 2282 3379 reueletur,
2328 3314 2459 3365 rvr-..2
2505 3312 2817 3366 reuelentur
2858 3314 2921 3366 P

613 3401 646 3453 5
685 3399 910 3469 scripta]
946 3400 1089 3453 lecta
1129 3398 1179 3453 Ο
1363 3403 1448 3453 est
1485 3415 1607 3463 om.,
1643 3404 1765 3453 m.1
1806 3400 1880 3467 (ἓ)
1920 3400 2051 3453 add.
2088 3399 2158 3453 M
2344 3400 2735 3473 prophetanda,
2774 3418 2845 3455 m,
2874 3406 2921 3455 2

609 3487 963 3557 prophetasse
1007 3486 1058 3541 G·
1202 3490 1234 3544 6
1274 3489 1484 3551 effectu,
1523 3504 1662 3543 corr.
1702 3487 1920 3555 (m.1?)
1961 3490 2159 3543 affectu
2195 3490 2252 3544 A
2386 3490 2417 3543 7
2457 3489 2599 3559 quod
2639 3515 2727 3543 *n
2766 3482 2915 3557 (mai

608 3576 776 3646 eras.)
822 3575 874 3629 V
1011 3581 1238 3647 peperat
1277 3578 1325 3631 0
1428 3579 1462 3632 8
1501 3578 1681 3632 anima
1720 3581 1817 3643 (a-
1858 3582 2023 3644 eras.)
2061 3578 2117 3633 R
2260 3578 2357 3631 illa
2393 3594 2495 3633 om.
2534 3578 2641 3633 PR
2778 3597 2911 3649 qua.

608 3668 737 3719 πιέν)
776 3680 934 3733 quem
971 3664 1026 3717 P
1167 3666 1282 3719 eius
1323 3666 1426 3725 del.
1464 3682 1532 3719 m.
1555 3669 1596 3721 2
1632 3666 1687 3719 P
1839 3668 1872 3719 9
1910 3666 2080 3720 filium
2118 3683 2220 3721 om.
2260 3667 2315 3721 P
2453 3668 2733 3738 rumphea,
2770 3686 2844 3723 m.
2868 3674 2912 3721 2

607 3752 867 3823 romphea
893 3752 969 3807 M
998 3754 1260 3823 romphea
1294 3753 1525 3810 GVRK
1556 3754 1787 3823 trophea
1811 3756 1867 3808 A
1980 3756 2047 3809 10
2084 3756 2394 3825 penitrabat
2426 3756 2475 3811 G
2502 3756 2911 3827 penitrabatur,

604 3858 674 3895 m.
697 3844 737 3895 2
770 3840 1239 3911 penetrabaturR
1357 3842 1560 3898 dictum
1602 3860 1719 3898 esse
1757 3844 1875 3897 edd.
1982 3845 2048 3898 12
2082 3845 2411 3914 pertransiet
2454 3844 2504 3899 G
2624 3846 2803 3899 anima
2832 3848 2911 3901 M

612 3932 676 3985 13
714 3932 770 3983 et
809 3932 977 3999 tuam]
1017 3947 1139 3985 nam
1184 3931 1237 3985 G
1352 3932 1705 4001 pertransiuit
1738 3931 1803 3985 K
1884 3933 1949 3987 15
1989 3934 2108 4001 aut]
2141 3932 2235 3995 ait,
2270 3950 2341 3987 m.
2364 3936 2405 3987 2
2440 3938 2537 3987 aut
2563 3934 2617 3987 A
2704 3936 2771 3988 16
2806 3938 2909 4005 ut]

605 4022 666 4072 ut
701 4018 758 4073 in
803 4019 850 4073 0
1027 4020 1093 4073 17
1131 4020 1460 4084 inim-iarum,
1497 4024 1629 4073 m.2
1664 4020 1915 4074 iniuriam
1958 4020 2011 4075 G
2189 4022 2455 4091 passionis
2490 4022 2548 4077 P
2582 4024 2734 4093 (m.2
2770 4040 2909 4094 pas-

604 4108 807 4173 siones)
851 4107 904 4161 G
1013 4108 1080 4162 18
1119 4112 1174 4162 et
1208 4110 1265 4162 in
1303 4124 1567 4163 carcerem
1606 4111 1659 4162 A
1770 4108 1986 4163 deditus
2022 4109 2080 4165 R
2238 4110 2505 4181 internae]
2546 4110 2603 4165 in
2640 4116 2909 4167 aeternae

603 4198 716 4265 (pr.
759 4212 820 4249 ae
855 4212 924 4250 m.
948 4200 988 4249 2
1024 4198 1332 4264 inductum)
1372 4197 1429 4251 P
1460 4198 1677 4252 interna
1714 4200 1771 4251 et
1797 4200 1853 4252 A
1965 4200 2033 4253 19
2068 4202 2133 4252 ut
2166 4199 2249 4269 in]
2289 4201 2369 4254 uti
2400 4200 2453 4254 G
2560 4202 2632 4255 20
2670 4202 2728 4255 in
2766 4218 2907 4272 quo.

601 4301 740 4338 corr.
778 4290 899 4341 m.1
935 4286 993 4339 in
1031 4302 1137 4356 qua
1173 4286 1246 4338 M
1275 4287 1332 4339 in
1373 4303 1479 4357 qua
1523 4287 1577 4341 V
1714 4290 1843 4341 tunc
1882 4288 1937 4341 in
1975 4288 2058 4342 sui
2094 4288 2219 4342 MA
