3184 4959
364 591 402 652 2

455 399 580 462 138
1166 396 1221 450 S.
1273 396 1548 452 Aureli
1604 395 2043 464 Augustini

547 590 679 656 Vos
740 594 975 670 autem,
1033 592 1279 671 fratres,
1340 594 1740 658 exhortamur
1792 593 1855 657 in
1913 592 2187 671 domin0,
2236 596 2310 658 ut
2353 591 2750 676 propositum

456 701 746 762 uestrum
797 698 1178 764 custodiatis
1227 702 1291 764 et
1335 719 1540 782 usque
1586 702 1649 768 in
1700 701 1883 766 finem
1931 701 2353 784 perseueretis
2401 719 2493 778 ac,
2536 701 2591 764 si
2629 718 2755 780 qua

457 824 651 889 opera
707 809 924 870 uestra
979 810 1182 872 mater
1237 808 1508 872 ecclesia
1563 807 2039 881 desiderauerit,
2088 825 2201 872 nec
2250 807 2521 871 elatione
2568 805 2757 869 auida

459 911 826 994 suscipiatis
884 931 998 978 nec
1055 913 1420 979 blandiente
1476 915 1722 980 desidia
1784 914 2123 998 respuatis„
2190 914 2300 978 sed
2364 913 2504 976 miti
2569 911 2755 977 corde

459 1019 914 1100 obtemperetis
971 1020 1087 1086 deo
1148 1040 1294 1086 cum
1347 1022 1837 1088 mansuetudine
1890 1025 2217 1105 portantes
2265 1041 2433 1097 eum,
2483 1019 2592 1102 qui
2636 1036 2755 1082 uos
2819 1041 2846 1079 a

460 1123 651 1208 regit,
701 1125 838 1206 qui
885 1126 1186 1222 dirigit
1230 1128 1471 1194 mites
1518 1128 1594 1193 in
1642 1129 1981 1205 iudicio,
2032 1128 2363 1193 docebit
2408 1141 2757 1190 mansue-

460 1233 589 1296 tos
649 1231 826 1296 uias
889 1253 1099 1298 suas.
1156 1253 1270 1298 neo
1325 1239 1612 1300 uestrum
1660 1235 1881 1300 otium·
1912 1234 2405 1300 necessitatibus
2453 1232 2759 1298 ecclesiae

462 1337 888 1420 praeponatiS,
947 1339 1052 1404 cui
1106 1342 1478 1424 parturienti
1535 1342 1589 1406 si
1648 1344 1809 1407 nulli
1864 1342 2019 1408 boni·
2080 1341 2435 1406 ministrare
2498 1338 2759 1411 uellent,

468 1461 591 1524 quo
669 1445 858 1510 modo
932 1448 1368 1526 nasceremini,
1435 1469 1558 1513 non
1624 1450 2015 1516 inueniretiS.
2090 1449 2261 1514 sicut
2324 1451 2537 1513 autem
2600 1445 2764 1510 inter

463 1543 679 1632 ignem
731 1555 796 1616 et
851 1573 1080 1636 aquam
1136 1555 1406 1620 tenenda
1461 1561 1562 1620 est
1616 1556 1743 1632 uia,
1792 1559 1867 1620 ut
1908 1575 2023 1622 nec
2073 1559 2368 1622 exuratur
2413 1555 2602 1618 homo
2647 1571 2763 1616 nec
2800 1576 2853 1616 ιο

466 1655 888 1744 demergatur,
937 1663 1032 1727 sic
1078 1663 1240 1728 inter
1287 1665 1532 1748 apicem
1579 1665 1913 1748 superbiae
1961 1667 2025 1728 et
2072 1662 2437 1746 uoraginem
2486 1660 2765 1726 desidiae

466 1759 589 1826 iter
647 1770 929 1833 nostrum
995 1773 1344 1853 temperare
1410 1773 1737 1848 debemus,
1806 1772 1976 1838 sicut
2039 1771 2349 1855 scriptum
2406 1771 2532 1833 est:
2597 1766 2765 1832 Non

479 1873 1000 1940 declinantes
1029 1895 1284 1960 neque
1315 1878 1408 1943 ad
1445 1878 1855 1944 dexteram
1893 1897 2147 1960 neque
2187 1877 2277 1942 ad
2317 1874 2763 1940 sinistram.

477 1986 629 2047 sunt
691 1983 879 2058 enim,
946 1984 1075 2066 qui,
1153 1984 1306 2050 dum
1372 1985 1560 2050 nimis
1624 1987 1874 2064 timent,
1940 2003 2017 2050 ne
2082 1983 2265 2067 quasi
2325 1982 2392 2046 in
2452 1982 2767 2048 dexteram

476 2091 643 2173 rapti
708 2090 1108 2171 extollantur,
1173 2091 1237 2156 in
1305 2091 1628 2158 sinistram
1690 2093 1857 2176 lapsi
1936 2092 2409 2174 demerguntur,
2484 2092 2549 2154 et
2620 2091 2771 2153 sunt
2806 2107 2857 2148 ιι

478 2216 721 2274 rursus,
792 2197 920 2280 qui,
987 2197 1138 2264 dum
1202 2199 1392 2264 nimis
1459 2219 1529 2265 se
1593 2200 1891 2264 auferunt
1946 2217 1982 2262 a
2036 2196 2313 2274 sinistra,
2380 2215 2457 2260 ne
2522 2195 2773 2277 torpida

476 2304 830 2371 uacationis
878 2304 1152 2370 mollitia
1197 2307 1588 2386 sorbeantur,
1640 2326 1713 2372 ex
1758 2308 1957 2372 altera
2001 2310 2178 2389 parte
2223 2303 2561 2371 iactantiae
2597 2303 2767 2368 fastu

478 2412 758 2494 corrupti
813 2416 1004 2494 atque
1062 2413 1424 2496 consumpti
1477 2414 1540 2478 in
1608 2415 1857 2479 fumum
1920 2413 2335 2496 fauillamque
2399 2412 2767 2476 uanescunt.

479 2517 572 2582 sic
630 2537 799 2602 ergo,
849 2519 1276 2600 dilectissimi,
1324 2520 1574 2605 diligite
1624 2520 1849 2598 otium,
1896 2523 1973 2584 ut
2018 2537 2134 2585 uos
2180 2519 2259 2584 ab
2306 2518 2481 2584 omni
2525 2520 2773 2581 terrena

480 2624 900 2690 delectatione
947 2627 1275 2692 refrenetis
1324 2631 1387 2692 et
1432 2627 1847 2692 memineritis
1895 2626 2143 2692 nullum
2188 2627 2403 2692 locum
2448 2643 2613 2700 esse,
2657 2622 2768 2686 ubi
2804 2640 2858 2682 eo

477 2750 600 2796 non
645 2733 855 2814 possit
897 2734 1161 2816 laqueos
1211 2733 1488 2812 tendere,
1537 2735 1643 2817 qui
1694 2734 1897 2812 timet,
1948 2752 2023 2798 ne
2063 2732 2424 2797 reuolemus
2464 2730 2543 2796 ad
2580 2730 2767 2794 deum

480 2841 543 2902 et
607 2838 936 2904 inimicum
1003 2841 1284 2904 omnium
1349 2840 1681 2918 bonorum,
1747 2841 1931 2905 cuius
1998 2839 2236 2922 captiui
2292 2838 2553 2908 fuimus.
2608 2835 2769 2900 iudi-

482 2963 720 3024 cemus,
784 2946 1153 3029 nullamque
1221 2965 1362 3012 esse
1427 2947 1609 3011 nobis
1674 2947 2019 3030 perfectam
2092 2946 2375 3030 requiem
2448 2942 2767 3028 cogitetiS,

482 3049 731 3116 donec
787 3055 1162 3118 transeat
1228 3054 1640 3136 iniquitas
1699 3057 1764 3119 et
1826 3054 1902 3118 in
1965 3052 2365 3118 iudicium
2427 3049 2770 3115 iustitia

483 3163 1036 3225 conuertatur.
2805 3173 2860 3214 εδ

659 3385 692 3437 2
729 3383 926 3438 Matth.
967 3385 1053 3450 24,
1095 3386 1188 3450 13;
1231 3385 1314 3449 10,
1354 3386 1423 3440 22
1551 3387 1583 3440 6
1622 3386 1709 3439 Ps.
1750 3386 1836 3450 24,
1876 3386 1910 3439 9
2039 3385 2107 3438 12
2144 3385 2307 3438 Deut.
2352 3384 2435 3448 17,
2477 3384 2570 3448 11;
2610 3382 2769 3436 Pron.

479 3473 531 3539 4,
569 3473 638 3526 27
749 3475 818 3527 24
856 3474 945 3529 Ps.
984 3475 1069 3538 56,
1108 3475 1168 3538 2;
1209 3475 1295 3539 93,
1339 3475 1404 3529 15

555 3598 582 3651 1
626 3602 737 3662 aut,
775 3615 843 3652 m.
865 3601 904 3651 2
943 3601 1122 3653 autem
1161 3599 1208 3654 S
1385 3601 1417 3654 2
1457 3599 1835 3669 perseueratis,
1872 3601 2003 3655 m.2
2038 3597 2398 3666 perseueretis
2435 3596 2490 3648 P
2667 3611 2773 3663 qua

483 3702 698 3758 operam
735 3693 974 3743 uestram
997 3705 1040 3752 ,e
1077 3705 1236 3759 quam
1279 3705 1495 3760 operam
1532 3692 1769 3743 uestram
1798 3688 1997 3755 flrm
2104 3688 2137 3741 3
2176 3685 2361 3740 auidis
2398 3687 2565 3753 (post.
2604 3684 2621 3736 i
2652 3699 2770 3750 exp,

481 3780 630 3842 m.2)
670 3776 745 3830 P¹
855 3781 888 3832 6
926 3779 1128 3850 diriget
1162 3795 1263 3834 sec.
1301 3795 1444 3835 sacr.
1485 3778 1637 3832 litt?
1780 3777 2021 3846 docebit]
2062 3776 2156 3845 qui
2194 3775 2357 3830 docet
2392 3774 2513 3828 edd.
2617 3773 2645 3826 7
2687 3789 2771 3827 ec-

481 3867 678 3922 clesiae
717 3869 1133 3923 necessitatibus
1168 3867 1237 3922 H
1364 3869 1399 3922 8
1437 3867 1655 3922 boni1:.·;=:1
1697 3871 1830 3934 (ras.
1876 3867 2023 3919 4-5
2063 3865 2121 3932 l.)
2162 3864 2217 3918 P
2352 3863 2417 3917 10
2452 3861 2691 3917 tenenda
2727 3860 2775 3932 (t

481 3973 549 4013 ex
584 3974 722 4012 corr.
759 3975 826 4011 m.
849 3957 910 4026 2)
950 3956 1026 4012 Ρ2
1169 3959 1232 4012 11
1276 3957 1635 4025 demergatur,
1675 3973 1742 4010 m.
1784 3959 1823 4009 2
1861 3955 2194 4023 dimergatur
2228 3952 2304 4007 Ρι
2342 3951 2675 4020 dimergatur
2709 3948 2778 4003 H

484 4051 550 4104 13
599 4049 818 4103 dextera
865 4046 1114 4102 PP¹SP²
1291 4049 1357 4102 15
1408 4045 1785 4114 dimerguntur
1822 4045 1885 4097 Η
2066 4044 2133 4097 16
2181 4059 2279 4096 nec
2318 4045 2405 4107 (m.
2431 4045 2463 4094 1
2498 4039 2600 4094 del.
2640 4043 2691 4104 c)
2731 4037 2778 4092 S

485 4140 549 4192 17
595 4137 831 4192 mollitie
879 4138 997 4191 edd.
1182 4137 1248 4190 18
1296 4135 1542 4189 fauillam
1587 4135 1904 4204 fumumque
1950 4132 2070 4186 edd.
2290 4131 2619 4184 euanescunt
2654 4125 2779 4182 P¹S

481 4229 550 4281 22
592 4227 668 4296 et]
709 4227 805 4281 sed
841 4225 1094 4280 PP’SP2
1200 4224 1521 4293 iudicemus]
1563 4223 1899 4277 uindicemus
1938 4223 2097 4289 eflr
2206 4221 2273 4275 23
2310 4219 2467 4273 nobis
2507 4233 2623 4272 esse
2650 4216 2772 4271 edd.

557 4317 832 4387 cogitem,
869 4332 937 4370 m.
962 4319 1002 4368 2
1041 4315 1340 4385 cogitemus
1379 4313 1424 4367 S
1459 4313 1759 4382 cogitemus
1798 4311 1917 4366 edd.
2018 4312 2089 4364 24
2124 4309 2310 4374 iustis,
2338 4325 2407 4362 m.
2430 4311 2469 4362 2
2494 4305 2708 4360 iustitia
2734 4303 2778 4358 S
