3184 4959
513 443 643 511 502
1242 441 1296 498 S.
1348 439 1624 496 Aureli
1677 440 2118 512 Augustini

518 655 679 722 quae
744 636 995 704 fortis
1060 639 1186 704 est
1250 640 1339 704 ut
1404 638 1662 704 mors?
1728 636 1822 704 sic
1887 636 2056 704 enim
2121 635 2450 704 oblitterat
2511 635 2695 702 nobis
2761 639 2834 704 ct

514 745 769 829 perimit
813 745 935 812 hoc
976 745 1325 825 saeculum,
1372 749 1448 811 ut
1481 743 1748 827 impleat
1781 743 2006 812 mortis
2043 743 2340 810 effectum
2375 761 2491 826 per
2527 743 2830 810 affectum

517 851 775 932 Christi,
838 851 905 921 iu
962 871 1151 936 quem
1205 851 1500 918 conuersi
1568 851 1918 918 auertimur
1973 851 2050 916 ab
2116 851 2238 916 hoc
2301 849 2542 916 mundo
2599 853 2664 916 et
2717 850 2828 916 cui

514 959 811 1026 uiuentes
886 958 1267 1027 morimur
1348 959 1440 1027 ab
1516 957 1952 1027 elementis
2033 957 2284 1023 huius
2355 958 2633 1028 mundi
2706 975 2830 1024 nec

514 1068 839 1150 tamquam
876 1066 1171 1132 uiuentes
1198 1066 1264 1134 in
1296 1085 1515 1132 eorum
1553 1067 1898 1150 conspectu
1925 1083 2176 1148 usuque
2214 1065 2635 1144 decernimus,
2673 1066 2827 1148 quia
2873 1087 2920 1134 ,⁵

515 1172 724 1258 portio
772 1175 989 1240 nostra
1024 1191 1197 1239 mors
1238 1171 1477 1240 Christi
1515 1174 1634 1253 est,
1683 1170 1870 1238 cuius
1909 1191 1946 1236 a
1990 1171 2262 1237 mortuis
2297 1171 2830 1240 resurrectionem

516 1300 641 1347 non
712 1279 1245 1364 adprehendimus
1319 1279 1383 1346 in
1456 1278 1681 1364 gloria,
1754 1279 1881 1345 nisi
1951 1280 2223 1346 mortem
2299 1279 2439 1346 eius
2509 1281 2575 1347 in
2641 1298 2829 1348 cruce

518 1386 919 1454 mortificatis
984 1387 1289 1455 membris
1355 1391 1421 1452 ct
1493 1385 1788 1454 sensibus
1849 1387 2058 1456 carnis
2129 1383 2477 1466 imitemur,
2551 1390 2628 1452 ut
2696 1387 2828 1458 iam

518 1512 639 1559 non
705 1496 925 1568 nostra
986 1493 1319 1568 uoluntate
1382 1492 1682 1559 uiuamus
1748 1492 1859 1558 sed
1929 1492 2130 1570 illius,
2196 1491 2380 1558 cuius
2433 1494 2827 1560 uoluntas

522 1599 1103 1672 sanctificatio
1158 1601 1442 1666 nostra
1496 1601 1600 1664 est
1646 1601 1710 1664 et
1757 1597 1866 1682 qui
1918 1597 2062 1666 ideo
2119 1618 2234 1681 pro
2290 1598 2472 1666 nobis
2529 1602 2826 1666 mortuus
2867 1621 2928 1661 ιο

522 1708 621 1772 est
667 1709 732 1772 et
774 1705 1135 1782 resurrexit,
1180 1709 1258 1772 ut
1300 1705 1431 1770 iam
1478 1724 1602 1771 non
1647 1705 1832 1770 nobis
1884 1705 1998 1770 sed
2045 1703 2144 1770 illi
2187 1705 2512 1784 uiuamus,
2553 1705 2666 1788 qui
2709 1724 2824 1789 pro

520 1812 707 1878 nobis
760 1814 1051 1879 mortuus
1110 1816 1211 1878 est
1254 1815 1320 1878 et
1362 1799 1707 1878 resurrexit
1761 1814 1827 1880 et
1873 1811 2048 1881 dedit
2101 1810 2285 1877 nobis
2332 1811 2566 1897 pignus
2613 1831 2826 1894 repro-

520 1918 845 1987 missionis
885 1938 1038 1986 suac
1078 1918 1305 2002 spiritu
1346 1939 1484 2000 suo,
1524 1919 1698 1986 sicut
1733 1918 1964 2004 pignus
2001 1917 2175 1991 uitae
2213 1921 2467 1984 nostrae
2503 1919 2726 2002 posuit
2759 1919 2826 1984 in

522 2025 717 2092 caelis
764 2025 827 2090 in
877 2044 1135 2110 corpore
1182 2045 1323 2105 suo,
1372 2026 1543 2109 quod
1590 2029 1693 2092 est
1738 2025 2020 2109 corporis
2057 2025 2282 2090 nostri.
2322 2024 2488 2090 unde
2523 2043 2690 2093 nunc
2725 2045 2826 2092 cx-

522 2131 797 2220 pectatio
838 2136 1056 2200 nostra
1100 2133 1397 2199 dominus
1446 2135 1549 2198 est
1594 2135 1660 2198 et
1707 2131 2084 2212 substantia,
2133 2151 2297 2216 quae
2344 2133 2423 2198 ab
2469 2133 2610 2217 ipso
2657 2132 2826 2198 facta
2867 2153 2926 2192 ιε

523 2244 643 2322 est,
674 2240 842 2325 apud
869 2239 1079 2325 ipsum
1119 2243 1185 2306 et
1218 2239 1282 2306 in
1319 2239 1461 2324 ipso
1492 2241 1560 2306 et
1583 2257 1699 2323 per
1724 2239 1940 2322 ipsum
1971 2242 2089 2316 est,
2121 2239 2230 2323 qui
2260 2240 2693 2306 conformatus
2725 2243 2827 2304 est

523 2348 770 2432 corpori
805 2346 1190 2413 humilitatis
1228 2349 1503 2426 nostrae,
1551 2347 1628 2411 ut
1671 2365 1788 2412 nos
1827 2346 2250 2413 conformaret
2289 2346 2540 2430 corpori
2585 2345 2824 2431 gloriae

523 2473 676 2522 suae
742 2457 805 2520 et
880 2473 1099 2520 secum
1164 2454 1245 2542 in„
1295 2453 1680 2519 caelestibus
1756 2454 2133 2519 conlocaret.
2203 2457 2538 2537 propterea
2601 2455 2667 2520 ct
2711 2453 2826 2536 qui

524 2561 699 2646 digni
760 2560 997 2626 fuerint
1059 2560 1195 2626 uita
1249 2563 1523 2639 aeterna,
1592 2562 1778 2625 erunt
1833 2559 1986 2624 olim
2040 2561 2106 2624 in
2171 2561 2375 2646 gloria
2427 2560 2608 2645 regni
2661 2561 2822 2639 eine,

520 2671 595 2740 ut
641 2687 787 2732 cum
840 2666 983 2751 ipso
1040 2666 1188 2744 sint,
1246 2666 1417 2732 sicut
1460 2665 1792 2749 apostolus
1841 2665 1948 2742 ait,
2006 2667 2070 2730 et
2117 2685 2264 2732 cum
2317 2666 2458 2749 ipso
2505 2667 2822 2742 maneant,
2859 2686 2924 2728 20

525 2775 697 2839 sicut
743 2776 807 2838 ct
863 2773 1003 2856 ipse
1050 2771 1343 2840 dominus
1391 2773 1471 2836 ad
1523 2776 1770 2856 patrem
1818 2772 2002 2837 dixit:
2051 2771 2273 2850 Volo,
2330 2775 2436 2849 ut,
2490 2771 2629 2836 ubi
2674 2789 2820 2855 ego

436 2889 475 2952 6
526 2900 717 2960 sum,
757 2883 839 2945 et
873 2879 1011 2944 illi
1049 2881 1218 2945 sint
1254 2898 1579 2959 mecum,
1621 2880 1756 2944 sine
1794 2879 1988 2943 dubio
2025 2878 2208 2956 illud,
2249 2877 2420 2962 quod
2453 2878 2520 2943 in
2556 2877 2822 2960 psalmis

524 2987 751 3053 habes:
799 2985 1060 3066 Beati,
1108 2987 1244 3070 qui
1291 2986 1674 3050 habitant
1725 2985 1802 3049 in
1854 2984 2077 3072 domo
2133 2989 2301 3061 tua3
2358 2984 2435 3048 in
2494 2982 2826 3049 saecula

702 3249 738 3302 4
776 3245 893 3303 001.
930 3245 983 3312 2,
1020 3245 1095 3302 20
1218 3247 1251 3300 9
1286 3245 1315 3299 Ι
1352 3245 1539 3300 Thess.
1575 3247 1628 3310 4,
1668 3245 1701 3300 3
1837 3244 1905 3301 10
1941 3245 1998 3299 11
2039 3244 2158 3301 Cor.
2200 3246 2250 3308 5,
2292 3245 2358 3300 15
2498 3244 2565 3298 12
2601 3243 2660 3298 11
2697 3241 2822 3298 Cor.

530 3339 578 3402 1,
616 3337 713 3404 223
752 3339 804 3404 5,
843 3339 875 3391 5
1059 3337 1127 3390 14
1172 3335 1261 3391 Ps.
1310 3335 1398 3400 38,
1446 3335 1479 3388 8
1661 3335 1731 3390 20
1766 3333 1795 3387 Ι
1833 3335 2021 3389 Thess.
2061 3337 2115 3400 4,
2155 3334 2221 3388 16
2366 3333 2432 3387 21
2473 3333 2591 3390 Ioh.
2633 3334 2716 3396 17,
2753 3335 2827 3388 24

529 3429 597 3483 23
636 3427 723 3480 Ps.
764 3427 849 3490 83,
890 3427 922 3481 5

604 3553 629 3607 1
675 3549 967 3606 oblicterat
1012 3547 1065 3602 V
1097 3551 1240 3615 (erat
1280 3549 1343 3604 in
1376 3563 1491 3602 ras.
1529 3563 1598 3602 m.
1619 3547 1676 3614 2)
1724 3544 1778 3600 U
1949 3547 1982 3600 2
2021 3545 2269 3617 per-imit
2312 3546 2369 3617 (h
2409 3561 2552 3602 eras.
2587 3545 2730 3612 uid.)
2768 3543 2834 3598 E

603 3637 800 3692 effectu
837 3638 898 3692 E
1001 3638 1033 3692 5
1072 3638 1301 3706 uisuque
1339 3635 1454 3690 VU
1483 3635 1606 3690 cdd.
1754 3634 2092 3690 decernimur
2116 3634 2310 3690 P¹VU
2329 3634 2442 3689 lsr
2542 3635 2574 3688 6
2613 3651 2646 3688 a
2679 3649 2825 3688 mor·

528 3727 663 3796 tuis]
705 3742 853 3780 amor
888 3725 998 3780 tuis
1035 3726 1096 3780 E
1202 3726 1265 3778 11
1305 3741 1401 3794 pro
1440 3740 1543 3780 om.
1582 3723 1646 3776 E
1779 3724 1844 3778 12
1885 3726 1969 3778 est
2005 3740 2108 3777 om.
2146 3723 2207 3777 Ε
2347 3726 2403 3778 et
2441 3722 2596 3778 dedit
2631 3739 2732 3777 om.
2767 3721 2835 3774 E

601 3813 1307 3886 repromissionis—pignus
1345 3829 1469 3878 om„
1506 3813 1571 3866 in
1607 3827 1779 3882 mar-9.
1818 3817 1938 3866 m.1
1977 3811 2106 3866 add.
2145 3811 2202 3864 P
2301 3813 2366 3866 14
2407 3813 2512 3881 est]
2550 3815 2636 3864 est
2661 3813 2834 3880 caput

540 3902 653 3958 VU
684 3903 805 3957 edd.
920 3904 985 3956 15
1024 3907 1109 3956 est
1143 3901 1291 3955 facta
1339 3900 1393 3955 U
1495 3901 1561 3956 16
1601 3902 1660 3954 et
1695 3917 1792 3972 per
1827 3902 2005 3971 ipsum
2044 3902 2149 3971 est]
2193 3903 2249 3954 et
2283 3916 2381 3969 per
2414 3901 2592 3969 ipsum
2633 3901 2834 3968 (supra

531 4010 587 4048 u.
628 3994 712 4048 est
747 3995 867 4048 m.1
905 3991 1035 4046 add.
1074 3991 1184 4046 sed.
1225 3991 1353 4058 del.)
1389 3990 1446 4043 P
1488 4006 1586 4060 per
1634 3991 1814 4060 ipsum
1855 3993 1938 4044 est
1975 3997 2100 4058 (om.
2142 3993 2218 4056 et)
2257 3988 2459 4044 P¹VU
2490 3990 2604 4044 lsr
2641 3991 2698 4042 et
2733 4005 2835 4057 per

532 4083 709 4153 ipsum
751 4085 874 4148 (om.
917 4083 1021 4146 est)
1052 4097 1106 4133 m
1207 4080 1271 4134 17
1313 4093 1533 4148 corpore
1561 4078 1618 4131 P
1652 4079 1814 4149 (corr.
1855 4079 2086 4148 corpori)
2115 4079 2176 4132 E
2307 4077 2833 4132 humilitatis—cor-

532 4173 652 4242 pori
690 4187 793 4226 om.
844 4169 1083 4224 VUlsr
1264 4185 1485 4238 corpore
1521 4167 1578 4220 P
1615 4169 1777 4232 (corr.
1819 4168 2048 4237 corpori)
2087 4168 2148 4222 E
2307 4167 2372 4222 18
2411 4183 2540 4222 suae
2580 4168 2657 4237 et]
2700 4183 2834 4220 suae

530 4267 595 4316 ut
640 4260 693 4314 V
723 4261 808 4330 (in
842 4261 980 4327 ras.)
1028 4257 1083 4312 U
1115 4259 1225 4312 ἴεν
1366 4258 1432 4313 19
1472 4259 1630 4310 erunt
1667 4273 1768 4312 om.
1808 4256 2000 4310 PP¹E
2029 4254 2252 4313 Hartel.
2413 4256 2542 4310 olim
2583 4271 2684 4310 om.
2725 4254 2842 4310 VU

534 4349 655 4404 edd.
766 4349 830 4403 21
875 4348 1017 4402 sicut
1053 4347 1169 4417 ipse
1195 4346 1256 4401 E
1357 4346 1427 4399 22
1466 4344 1627 4416 illud]
1668 4345 1772 4398 hoc
1809 4343 1948 4398 illud
1987 4347 2071 4399 est
2116 4343 2224 4400 VU
2260 4345 2380 4401 edd.
