3184 4959
96 1843 220 1909 113

249 1659 298 1699 10

245 2191 293 2232 15

239 3257 288 3298 25

1095 483 1627 552 epistularum
1685 483 1873 538 XLIV.
2518 489 2635 552 111

329 681 614 760 possent,
675 679 1052 761 exciperent,
1111 679 1488 762 pollicentes
1544 693 1659 744 nos
1714 679 1803 743 ibi
1862 679 2117 746 easdem
2161 681 2413 746 tabulas
2460 682 2641 747 relic-

333 787 536 848 turos.
588 805 962 850 consensum
1013 789 1132 851 est.
1181 789 1526 867 coeperunt
1571 786 1768 850 uerba
1814 791 2029 852 nostra
2076 787 2277 870 excipi
2327 791 2393 851 et
2428 787 2639 870 aliqua

337 891 416 955 ab
473 893 752 957 inuicem
805 892 882 957 ad
927 891 1184 956 tabulas
1233 891 1403 956 dicta
1450 895 1620 956 sunt.
1668 895 1892 976 postea
1937 893 2323 958 inordinatas
2370 898 2638 978 perstre-

333 998 624 1080 pentium
680 998 1218 1082 interpellationes
1276 1003 1340 1062 et
1395 1003 1725 1082 propterea
1778 1003 2059 1066 nostram
2118 1019 2371 1082 quoque
2419 1002 2639 1065 turbu-

333 1105 668 1170 lentiorem
731 1105 1228 1186 disputationem
1285 1105 1512 1169 notarii
1567 1125 1691 1169 non
1738 1107 2027 1171 ualentes
2076 1109 2387 1172 sustinere
2436 1125 2639 1171 cesse-

331 1217 482 1276 runt
555 1212 740 1278 nobis
813 1231 964 1276 sane
1038 1231 1160 1278 non
1240 1212 1701 1276 desistentibus
1776 1216 1859 1291 et,
1938 1216 2011 1277 ut
2072 1194 2301 1296 cuique
2366 1213 2637 1278 facultas

333 1319 621 1392 dabatur,
679 1318 885 1382 multa
939 1317 1319 1382 dicentibus.
1388 1337 1460 1382 ex
1514 1318 1748 1399 quibus
1796 1318 2091 1383 omnibus
2141 1319 2353 1384 uerbis
2400 1319 2635 1385 nostris

333 1429 643 1506 quantum
698 1423 1012 1488 recordari
1068 1424 1248 1506 potui
1306 1441 1534 1487 causae
1587 1424 1791 1488 totius
1849 1425 2184 1502 actionem,
2233 1424 2632 1490 dilectionem

332 1534 614 1595 uestram
661 1530 948 1594 fraudare
995 1529 1191 1596 nolui.
1249 1531 1522 1613 potestis
1571 1529 1736 1594 enim
1788 1531 1845 1594 ei
1890 1530 2135 1596 litteras
2183 1551 2355 1596 meas
2402 1533 2635 1616 legere,

332 1641 410 1702 ut
461 1637 570 1701 uel
627 1637 933 1720 adprobet
987 1657 1089 1701 me
1145 1655 1298 1701 uera
1353 1637 1687 1720 scripsisse
1746 1636 1852 1701 uel
1907 1639 2044 1720 ipse
2101 1637 2308 1714 uobiS,
2368 1639 2421 1702 si
2481 1639 2633 1720 quid

335 1744 568 1809 melius
614 1743 857 1821 recolit,
905 1743 1346 1808 incunctanter
1389 1744 1692 1809 insinuet.

422 1851 638 1915 Primo
714 1851 880 1914 enim
956 1851 1154 1914 uitam
1232 1853 1534 1926 nostram,
1621 1869 1808 1932 quam
1894 1851 2076 1915 uobis
2158 1850 2633 1918 beniuolentius

329 1958 604 2022 fortasse
653 1975 841 2040 quam
889 1958 1106 2030 uerius
1153 1957 1552 2022 narrantibus
1602 1977 1671 2021 se
1718 1957 2103 2040 comperisse
2150 1957 2419 2036 dicebat,
2458 1980 2631 2043 prae-

331 2065 540 2128 dicare
607 2063 905 2147 dignatus
971 2067 1070 2128 est
1133 2063 1484 2148 adiungens
1551 2063 1786 2128 dixisse
1852 2083 1919 2128 se
1987 2064 2171 2129 uobis
2227 2073 2343 2130 'nos
2400 2067 2631 2142 omnia,

331 2190 493 2252 quae
542 2172 618 2235 de
665 2171 848 2236 nobis
895 2171 1326 2248 insinuaratiS„
1373 2170 1531 2234 bene
1579 2172 1783 2236 facere
1820 2171 2128 2254 potuisse,
2170 2173 2222 2236 si
2262 2173 2324 2236 in
2362 2173 2633 2238 ecclesia

324 2279 702 2343 faceremus.
778 2277 1001 2342 deinde
1077 2297 1374 2360 quaerere
1454 2277 1802 2359 coepimus,
1877 2297 2182 2360 quaenam
2266 2280 2377 2344 illa
2460 2287 2633 2344 esset

329 2385 620 2461 ecclesia,
687 2384 799 2448 ubi
872 2384 1092 2448 uiuere
1157 2385 1250 2447 sic
1318 2385 1658 2466 oporteret,
1732 2387 1945 2448 utrum
2014 2385 2145 2462 illa,
2213 2403 2393 2467 quae,
2461 2389 2631 2452 sicut

328 2497 550 2556 sancta
621 2495 799 2556 tanto
875 2493 1020 2554 ante
1093 2489 1405 2574 scriptura
1477 2489 1889 2574 praedixerat,
1970 2509 2037 2556 se
2099 2494 2411 2556 terrarum
2479 2493 2627 2557 orbe

328 2597 722 2674 diffunderet,
783 2617 858 2662 an
915 2597 1048 2675 illa,
1108 2617 1298 2680 quam
1345 2615 1492 2679 pars
1541 2597 1769 2681 exigua
1813 2598 1921 2662 uel
1968 2598 2262 2662 Afrorum
2310 2601 2417 2663 uel
2464 2600 2625 2664 Afri-

327 2723 434 2768 cae
492 2704 862 2769 contineret.
921 2703 1023 2768 hic
1079 2705 1282 2788 primo
1340 2703 1627 2768 adserere
1684 2708 1946 2768 conatus
2010 2704 2251 2786 ubique
2314 2713 2623 2770 terrarum

325 2831 466 2876 esse
514 2811 1022 2876 communionem
1063 2829 1264 2874 suam.
1307 2810 1702 2892 quaerebam,
1743 2815 1958 2875 utrum
1998 2811 2306 2894 epistulas
2346 2832 2624 2876 commu-

323 2919 683 2992 nicatorias,
741 2937 897 3000 quas
952 2917 1254 2982 formatas
1315 2916 1607 2994 dicimus„
1668 2920 1907 2999 posset,
1964 2937 2087 3000 quo
2146 2917 2401 2994 uellem,
2458 2920 2621 2998 dare,

326 3025 390 3086 et
453 3023 883 3099 affirmabam,
950 3023 1120 3105 quod
1185 3023 1590 3087 manifestum
1660 3025 1795 3087 erat
1858 3025 2173 3101 omnibus,
2240 3025 2360 3090 hoc
2432 3027 2621 3092 modo

323 3130 626 3195 facillime
680 3130 857 3194 illam
907 3129 1230 3194 terminari
1277 3149 1464 3211 posse
1513 3130 1972 3211 quaestionem.
2029 3115 2325 3214 parabam
2386 3137 2618 3204 autem,

325 3241 416 3312 ut,
483 3238 539 3301 si
607 3237 1008 3315 consentiret,
1073 3235 1150 3300 ad
1217 3236 1358 3300 illas
1426 3237 1729 3301 ecclesias
1796 3257 1832 3300 a
1896 3238 2077 3302 nobis
2142 3238 2305 3303 tales
2369 3240 2619 3304 litterae

323 3344 746 3420 mitterentur,
803 3363 960 3425 quas
1015 3344 1078 3406 in
1137 3343 1506 3425 apostolicis
1563 3345 2056 3409 auctoritatibus
2102 3345 2338 3427 pariter
2382 3345 2619 3428 legere-

325 3468 466 3513 mus
512 3449 625 3514 illo
672 3449 798 3512 iam
845 3451 1130 3533 tempore
1175 3449 1376 3514 fuisse
1423 3449 1739 3514 fundatae.

503 3657 568 3710 18
607 3656 696 3713 Ps.
735 3657 786 3718 2,
827 3658 966 3710 ’7-8

391 3781 422 3833 3
461 3779 821 3846 inordinataS,
857 3797 926 3834 m.
951 3785 990 3834 2
1025 3780 1347 3834 inordinatis
1377 3781 1431 3834 1³
1499 3781 1534 3834 4
1560 3781 2092 3852 interpellationibus
2122 3783 2177 3835 P
2246 3785 2279 3837 8
2316 3784 2613 3841 recordare.

320 3885 386 3922 m.
409 3871 449 3920 2
483 3867 756 3922 recordari
793 3868 848 3920 P
953 3885 1116 3922 causa
1153 3867 1330 3920 MFP
1435 3869 1663 3921 actionis
1701 3869 1756 3921 P
1848 3870 1913 3923 10
1953 3887 2081 3922 uera
2118 3887 2202 3923 me
2242 3871 2360 3925 edd.
2472 3888 2611 3925 mem·

325 3965 538 4024 (parua
577 3960 712 4022 ras.)
745 3955 806 4009 F
1009 3957 1076 4010 12
1113 3961 1352 4010 nostram
1391 3973 1493 4008 om.
1531 3957 1586 4011 R
1803 3973 1963 4026 quam
2003 3966 2075 4018 (m
2112 3974 2256 4022 ras.,·
2291 3973 2356 4010 esc
2392 3961 2453 4010 nt
2473 3957 2523 4023 ?)
2562 3959 2618 4010 P

324 4044 386 4098 13
425 4053 552 4098 seen
589 4045 793 4114 perisse
821 4043 878 4097 P
986 4047 1052 4098 14
1088 4061 1146 4098 se
1185 4044 1382 4098 dixisse
1421 4045 1539 4098 edd.
1688 4063 1743 4099 se
1782 4062 1903 4107 orn„
1940 4063 2009 4099 m.
2033 4051 2061 4099 1
2100 4047 2230 4102 add.
2260 4045 2321 4099 F
2426 4047 2611 4100 15·in-

320 4133 609 4186 sinaei-atis
660 4133 736 4186 M
785 4133 1132 4187 insinuat-etis
1184 4135 1236 4185 A
1293 4132 1714 4187 insinuaueratis
1763 4134 1987 4188 Paem
2042 4135 2452 4188 insinuaueritis
2497 4136 2533 4202 f
2546 4136 2615 4188 lr

323 4223 384 4274 17
424 4225 642 4292 oportet
667 4223 722 4278 R
795 4221 862 4276 18
900 4223 981 4291 se]
1023 4222 1070 4275 si
1102 4221 1158 4274 F
1261 4222 1326 4274 19
1365 4221 1510 4290 pars]
1550 4239 1676 4291 pras
1702 4223 1775 4276 Μ
1881 4225 1952 4277 20
1990 4225 2235 4293 conatus]
2274 4229 2497 4278 conatus
2530 4229 2611 4277 est

318 4309 435 4363 edd.
462 4316 693 4379 praeter
731 4327 768 4364 a
929 4312 994 4365 21
1039 4315 1232 4374 utram,
1271 4325 1410 4364 corr.
1446 4326 1514 4363 m.
1537 4315 1567 4362 1
1604 4317 1783 4366 utrum
1823 4313 1894 4365 M
2047 4315 2115 4366 25
2153 4317 2215 4365 ut
2253 4329 2279 4365 c
2318 4314 2365 4365 si
2403 4315 2452 4380 (c
2490 4329 2607 4380 exp.

318 4403 452 4466 m.1)
490 4399 545 4451 P
683 4399 823 4452 tales
861 4401 924 4453 in
960 4401 1070 4466 tine
1104 4417 1160 4454 u.
1199 4417 1301 4454 om.
1341 4397 1416 4450 M
1519 4401 1587 4454 27
1630 4402 1793 4454 etiam
1832 4405 1883 4455 A
