3184 4959
980 471 1508 540 epistularum
1552 471 1761 526 LXXV.
1803 473 2037 528 LXXVI.
2518 477 2650 542 325

350 665 433 726 et
486 663 777 728 semini
835 664 1031 728 eius·
1100 680 1247 726 non
1310 661 1519 728 dicit
1564 665 1664 728 ‘et
1711 664 2193 731 seminibus’
2239 673 2644 749 tamquam

350 767 427 832 in
500 769 807 846 multis,
886 769 1021 834 sed
1096 771 1507 852 tamquam
1585 770 1658 834 in
1729 790 1877 836 uno
1945 773 2045 837 ‘et
2109 775 2396 840 semini
2463 777 2648 850 tuo’,

352 877 555 958 quod
634 879 757 942 est
816 876 1220 944 Christus.
1293 878 1365 941 in
1432 879 1758 956 semine,
1825 879 2052 962 inquit,
2118 883 2256 945 tuo
2323 881 2647 945 benedi-

350 987 633 1048 centur
679 1003 947 1048 omnes
997 986 1304 1070 gentes,
1354 985 1579 1070 erigite
1629 987 1848 1051 oculos
1897 987 2106 1052 cordis
2153 991 2218 1053 et
2255 988 2648 1054 considerate

279 1117 312 1157 5
348 1093 556 1156 totum
605 1093 821 1156 orbem
867 1097 1199 1172 terrarum,
1247 1111 1371 1175 quo
1418 1093 1608 1158 modo
1656 1093 1717 1158 in
1767 1094 2007 1172 semine
2053 1095 2342 1160 Abrahae
2395 1094 2648 1159 benedi-

350 1203 581 1263 cuntur
635 1217 853 1264 omnes
899 1203 1144 1283 genten.
1208 1203 1358 1264 tunc
1406 1199 1483 1265 ab
1534 1219 1658 1264 uno
1708 1200 2100 1279 credebatur,
2149 1202 2318 1285 quod
2367 1201 2644 1267 nondum

348 1304 715 1380 uidebatur;
760 1325 879 1371 uos
928 1307 1049 1371 iam
1102 1305 1339 1371 uidetis
1386 1310 1453 1370 et-
1497 1306 1704 1371 adhuc
1749 1307 2071 1374 inuidetis.
2135 1308 2348 1392 passio
2405 1307 2644 1372 domini

348 1411 623 1494 pretium
680 1415 779 1476 est
833 1412 1004 1478 orbis
1050 1417 1381 1490 terrarum,
1428 1412 1537 1476 ille
1584 1415 1794 1478 totum
1843 1413 2056 1480 orbem
2104 1415 2372 1480 redemit
2417 1417 2482 1478 et
2526 1433 2646 1478 uos

349 1537 492 1582 cum
536 1521 675 1582 toto
726 1519 874 1584 orbe
922 1517 1001 1582 ad
1048 1519 1297 1584 lucrum
1336 1522 1626 1585 uestrum
1661 1539 1784 1586 non
1823 1521 2239 1599 concordatis,
2279 1519 2392 1585 sed
2429 1521 2646 1604 potius

253 1624 411 1689 min
476 1623 773 1688 damnum
838 1627 1129 1690 uestrum
1192 1625 1255 1690 in
1320 1628 1497 1708 parte
1560 1626 1857 1712 litigatis,
1921 1630 1995 1692 ut
2060 1629 2268 1692 totum
2342 1626 2644 1710 perdatis,

350 1730 561 1795 audite
626 1731 689 1794 in
755 1732 1025 1813 psalm0,
1082 1752 1206 1814 quo
1265 1735 1467 1816 pretio
1522 1733 1837 1816 redempti
1893 1753 2147 1799 sumus:
2214 1733 2644 1808 Foderunt,

346 1837 575 1919 inquit,
620 1857 895 1902 manus
943 1857 1155 1902 meas
1195 1841 1273 1902 et
1308 1837 1573 1921 pedes,
1615 1838 2340 1904 dinumerauerunt
2379 1839 2642 1905 omnia

348 1963 535 2009 ossa
580 1963 781 2019 mea;
846 1944 1011 2027 ipsi
1060 1962 1247 2010 uero
1298 1945 2044 2011 considerauerunt
2093 1949 2168 2010 et
2215 1963 2644 2028 conspexe-

345 2053 533 2115 runt
580 2071 713 2128 me,
763 2051 1239 2116 diuiserunt
1286 2051 1447 2116 sibi
1496 2051 2000 2116 uestimenta
2047 2070 2214 2117 mea
2260 2055 2340 2116 et
2396 2071 2645 2135 super

253 2185 309 2224 1⁵
345 2157 929 2222 uestimentum
978 2177 1225 2224 meum
1274 2158 1676 2223 miserunt
1723 2161 2048 2224 sortem.
2100 2177 2291 2240 quare
2330 2157 2644 2224 diuisores

343 2265 871 2329 uestimentorum
921 2264 1159 2330 domini
1216 2283 1359 2329 esse
1414 2266 1616 2330 uultis
1673 2270 1738 2330 et
1792 2266 2074 2331 tunicam
2129 2265 2305 2329 illam
2362 2265 2644 2329 caritatis

345 2372 617 2454 desuper
660 2373 919 2448 textam,
968 2391 1157 2455 quam
1204 2391 1320 2438 nec
1365 2376 1806 2455 persecutores
1845 2373 1980 2438 eius
2021 2373 2394 2451 diuiserunt,
2429 2376 2643 2436 tenere

346 2496 489 2542 cum
538 2481 673 2542 toto
724 2480 871 2543 orbe
919 2497 1039 2543 non
1088 2479 1329 2545 uultis?
1376 2479 1437 2542 in
1487 2480 1732 2563 psalmo
1779 2479 1920 2561 ipso
1965 2479 2220 2562 legitur,
2271 2479 2642 2560 quia-totus

346 2583 517 2648 orbis
565 2603 703 2648 eam
748 2587 951 2650 tenet:
1002 2585 1881 2664 Commemorabuntur‚
1927 2585 2154 2668 inquit,
2203 2589 2282 2649 et
2327 2603 2640 2652 conuer-

250 2719 307 2756 ρο
345 2693 631 2755 tentur
675 2691 763 2756 ad
811 2691 1217 2757 dominum
1268 2693 1642 2757 uniuersi
1689 2693 1904 2756 fines
1951 2696 2216 2756 terrae
2256 2695 2338 2756 et
2375 2689 2640 2754 adora·

344 2797 545 2862 bunt
590 2798 667 2862 in
716 2801 1164 2882 conspectu
1206 2799 1383 2864 eius
1420 2799 1860 2864 uniuersae
1896 2799 2218 2883 patriae
2258 2797 2638 2882 gentium.

346 2904 717 2984 quoniam
787 2905 1057 2989 ipsius
1124 2909 1251 2971 est
1314 2924 1648 2990 regnum
1714 2909 1790 2971 et
1851 2906 2028 2989 ipse
2086 2903 2643 2972 dominabitur

346 3011 731 3095 gentium.
798 3013 1035 3096 aperite
1092 3031 1276 3077 aures
1336 3012 1545 3077 cordis
1605 3016 1670 3076 et
1724 3011 1958 3088 audite,
2019 3012 2166 3096 quia
2223 3011 2414 3076 deus
2473 3011 2641 3076 deo-

344 3135 515 3180 rum
568 3117 938 3183 dominus
982 3119 1319 3184 locutus
1360 3121 1485 3184 est
1524 3121 1602 3183 et
1639 3119 1974 3184 uocauit
2011 3123 2308 3183 terram
2349 3137 2386 3183 a
2422 3117 2638 3183 solis

248 3251 306 3290 2⁵
348 3225 527 3288 ortu
586 3243 841 3306 usque
898 3225 988 3289 ad
1046 3243 1457 3301 occasum;
1526 3245 1610 3290 ex
1667 3224 1856 3291 Sion
1925 3224 2248 3306 species
2319 3223 2640 3288 decoris

520 3451 555 3505 3
594 3451 725 3506 Gen.
764 3451 851 3518 22,
894 3452 961 3506 18
1072 3454 1133 3506 11
1176 3453 1263 3506 Ps.
1304 3453 1389 3516 21,
1434 3453 1642 3508 17-19
1754 3453 1820 3508 19
1859 3453 1948 3508 ΡΒ.
1989 3453 2075 3517 21,
2112 3451 2325 3506 28-29
2435 3449 2506 3504 23
2543 3450 2634 3503 Ps.

342 3540 431 3604 49,
473 3540 611 3595 1-2

416 3662 449 3718 2
485 3663 541 3716 in
579 3663 766 3718 multis
804 3679 905 3718 om.
937 3665 990 3718 A
1135 3665 1191 3718 in
1230 3681 1337 3719 uno
1377 3665 1463 3719 bia
1488 3665 1563 3720 M
1665 3669 1700 3720 4
1738 3666 1938 3735 cordis]
1974 3665 2174 3718 mentis
2201 3664 2258 3718 R
2367 3665 2400 3716 5
2435 3664 2638 3730 toturn}

342 3753 649 3808 uniuersum
687 3752 744 3808 R
888 3754 945 3808 iu
981 3769 1165 3808 semen
1202 3755 1255 3808 A
1428 3754 1696 3818 dicuntur,
1735 3770 1876 3808 corr.
1915 3755 2124 3820 (m.1?)
2159 3751 2558 3807 benedicuntur
2593 3749 2648 3802 P

344 3842 375 3894 7
414 3841 521 3894 iam
559 3859 655 3896 uos
694 3843 815 3896 edd.
939 3843 973 3897 9
1010 3844 1160 3914 orbe]
1200 3843 1327 3897 orbe
1363 3847 1627 3898 terrarum
1663 3843 1720 3899 R
1845 3843 1910 3898 10
1945 3843 2133 3912 ligatis
2170 3839 2230 3894 F
2367 3843 2428 3893 ut
2464 3841 2640 3892 totum

342 3927 584 3999 perdatis
622 3931 719 3994 bie,
760 3931 995 3986 alterum
1031 3932 1133 3988 del.
1172 3949 1241 3990 m.
1266 3937 1307 3986 2
1341 3934 1395 3986 P
1566 3935 1628 3988 11
1671 3932 1856 3986 audite
1895 3932 2082 4000 itaque
2118 3931 2176 3985 in
2216 3929 2270 3984 R
2421 3927 2642 3997 psalmo

346 4024 431 4087 (ps
468 4033 535 4072 a
568 4033 706 4074 corr.
746 4023 895 4088 m.2)
932 4019 1007 4074 M
1186 4023 1251 4074 12
1298 4020 1486 4092 pedes]
1534 4021 1702 4092 pedes
1737 4037 1887 4076 meos
1925 4019 1980 4076 R
2015 4036 2115 4074 sec.
2163 4017 2323 4088 ναῖς.
2361 4015 2638 4086 (Septuay.

338 4123 555 4177 qnoque
588 4109 707 4164 00‘3·
745 4109 902 4165 Aleoe-
942 4109 1109 4172 πόδας
1146 4113 1265 4181 μου)
1362 4112 1427 4166 15
1464 4115 1672 4164 uestem
1711 4127 1882 4165 meam
1913 4109 2022 4164 FR
2056 4125 2156 4162 sec.
2197 4107 2352 4175 Vulgj.
2432 4104 2496 4158 17
2526 4107 2642 4156 tex-

341 4200 479 4268 tam]
508 4202 770 4252 extectam
802 4199 863 4252 F
960 4214 1289 4268 pei-secures,
1316 4217 1387 4254 m.
1410 4203 1451 4253 2
1473 4206 1844 4270 persecutores
1872 4199 1927 4254 A
2039 4199 2105 4253 18
2135 4213 2254 4252 cum
2282 4211 2403 4256 om„
2431 4193 2641 4260 m.1(?)

340 4287 476 4341 add.
515 4288 570 4341 P
732 4289 795 4342 19
850 4291 1234 4342 conuertentur
1269 4304 1337 4342 ex
1370 4305 1481 4342 ras.
1534 4289 1741 4358 (fuitne
1777 4290 2162 4342 conuertantur
2181 4289 2233 4354 ἴ)
2274 4283 2334 4338 F
2471 4283 2540 4337 25
2579 4298 2640 4336 ex

346 4377 504 4446 Sion]
542 4377 696 4430 exion
737 4377 810 4430 M
846 4381 1003 4444 (corr.
1042 4395 1111 4430 m.
1134 4382 1165 4431 1
1202 4378 1404 4444 exsion)
1441 4379 1497 4434 R
1534 4392 1620 4433 (m.
1644 4383 1684 4432 2
1720 4396 1780 4432 ex
1819 4379 1958 4444 sion)
2000 4393 2166 4448 exyou
2207 4377 2255 4430 A
2299 4373 2481 4428 exison
2519 4372 2578 4425 F
