3184 4959
1117 451 1645 520 epistularum
1700 451 1887 508 XLIX.
1943 453 2003 508 L.
2574 459 2700 522 143

1522 647 1594 710 L.

423 821 428 826 -
463 781 946 840 ·DUC‘1·ORIBUS
983 784 1076 840 Ac
1113 783 1574 841 PRINCIPIBUS
1604 787 1742 842 VEL
1783 787 2220 844 SENIORIBUS
2260 788 2629 846 COLONIAE

867 873 1296 930 SUFETANAE
1335 875 1795 932 AUGUSTINUS
1834 876 2243 934 EPISCOPUS.

501 1000 926 1066 Immanitatis
981 1003 1234 1066 uestrae
1279 1001 1783 1067 famosissimum
1834 1004 2043 1068 scelus
2094 1007 2159 1068 et
2200 987 2521 1087 inopinata
2567 1023 2700 1070 cru-

349 1125 376 1166 5
413 1105 640 1172 delitas
695 1111 924 1172 terram
983 1108 1270 1172 concutit
1327 1111 1394 1172 et
1445 1109 1725 1190 percutit
1778 1109 2047 1190 caelum,
2104 1095 2294 1175 utin
2350 1113 2580 1194 plateis
2628 1131 2700 1177 ac

413 1213 692 1280 delubris
738 1213 976 1280 uestris
1024 1215 1276 1279 eluceat
1320 1216 1580 1300 sanguis
1631 1219 1696 1279 et
1738 1219 1989 1281 resonet
2033 1217 2474 1284 homicidium.
2530 1218 2697 1302 apud

411 1339 528 1386 uos
582 1321 900 1386 Romanae
959 1323 1248 1405 sepultae
1305 1327 1454 1387 sunt
1507 1323 1704 1406 legeS,
1760 1322 2141 1388 iudiciorum
2195 1327 2511 1388 rectorum
2577 1327 2699 1389 cal-

412 1433 592 1493 catus
642 1433 742 1493 est
785 1433 1002 1506 terror,
1049 1429 1504 1514 imperatorum
1553 1433 1725 1494 certe
1770 1431 1947 1494 nulla
1982 1431 2302 1495 ueneratio
2342 1449 2455 1495 nec
2492 1432 2698 1497 timor.

413 1535 580 1617 apud
633 1554 749 1600 uos
799 1534 1123 1619 sexaginta
1167 1553 1428 1600 numero
1475 1535 1741 1599 fratrum
1786 1535 2083 1601 innocens
2130 1535 2371 1602 effusus
2419 1541 2517 1602 est
2564 1558 2699 1604 san-

328 1659 378 1696 ιο
415 1641 557 1725 guis
616 1647 698 1720 et,
758 1643 812 1706 si
869 1642 1012 1724 quis
1068 1643 1284 1726 plures
1341 1641 1594 1720 occidit,
1659 1642 1919 1706 functus
1986 1645 2085 1706 est
2145 1641 2444 1709 laudibus
2508 1646 2573 1710 et
2634 1647 2695 1710 in

413 1751 686 1813 uestram
763 1749 1002 1814 curiam
1075 1749 1282 1814 tenuit
1351 1749 1794 1832 principatum.
1872 1767 1988 1833 age
2062 1767 2229 1814 nunc
2290 1750 2697 1833 principalem

409 1855 741 1920 ueniamus
807 1855 885 1920 ad
951 1875 1228 1921 causam.
1295 1856 1352 1920 si
1406 1855 1747 1920 Herculem
1803 1860 2091 1921 uestrum
2148 1856 2450 1933 dixeritis,
2514 1875 2698 1940 porro

411 1959 780 2038 reddemus;
853 1961 1086 2028 adsunt
1155 1963 1434 2041 metalla,
1511 1981 1660 2028 saxa
1730 1981 1845 2052 nec
1922 1962 2179 2040 desunt3
2254 1964 2563 2028 accedunt
2637 1968 2701 2029 et

411 2085 798 2134 marmorum
861 2087 1110 2152 genera,
1144 2069 1547 2152 suppeditat
1603 2069 1913 2134 artificum
1964 2069 2165 2152 copia.
2214 2073 2497 2133 ceterum
2546 2069 2701 2134 deus

323 2201 374 2242 1³
411 2181 626 2238 uester
672 2194 814 2240 cum
865 2174 1200 2259 diligentia
1245 2177 1582 2260 sculpitur,
1630 2179 1921 2241 tornatur
1966 2181 2030 2241 et
2078 2180 2358 2253 ornatur;
2408 2175 2699 2242 addimus

411 2285 476 2346 et
527 2282 864 2358 rubricam,
924 2301 1083 2365 quae
1137 2284 1362 2368 pingat
1413 2283 1730 2360 ruborem,
1789 2302 1909 2364 quo
1966 2283 2217 2366 possint
2269 2287 2422 2348 uota
2482 2285 2701 2372 uestra

409 2407 587 2452 sacra
659 2408 902 2454 sonare.
976 2409 1120 2454 nam
1195 2391 1251 2456 si
1324 2395 1611 2454 uestrum
1674 2389 2017 2454 Herculem
2083 2389 2382 2464 dixeritis,
2433 2390 2699 2455 conlatis

408 2495 680 2578 singulis
752 2495 1030 2559 nummis
1105 2495 1182 2560 ab
1257 2495 1496 2561 artifice
1577 2500 1793 2560 uestro
1866 2496 2051 2561 uobis
2135 2496 2404 2560 emimus
2488 2496 2699 2564 deum.

407 2601 650 2666 reddite
695 2601 894 2686 igitur
929 2603 1192 2682 animas,
1235 2621 1390 2687 quas
1437 2603 1799 2668 truculenta
1843 2605 2060 2667 uestra
2102 2621 2327 2668 manus
2374 2604 2697 2678 contorsit,

319 2734 372 2771 ιο
408 2711 490 2779 et,
543 2709 736 2774 sicuti
782 2729 818 2775 a
863 2709 1046 2775 nobis
1093 2712 1310 2774 uester
1351 2709 1664 2774 Hercules
1711 2709 2100 2787 redhibetur,
2142 2709 2235 2774 sic
2282 2709 2473 2774 etiam
2514 2729 2549 2774 a
2587 2729 2697 2774 uo-

407 2814 506 2880 bis
554 2819 873 2880 tantorum
913 2816 1156 2882 animae
1203 2815 1560 2881 reddantur.

833 3051 888 3103 P
935 3073 1002 3095 =
1041 3049 1158 3104 cod.
1197 3050 1500 3103 Parisinus
1533 3067 1664 3104 nou.
1706 3065 1825 3118 aeq.
1859 3053 2018 3104 1672
2050 3067 2092 3104 ε.
2132 3049 2243 3104 ΙΧ.

753 3197 758 3204 ,
843 3139 894 3192 V
935 3163 1004 3184 =
1042 3139 1158 3193 cod.
1207 3137 1518 3192 Vaticanus
1559 3142 1677 3192 495
1713 3155 1754 3192 3.
1794 3137 1929 3196 XV.

841 3227 894 3282 U
939 3251 1007 3274 ==
1046 3227 1164 3283 cod.
1211 3227 1518 3282 Vaticanus
1559 3229 1680 3282 499
1714 3245 1756 3282 s.
1796 3228 1857 3281 X
1868 3227 1928 3281 V.

585 3351 964 3405 Louanienses
1015 3351 1162 3406 hanc
1211 3351 1504 3420 epistulam
1553 3353 1619 3404 in
1668 3367 1780 3406 uno
1846 3351 2123 3406 Vaticano
2174 3351 2476 3419 exenaeplari
2526 3353 2692 3418 (495)

405 3447 676 3509 repertam
704 3441 880 3508 primi
913 3440 1218 3494 ediderunt.

478 3583 512 3636 2
551 3581 858 3636 auctoribus
900 3581 1008 3636 ΥΠ
1041 3583 1159 3637 edd.
1322 3583 1354 3635 3
1393 3581 1726 3637 suffectanae
1766 3581 1874 3635 ΥΠ
1908 3581 2027 3636 edd.
2180 3581 2214 3634 8
2250 3581 2443 3652 terror]
2484 3583 2640 3634 tenor
2665 3597 2697 3634 r

409 3671 476 3725 13
515 3669 634 3741 nec]
671 3685 738 3724 ne
787 3669 838 3724 U
1033 3674 1088 3725 et
1125 3688 1230 3724 om.
1276 3669 1387 3724 ΥΠ
1419 3669 1540 3727 edd.
1728 3671 1793 3724 14
1831 3669 2075 3739 suppetit
2094 3686 2145 3722 m
2328 3670 2393 3722 16
2432 3667 2693 3726 lubricam

405 3760 500 3830 qui
538 3759 594 3812 P
711 3761 898 3830 pingit
939 3759 1048 3814 ΥΠ
1077 3759 1197 3814 edd.
1322 3763 1553 3829 posnunt
1581 3759 1637 3813 P
1737 3759 1799 3812 17
1841 3759 2103 3827 uestrum]
2137 3763 2263 3811 aure
2292 3757 2347 3810 P
2454 3757 2694 3813 dixeritis

404 3865 468 3903 ac
499 3848 708 3902 collatis
737 3850 792 3903 P
937 3849 1000 3903 19
1037 3849 1348 3902 truculenta
1387 3864 1487 3902 om.
1537 3845 1647 3902 ΥΠ
1682 3845 1800 3902 edd.
1974 3863 2162 3900 manus
2203 3849 2384 3899 uestra
2430 3845 2539 3900 ΥΠ
2571 3847 2690 3904 edd.

401 3938 469 3992 21
511 3936 808 3991 reddentur
853 3937 908 3992 U
