3184 4959
1192 431 1719 500 epistularum
1776 431 1969 486 CVIII.
2594 437 2721 501 615

417 645 602 709 quem
650 625 788 709 ipse
837 623 1005 707 apud
1050 642 1168 690 uos
1209 627 1554 707 acceperat,
1596 625 1707 690 sed
1747 625 1939 692 etiam
1978 647 2167 710 quem
2208 627 2349 694 aliis
2391 631 2561 694 extra
2596 649 2718 694 uos

415 732 697 798 desertor
751 731 1054 810 infixerat,
1118 731 1260 814 ipso
1319 735 1601 797 correcto
1657 732 1898 798 uiolare
1954 753 2079 799 non
2138 735 2279 800 ausi
2336 739 2507 813 sunt,
2568 737 2717 818 quia

411 840 660 924 regium
707 840 1163 924 cognouerunt.
1224 837 1301 902 de
1356 839 1478 904 hoc
1525 858 1743 904 eorum
1800 841 1971 906 facto
2018 845 2151 906 tam
2208 841 2375 906 bono
2433 841 2713 908 iudicare

413 965 534 1010 non
601 946 724 1023 uis,
801 946 913 1010 ubi
977 965 1086 1012 eos
1153 945 1414 1010 deberes
1491 945 1902 1012 laudabiliter
1962 946 2222 1027 imitari,
2300 950 2364 1012 et
2429 949 2713 1032 sequeris

348 1079 374 1114 ε,
411 1053 722 1118 iudicium
760 1071 997 1132 eorum,
1046 1053 1108 1118 in
1148 1071 1272 1136 quo
1320 1055 1641 1118 merentur
1688 1053 1763 1118 ab
1806 1055 2101 1120 omnibus
2151 1054 2472 1120 detestari.
2522 1055 2713 1120 times

413 1161 490 1224 de
535 1161 857 1226 Primiano
912 1159 1215 1238 iudicare,
1272 1179 1349 1225 ne
1397 1159 1644 1245 cogaris
1694 1160 1933 1246 audire,
1991 1159 2160 1243 quod
2209 1161 2456 1245 culpes;
2514 1161 2712 1226 immo

411 1287 562 1334 uero
605 1267 832 1335 iudica
879 1271 946 1332 et
990 1265 1126 1332 illic
1170 1267 1378 1351 magis
1427 1266 1667 1348 poteris
1715 1267 2017 1346 inuenire,
2067 1267 2237 1350 quod
2282 1267 2530 1334 laudes,
2590 1287 2709 1333 non

411 1375 598 1450 enirn,
649 1373 819 1456 quod
867 1375 1032 1438 male
1077 1373 1234 1438 fecit
1267 1373 1649 1451 Primanus,
1698 1377 1761 1438 te
1800 1374 2127 1448 noluimus
2176 1393 2547 1453 memorare,
2600 1374 2710 1440 sed

410 1482 579 1564 quod
627 1482 863 1563 optime
909 1479 1080 1559 fecit,
1121 1479 1231 1564 qui
1275 1481 1338 1544 in
1387 1479 1834 1563 suscipiendis,
1877 1500 2037 1564 quos
2088 1482 2227 1548 eius
2275 1481 2603 1546 damnator
2645 1481 2707 1546 in

325 1613 371 1651 ιο
409 1589 805 1672 separatione
843 1587 1338 1654 sceleratissima
1374 1587 1831 1669 baptizauerat‚
1881 1607 2151 1656 errorem
2200 1589 2530 1654 hominum
2578 1607 2707 1654 cor-

407 1694 588 1772 rexit,
660 1715 782 1762 non
857 1693 957 1758 dei
1033 1697 1424 1760 sacramenta
1497 1695 1825 1772 destruxit,
1902 1695 2137 1760 bonum
2204 1694 2443 1760 Christi
2506 1699 2571 1760 et
2639 1696 2705 1759 in

408 1803 776 1867 hominibus
851 1802 1146 1886 malignis
1223 1802 1508 1886 agnouit,
1583 1802 1825 1867 malum
1900 1806 2113 1868 autem
2191 1802 2522 1868 hominum
2584 1821 2705 1868 non

409 1909 649 1974 uiolato
700 1907 938 1974 Christi
998 1908 1160 1973 bono
1212 1908 1594 1974 emendauit.
1655 1912 1767 1975 aut
1822 1909 1879 1974 si
1934 1909 2055 1976 hoc
2110 1909 2351 1975 factum
2408 1909 2706 1993 displicet

407 2015 545 2092 tibi,
610 2014 772 2080 illud
829 2015 1058 2080 saltem
1113 2014 1404 2094 adtende,
1468 2015 1631 2080 illud
1687 2033 1798 2098 pro
1854 2019 1966 2082 tuo
2022 2015 2187 2081 bono
2241 2016 2495 2100 ingenio
2552 2035 2701 2100 pru-

317 2146 369 2185 1⁶
408 2122 629 2188 denter
683 2122 962 2202 aduerte,
1021 2123 1170 2206 quia
1223 2141 1420 2187 unum
1469 2122 1859 2188 Primianum
1917 2140 2039 2188 non
2094 2123 2342 2187 iudicas
2391 2123 2467 2188 de
2512 2122 2700 2188 factis

404 2229 564 2311 ipsis
619 2230 918 2295 Primiani
978 2233 1042 2295 et
1097 2230 1312 2295 orbem
1372 2228 1803 2296 Christianum
1865 2228 2113 2294 iudicas
2169 2230 2245 2294 de
2306 2228 2493 2294 factis
2550 2229 2700 2294 Cae-

407 2336 636 2403 ciliani.
694 2336 904 2411 timae,
963 2356 1040 2401 ne
1087 2338 1476 2420 tepolluat,
1534 2337 1588 2401 si
1645 2337 1921 2414 noueris,
1981 2336 2149 2419 quod
2204 2335 2521 2400 uindicare
2574 2353 2697 2400 non

405 2444 666 2520 audeas3
725 2444 988 2510 absolue
1037 2463 1186 2528 ergo
1247 2447 1488 2529 gentes,
1546 2461 1707 2526 quae
1754 2463 1868 2508 nec
1914 2461 2103 2509 nosse
2158 2445 2470 2526 poterant,
2529 2441 2697 2524 quod

403 2569 688 2616 accusas

223 2649 262 2712 5
310 2680 364 2718 no
488 2655 624 2722 Nec
669 2659 881 2722 tamen
928 2655 1090 2720 illud
1135 2655 1325 2721 unius
1373 2655 1676 2720 Primiani
1723 2657 1967 2721 factum
2016 2660 2141 2732 est3
2192 2656 2339 2732 scie,
2389 2655 2453 2720 in
2502 2675 2693 2737 quan·

398 2767 538 2827 tum
603 2763 844 2846 opinor,
924 2767 988 2828 et
1059 2766 1161 2828 tu:
1237 2765 1492 2829 centurn
1557 2761 1751 2828 ferme
1817 2763 2101 2845 episcopi
2164 2761 2366 2828 uestri
2420 2761 2692 2827 factione

398 2869 744 2934 damnabili
809 2889 956 2935 cum
1020 2869 1401 2936 Maximiano
1469 2870 1902 2954 conspirantes
1970 2869 2111 2934 ausi
2185 2871 2337 2932 sunt
2399 2867 2691 2933 damnare

394 2976 789 3042 Primianum
854 2980 920 3041 et
981 2978 1410 3042 trecentorum
1475 2975 1697 3042 decem
1760 2976 2100 3061 Bagaiensi
2167 2973 2455 3050 concilio,
2523 2973 2691 3038 sicut

395 3082 632 3148 decreti
696 3083 832 3150 eius
890 3083 1085 3150 uerba
1137 3085 1498 3165 personant,
1571 3083 2046 3150 ‘Maximianum
2121 3082 2269 3148 fidei
2342 3082 2687 3159 aemulum,

303 3212 358 3253 25
394 3189 684 3254 ueritatis
741 3189 1122 3268 adulterum,
1180 3189 1484 3254 ecclesiae
1531 3190 1754 3255 matris
1801 3189 2152 3266 inimicum,
2206 3187 2481 3264 Dathan‚
2530 3186 2687 3252 Core

394 3297 460 3359 et
528 3295 766 3360 Abiron
841 3297 1226 3370 ministrum,
1304 3296 1381 3362 de
1453 3296 1629 3378 pacis
1706 3297 1947 3380 gremio
2023 3294 2371 3361 sententiae
2444 3293 2684 3359 fulmen

393 3400 714 3468 excussit’.
779 3403 928 3468 huic
993 3403 1102 3468 alii
1167 3401 1524 3480 duodecim,
1591 3403 1702 3484 qui
1768 3403 1903 3467 eius
1971 3401 2368 3480 ordinationi,
2435 3400 2683 3482 quando

391 3511 610 3574 contra
654 3508 1048 3574 Primianum
1101 3511 1356 3574 leuatus
1413 3512 1532 3587 est,
1585 3508 2023 3587 interfuerant,
2080 3528 2203 3576 non
2260 3508 2457 3574 dilata
2512 3506 2684 3573 dam·

565 3752 778 3806 24—27
815 3753 954 3822 Aug.
993 3755 1180 3806 eontra
1219 3751 1469 3808 Crescon.
1508 3753 1649 3808 Don.
1689 3753 1775 3808 111
1810 3755 1906 3820 22;
1946 3755 2041 3819 24;
2082 3755 2177 3817 59;
2216 3752 2295 3806 IV
2332 3753 2391 3816 23
2430 3755 2489 3817 5;
2530 3753 2599 3807 38

461 3893 486 3946 1
530 3892 714 3963 etiam]
757 3897 814 3948 et
848 3893 970 3949 edd.
1065 3896 1094 3948 7
1134 3911 1321 3949 uerum
1349 3895 1405 3948 P
1489 3897 1524 3950 8
1561 3895 1813 3948 uolumus
1850 3893 1959 3950 VU
1974 3894 2096 3950 edd.
2188 3896 2221 3948 9
2260 3893 2417 3964 quos]
2457 3892 2601 3964 qnod
2631 3894 2686 3946 P

390 3981 456 4036 13
493 3983 699 4037 nialato
728 3983 782 4036 P
862 3985 930 4038 14
965 4001 1061 4054 pro
1100 3985 1240 4039 bono
1279 3987 1372 4039 tuo
1409 3984 1632 4055 ingenio
1682 3983 1735 4038 V
1765 3982 1886 4040 edd.
1924 3999 2020 4053 pro
2057 3983 2201 4038 bono
2238 3983 2459 4052 ingenio
2497 3985 2593 4036 tuo
2632 3981 2685 4034 Γ

389 4071 456 4124 16
492 4069 665 4140 ipsius
711 4070 831 4125 Um
1025 4073 1095 4127 23
1134 4071 1398 4143 priamum
1446 4071 1500 4126 V
1638 4070 1920 4140 uagaiensi
1958 4071 2118 4126 codd.
2155 4070 2275 4126 edd.
2318 4075 2370 4137 (r
2404 4070 2469 4124 in
2502 4087 2675 4140 mar-57.

387 4159 457 4212 al.
495 4159 814 4229 Bagaiensi)
924 4161 993 4216 25
1032 4159 1197 4232 dathe
1235 4160 1396 4231 chore
1433 4161 1489 4214 P
1523 4159 1688 4215 dathe
1726 4159 1886 4216 chore
1934 4159 1987 4213 V
2018 4159 2233 4214 Dathae
2274 4160 2358 4224 (in
2392 4175 2565 4229 rna-ry.
2606 4160 2676 4216 al.

385 4246 626 4313 Dathan)
665 4247 874 4304 Chorae
913 4249 1054 4318 lsr;
1088 4249 1160 4316 cf.
1187 4267 1249 4318 p.
1295 4253 1431 4316 625,
1475 4254 1510 4304 4
1654 4249 1723 4304 26
1762 4248 1948 4304 abiren
1994 4249 2049 4302 V
2190 4249 2258 4302 27
2296 4247 2424 4302 hinc
2467 4247 2521 4304 U
2552 4248 2673 4302 edd.

381 4336 450 4390 28
488 4335 810 4392 interfuerat
845 4337 902 4392 P
