3184 4959
244 2659 281 2718 [Ο

286 1725 339 1762 10

287 2257 337 2295 15

284 2790 339 2830 20

284 3321 336 3362 25

891 473 917 509 e
938 457 1059 526 pis
1080 460 1105 508 t
1126 455 1253 508 ula
1272 474 1298 508 r
1318 471 1351 508 u
1371 472 1423 508 m
1478 455 1826 509 LXXXVIII.
1883 455 2172 510 LXXXIX.
2545 461 2675 523 419

376 652 576 717 aderit
648 651 940 717 dominus
1016 651 1321 716 ecclesiae
1397 671 1569 730 suae,
1646 655 1720 717 ut
1784 671 1902 716 uos
1965 651 2181 734 potius
2247 651 2676 717 humilitatem

373 763 652 824 nostram
702 759 1163 842 contempsisse
1216 760 1557 843 paeniteat.

1356 951 1698 1016 LXXXIX.

458 1072 751 1128 DOMINO
790 1073 1301 1129 DILECTIsSIMO
1339 1074 1430 1128 ΕΤ
1470 1074 1932 1130 HONORABILI
1969 1076 2062 1130 AC
2102 1077 2592 1131 SUSCIPIENDO

622 1163 821 1218 FILIO
860 1163 1087 1218 FESTO
1127 1163 1587 1218 AUGUSTINL‘S
1627 1165 1710 1218 IN
1747 1165 2042 1220 DOMINO
2083 1165 2437 1220 SALUTEM.

464 1272 529 1338 Si
579 1291 689 1353 pro
740 1291 944 1337 errore
990 1273 1280 1336 homines
1330 1276 1395 1337 et
1442 1272 1786 1338 damnabili
1833 1273 2230 1338 dissensione
2279 1278 2343 1339 et
2390 1277 2680 1340 conuicta

374 1378 581 1443 modis
631 1379 925 1444 omnibus
972 1379 1253 1443 falsitate
1309 1383 1489 1442 tanta
1534 1383 1968 1463 praesumunt,
2017 1384 2092 1446 ut
2139 1401 2356 1446 eorum
2407 1383 2680 1446 salutem

375 1485 714 1567 requirenti
775 1486 1123 1550 catholicae
1180 1486 1485 1550 ecclesiae
1539 1492 1670 1550 tam
1729 1487 2054 1552 audaciter
2096 1489 2380 1553 insidiari
2427 1489 2680 1554 minari-

377 1611 497 1674 que
563 1611 685 1655 non
754 1595 1023 1668 cessent,
1092 1596 1329 1674 quanto
1396 1593 1604 1677 magis
1653 1612 1926 1676 aequum
1976 1599 2075 1659 est
2131 1598 2194 1659 et
2249 1599 2498 1678 oportet
2546 1615 2676 1673 eoa,

377 1700 485 1780 qui
532 1699 707 1781 pacis
765 1703 829 1762 et
882 1699 1149 1763 unitatis
1198 1699 1589 1765 Christianae
1649 1700 1950 1766 adserunt
2001 1702 2338 1767 ueritatem
2387 1702 2682 1767 omnibus

377 1806 569 1870 etiam
635 1806 1189 1872 dissimulantibus
1256 1811 1319 1872 et
1382 1809 1825 1873 cohibentibus
1891 1809 2312 1886 manifestam,
2389 1813 2682 1893 satagere

375 1913 685 1977 instanter
738 1917 927 1995 atque
982 1914 1229 1996 inpigre
1286 1934 1407 1980 non
1466 1915 1678 1978 solum
1725 1933 1836 1996 pro
1887 1933 2102 1979 eorum
2149 1915 2519 1993 munimine,
2568 1917 2678 1999 qui

374 2019 503 2084 iam
567 2021 863 2084 catholici
930 2025 1099 2097 sunt,
1156 2041 1379 2084 uerum
1440 2022 1629 2085 etiam
1689 2040 1798 2104 pro
1848 2041 2065 2086 eorum
2115 2023 2520 2100 correctione,
2569 2023 2678 2104 qui

376 2125 655 2190 nondum
722 2129 899 2192 sunt!
976 2147 1119 2190 nam
1188 2128 1242 2192 si
1305 2129 1652 2210 pertinacia
1703 2128 2162 2212 insuperabiles
2219 2129 2390 2192 uires
2447 2129 2681 2194 habere

377 2237 659 2309 conatur,
709 2236 973 2316 quantas
1025 2234 1206 2300 decet
1252 2235 1481 2298 habere
1530 2236 1972 2310 constantiam,
2022 2254 2182 2317 quae
2237 2235 2300 2300 in
2359 2255 2431 2300 eo
2489 2235 2680 2316 bon0,

376 2340 545 2422 quod
607 2346 1085 2424 perseueranter
1140 2345 1331 2424 atque
1386 2342 1874 2426 infatigabiliter
1928 2341 2082 2424 agit,
2133 2344 2197 2404 et
2243 2341 2357 2406 deo
2409 2361 2477 2406 se
2542 2343 2678 2424 pla-

377 2466 516 2511 cere
564 2447 747 2512 nouit
794 2451 858 2512 et
903 2450 1123 2530 procul
1174 2448 1366 2513 dubio
1417 2468 1539 2513 non
1586 2453 1803 2530 potest
1847 2447 2212 2512 hominibus
2256 2448 2680 2530 prudentibus

377 2553 740 2634 displicere!

465 2657 630 2738 Quid
695 2663 908 2724 autem
972 2659 1291 2724 infelicius
1359 2664 1547 2743 atque
1611 2659 2000 2742 peruersius‚
2070 2660 2240 2724 sicut
2303 2660 2679 2725 Donatistae

372 2766 635 2845 faciunt,
711 2767 820 2848 qui
890 2786 957 2830 se
1021 2767 1528 2848 persecutionem
1594 2767 1841 2849 perpeti
1906 2766 2275 2850 gloriantur,
2341 2785 2530 2849 quam
2599 2767 2679 2832 de

374 2873 795 2938 cohercitione
840 2874 1199 2956 iniquitatis
1249 2895 1402 2938 suae
1450 2893 1573 2938 non
1625 2874 1832 2938 solum
1889 2874 2131 2938 nescire
2189 2874 2506 2948 confundi,
2565 2875 2674 2938 sed

376 2980 563 3042 etiam
614 2959 781 3044 uelle
828 2981 1071 3044 laudari
1118 2981 1481 3064 ignorantes
1531 2981 1836 3045 caecitate
1883 2980 2158 3044 mirabili
2216 2982 2323 3044 uel
2379 2981 2676 3045 animosi—

374 3089 505 3148 tate
572 3085 913 3151 damnabili
978 3107 1045 3152 se
1112 3087 1273 3152 scire
1338 3087 1838 3164 dissimulantes,
1899 3086 2069 3169 quod
2125 3089 2431 3168 martyres
2489 3107 2678 3152 ueros

372 3211 496 3257 non
568 3193 761 3258 faciat
822 3214 1025 3277 poena
1090 3193 1201 3259 sed
1269 3199 1501 3260 causa?
1568 3198 1632 3258 et
1696 3195 1816 3258 hoc
1883 3193 2140 3277 quidem
2197 3193 2507 3259 aduersus
2565 3215 2674 3258 eos

374 3298 670 3377 dicerem,
710 3319 869 3382 quos
910 3302 1045 3365 sola
1084 3301 1289 3385 caligo
1328 3302 1632 3365 haeretici
1680 3301 1904 3366 erroris
1953 3301 2330 3375 inuolueret,
2381 3320 2491 3382 pro
2549 3320 2674 3383 quo

374 3405 705 3490 sacrilegio
762 3426 993 3488 poenas
1053 3407 1459 3490 dignissimas
1516 3408 1784 3482 luerent,
1843 3425 1955 3470 nec
2013 3411 2225 3469 tamen
2280 3405 2415 3470 ulla
2460 3425 2676 3487 quem—

374 3533 562 3594 quam
611 3513 889 3576 uiolenta
933 3514 1183 3578 insania
1226 3514 1472 3578 laedere
1521 3514 1843 3578 auderent.
1893 3514 2202 3577 aduersus
2249 3511 2410 3576 istos
2459 3515 2672 3576 autem

550 3703 707 3757 Idem
746 3705 969 3768 codice-9,
1010 3707 1109 3773 qm?
1143 3707 1203 3758 in
1241 3723 1318 3772 cp.
1358 3705 1732 3758 LXXXVII
1765 3711 1815 3757 et
1851 3705 2269 3758 LXXXVIII.

441 3829 477 3882 4
514 3828 855 3899 suspiciendo
894 3829 949 3882 P
1127 3829 1159 3882 S
1199 3828 1468 3882 catholica
1505 3828 1750 3892 ecclesia,
1789 3845 1927 3883 cor-r.
1968 3828 2268 3882 catholicae
2309 3827 2567 3881 ecclesiae
2605 3827 2678 3879 M

444 3917 721 3971 audaciter
760 3918 800 3984 (i
838 3923 982 3987 carp.)
1020 3919 1077 3971 Ρ
1111 3917 1368 3971 audacter
1403 3917 1459 3972 R
1496 3918 1616 3972 edd.
1773 3918 1806 3970 9
1849 3919 2062 3972 cessant
2098 3918 2170 3970 M
2203 3922 2360 3985 (corr.
2401 3921 2668 3978 cessaent)

370 4006 481 4061 FA
626 4011 887 4076 quantum
926 4007 1037 4060 ΕΑ
1150 4007 1215 4061 10
1252 4007 1499 4069 ucritem‚
1537 4012 1661 4060 md?
1697 4006 1985 4060 ueritatem
2023 4007 2079 4058 P
2187 4007 2246 4059 11
2289 4005 2583 4058 manifesta
2619 4003 2679 4056 F

375 4098 442 4150 14
477 4097 875 4166 insuperabilis,
914 4113 1053 4150 corr.
1091 4097 1208 4152 uid.
1247 4096 1639 4164 insuperabiles
1678 4097 1752 4149 M
1881 4098 1945 4148 15
1986 4099 2250 4149 conantur
2285 4094 2358 4146 M
2499 4109 2669 4162 quan-

370 4189 483 4238 tam
518 4186 645 4239 MR
791 4186 1099 4239 constantia
1137 4184 1196 4237 10
1324 4187 1387 4239 16
1428 4184 1559 4238 deus
1598 4185 1658 4237 F
1797 4184 2010 4254 placere
2049 4201 2105 4236 se
2145 4182 2265 4237 edd.
2404 4183 2470 4235 19
2511 4185 2566 4234 et
2601 4181 2676 4233 M

370 4277 435 4327 21
479 4275 789 4328 cohertione
826 4275 881 4329 R
962 4273 1032 4328 22
1071 4275 1355 4328 cecitatem
1396 4274 1519 4326 MA
1602 4275 1671 4328 23
1712 4273 2116 4327 dissimulantes
2155 4289 2256 4327 om..
2296 4272 2351 4327 R
2425 4273 2492 4326 26
2521 4270 2672 4324 nulla

370 4364 607 4418 MFAR
713 4364 780 4417 27
820 4362 1087 4418 uiolentia
1122 4364 1193 4416 M
1336 4368 1513 4418 autem
1552 4363 1689 4418 istos
1727 4363 1847 4418 edd.

2487 4466 2588 4520 ⁶27*
