3184 4959
444 451 575 513 412
1166 448 1219 502 S.
1275 447 1548 502 Aureli
1605 447 2038 518 Augustini

444 643 701 707 minas
784 643 1007 728 regis
1092 645 1171 706 et
1254 642 1446 706 iram
1530 640 1816 708 leonis,
1909 641 2282 707 Danihelem
2368 643 2747 708 calumniosi

444 751 683 814 inimici
750 750 809 812 in
886 750 1093 812 lacum
1168 749 1423 813 leonum
1492 749 1665 812 mitti
1729 753 2100 834 coegerunt3
2165 749 2326 814 uicit-
2385 749 2750 816 innocentia

446 859 582 922 eius
649 856 904 922 illorum
958 855 1297 930 malitiam3
1362 855 1646 920 inlaesus
1704 855 1850 920 inde
1904 854 2161 920 leuatus
2219 861 2346 933 est;
2410 858 2535 941 ipsi
2590 857 2746 923 illuc

444 964 627 1030 missi
681 963 1021 1046 perierunt.
1088 961 1385 1026 similiter
1440 961 1712 1027 maiores
1767 962 1968 1026 uestri
2019 961 2446 1028 Caecilianum
2497 968 2562 1030 et
2607 965 2746 1029 eius

446 1071 816 1138 societatem
882 1069 1093 1154 rogiae
1154 1068 1283 1134 irae
1340 1067 1832 1134 consumendam
1891 1069 2278 1145 obiecerunt,
2335 1071 2518 1136 cuius
2575 1071 2746 1135 inno·
2811 1097 2836 1134 ε.

448 1177 655 1241 centia
715 1175 981 1239 liberata
1038 1173 1115 1238 ab
1175 1173 1412 1238 eisdem
1470 1173 1729 1257 regibus
1785 1173 2001 1240 eadem
2059 1193 2176 1240 uos
2225 1176 2538 1260 patimini,
2587 1198 2746 1260 quae

445 1284 594 1347 illos
642 1282 842 1348 uestri
881 1282 1013 1364 pati
1052 1281 1419 1358 uoluerunt,
1460 1280 1761 1363 quoniam
1800 1281 2108 1364 scriptum
2147 1285 2273 1350 est:
2324 1282 2472 1363 Qui
2520 1289 2750 1366 parat

446 1389 805 1473 proximo
852 1388 1195 1465 foueam,
1242 1387 1420 1470 ipse
1468 1385 1789 1452 incidet
1831 1387 1907 1452 in
1955 1407 2140 1454 eam.

536 1497 631 1560 De
691 1495 871 1560 nobis
930 1513 1079 1578 ergo
1138 1493 1295 1576 quid
1339 1493 1715 1576 queramini,
1763 1513 1886 1559 non
1935 1495 2130 1560 habes
2182 1499 2247 1561 et
2293 1500 2501 1560 tamen
2551 1497 2748 1562 eccle-

449 1605 579 1669 siae
637 1599 1057 1666 mansuetudo
1115 1599 1304 1664 etiam
1362 1599 1440 1664 ab
1480 1599 1600 1665 .his
1654 1600 2108 1683 imperatorum
2164 1602 2558 1668 iussionibus
2618 1623 2746 1669 om-
2789 1630 2837 1668 ιο

448 1711 591 1776 nino
660 1707 1127 1790 conquieuerat‚
1196 1705 1320 1770 nisi
1384 1706 1585 1771 uestri
1647 1706 1860 1770 clerici
1921 1711 1986 1772 et
2033 1707 2592 1796 Circumcelliones
2639 1731 2752 1794 per

448 1836 597 1883 suas
642 1813 1138 1880 immanissimas
1184 1813 1603 1897 inprobitates
1650 1815 2053 1898 furiosasque
2091 1816 2429 1881 uiolentias
2469 1817 2748 1900 quietem

450 1927 729 1988 nostram
794 1921 1232 2006 perturbantes
1299 1924 1491 2003 atque
1556 1924 1888 1986 uastantes
1949 1921 2104 1987 haec
2161 1923 2222 1986 in
2272 1942 2389 1989 uos
2444 1925 2637 1989 recoli
2685 1929 2752 1987 et

450 2028 697 2094 moueri
760 2024 1138 2110 coegissent.
1206 2045 1353 2092 nam
1408 2027 1586 2109 prius
1648 2046 1838 2109 quam
1893 2029 2276 2094 recentiores
2332 2031 2512 2114 leges
2565 2031 2748 2106 istae,

454 2137 529 2200 de
586 2134 819 2218 quibus
876 2131 1063 2198 modo
1123 2133 1481 2216 querimini,
1536 2133 1866 2199 uenissent
1919 2135 1983 2200 in
2030 2136 2327 2213 Africam,
2376 2137 2638 2202 insidias
2687 2137 2749 2201 in
2788 2161 2842 2204 ιε»

453 2242 784 2308 itineribus
849 2240 1085 2306 nostris
1152 2239 1467 2324 episcopis
1545 2240 1965 2318 tetenderunt,
2041 2242 2426 2308 conclericos
2501 2248 2750 2309 nostros

454 2350 659 2435 plagis
726 2348 1207 2413 immanissimis
1276 2350 1759 2431 quassauerunt,
1827 2349 2009 2414 laicis
2075 2367 2326 2434 quoque
2393 2355 2458 2416 ct
2525 2353 2748 2435 plagas

456 2456 871 2543 grauissimas
916 2454 1275 2520 inflixerunt
1323 2458 1385 2520 et
1432 2454 1786 2520 intulerunt
1831 2473 2046 2520 eorum
2093 2456 2396 2522 aedificiis
2441 2459 2748 2524 incendia.

452 2565 890 2648 presbyterum
940 2562 1131 2626 etiam
1179 2561 1512 2649 quendam,
1562 2561 1713 2642 quia
1756 2563 2008 2644 propria
2055 2565 2120 2628 et
2164 2564 2364 2628 libera
2417 2567 2748 2630 uoluntate

452 2671 761 2736 unitatem
830 2673 1078 2736 nostrae
1144 2667 1610 2732 communionis
1679 2667 1896 2752 elegit,
1957 2668 2032 2733 de
2089 2669 2278 2736 domo
2333 2689 2454 2736 sua
2495 2674 2748 2753 raptum
2786 2696 2840 2735 ιο

454 2783 519 2844 et
581 2797 695 2861 pro
762 2776 1019 2842 arbitrio
1078 2774 1437 2839 immaniter
1492 2793 1768 2851 caesum,
1825 2775 1890 2839 in
1939 2776 2194 2859 gurgite
2242 2775 2434 2842 etiam
2483 2796 2749 2844 caenoso

454 2887 837 2960 uolutatum,
905 2882 1075 2947 buda
1136 2881 1447 2946 uestitum
1512 2899 1658 2945 cum
1723 2881 2106 2964 quibusdam
2179 2882 2540 2962 dolendum,
2616 2885 2752 2968 qui-

452 2990 723 3058 busdam
770 2989 1099 3056 ridendum
1149 2987 1211 3050 in
1260 3005 1491 3071 pompa
1538 2987 1638 3052 sui
1686 2987 1986 3054 facinoris
2025 2992 2480 3072 ostentassent,
2517 2991 2752 3056 abduc-

452 3104 589 3163 tum
674 3096 839 3175 inde,
925 3113 1049 3178 quo
1128 3095 1489 3173 uoluerunt,
1568 3095 1674 3159 uix
1747 3097 1896 3177 post
1961 3095 2100 3160 dies
2163 3096 2288 3160 XII
2353 3095 2748 3161 dimiserunt.

452 3204 619 3269 unde
668 3207 1017 3268 conuentus
1066 3200 1560 3284 municipalibus
1611 3201 1812 3285 gestis
1853 3221 1890 3266 a
1927 3205 2142 3268 nostro
2181 3203 2480 3286 episcopo
2518 3203 2752 3268 Procu·
2789 3227 2844 3270 ευ

632 3483 663 3534 7
703 3480 865 3534 Eccli.
906 3481 992 3544 27,
1032 3482 1099 3534 29

522 3642 555 3694 2
596 3639 771 3700 mitte,
810 3655 879 3692 m.
903 3640 944 3691 2
978 3637 1195 3693 mittere
1234 3638 1309 3692 M
1428 3641 1460 3693 3
1498 3638 1728 3699 malitia,
1765 3657 1835 3694 m.
1859 3643 1898 3694 2
1933 3639 2146 3694 malitia
2183 3639 2238 3694 P
2367 3643 2404 3694 4
2439 3641 2574 3704 iens,
2611 3657 2748 3695 corr.

450 3747 517 3784 m.
539 3734 568 3781 1
606 3728 721 3781 eius
758 3725 831 3780 M
954 3731 987 3782 5
1024 3727 1344 3782 abiecerunt
1380 3727 1452 3782 M
1574 3729 1608 3782 6
1645 3727 1907 3798 patemiui
1945 3727 2020 3782 M
2052 3729 2340 3798 paciemini
2377 3730 2434 3784 A
2541 3729 2576 3783 8
2612 3729 2747 3784 inci-

453 3817 536 3871 dit
570 3815 703 3870 MF
804 3816 837 3869 9
876 3815 1021 3886 quod
1056 3816 1179 3870 edd.
1210 3823 1492 3886 praetera
1637 3815 1852 3870 habetis
1890 3815 1944 3869 P
1979 3815 2098 3873 edd.
2257 3817 2540 3888 ecclesiae]
2578 3817 2747 3874 eccle-

452 3908 565 3960 siae
604 3905 903 3960 catholicae
939 3905 995 3958 P
1028 3905 1151 3960 edd.
1303 3908 1367 3961 10
1404 3906 1472 3960 ab
1510 3907 1616 3976 his]
1657 3905 1796 3960 albis
1833 3907 1887 3960 A
2035 3907 2096 3960 11
2141 3907 2588 3962 circumcellionis
2625 3906 2750 3962 MA

454 3995 521 4048 14
557 3992 765 4048 moneri
802 3993 939 4060 aes
965 3994 1213 4048 renouari
1242 4011 1295 4048 m
1406 3996 1473 4049 16
1511 3994 1862 4048 cumclericos
1893 3997 1948 4048 A
2062 3995 2123 4048 17
2165 3999 2222 4049 et
2258 4011 2376 4064 exp.
2406 3996 2463 4049 P
2570 3995 2636 4050 18
2664 3996 2746 4048 in-

452 4081 717 4136 fluxerunt
748 4081 825 4134 M
950 4083 1017 4136 19
1055 4098 1179 4153 qun.
1216 4099 1285 4135 m.
1308 4085 1347 4136 2
1384 4083 1511 4151 quia
1546 4082 1622 4136 M
1737 4082 1808 4136 22
1846 4083 2182 4138 nolu-tatum
2220 4083 2277 4136 P
2307 4085 2666 4152 uolunta-tum·
2691 4085 2748 4153 (n

452 4173 594 4238 exp.)
630 4168 692 4222 F
725 4170 1067 4238 uoluptatum
1106 4170 1179 4222 M
1338 4169 1485 4224 buda
1522 4170 1790 4225 uestitum
1828 4172 1890 4225 in
1919 4171 2040 4240 fine
2075 4189 2130 4226 u.
2169 4187 2272 4228 om.
2313 4175 2368 4226 A
2513 4172 2582 4227 23
2621 4177 2751 4226 ante

450 4257 735 4312 ridendum
769 4273 883 4314 ras.
924 4261 1076 4312 2-3
1116 4259 1149 4314 Ζ.
1188 4257 1251 4312 F
1405 4259 1479 4313 im
1518 4276 1718 4330 pompa
1752 4259 1809 4314 P
1991 4263 2059 4316 24
2099 4278 2206 4332 quo
2245 4278 2348 4317 om.
2387 4261 2441 4314 A
2613 4259 2747 4314 duo-

454 4347 625 4401 decim
664 4347 783 4400 edd.
932 4346 1265 4402 demiserunt
1299 4347 1361 4402 F
1464 4349 1531 4402 25
1570 4351 1875 4404 nostrorum
1917 4351 1972 4404 A
2115 4349 2504 4404 Proculeianus
2541 4365 2596 4404 m
