<?xml version="1.0" encoding="UTF-8"?>
<!DOCTYPE html PUBLIC "-//W3C//DTD XHTML 1.0 Transitional//EN"
    "http://www.w3.org/TR/xhtml1/DTD/xhtml1-transitional.dtd">
<html xmlns="http://www.w3.org/1999/xhtml" xml:lang="en" lang="en">
 <head>
  <title>
</title>
<meta http-equiv="Content-Type" content="text/html;charset=utf-8" />
  <meta name='ocr-system' content='tesseract 3.04.00' />
  <meta name='ocr-capabilities' content='ocr_page ocr_carea ocr_par ocr_line ocrx_word'/>
</head>
<body>
  <div class='ocr_page' id='page_1' title='image "./corpusscriptoru26wiengoog_0142.png"; bbox 0 0 3184 4959; ppageno 0'>
   <div class='ocr_carea' id='block_1_1' title="bbox 465 382 2059 454">
    <p class='ocr_par' dir='ltr' id='par_1_1' title="bbox 465 382 2059 454">
     <span class='ocr_line' id='line_1_1' title="bbox 465 382 2059 454; baseline -0.009 -3"><span class='ocrx_word' id='word_1_1' title='bbox 465 387 592 452; x_wconf 85' lang='lat'><strong>132</strong></span> <span class='ocrx_word' id='word_1_2' title='bbox 1178 383 1230 438; x_wconf 88' lang='lat' dir='ltr'><strong>S.</strong></span> <span class='ocrx_word' id='word_1_3' title='bbox 1287 383 1566 444; x_wconf 78' lang='lat' dir='ltr'>Aureli</span> <span class='ocrx_word' id='word_1_4' title='bbox 1618 382 2059 454; x_wconf 75' lang='lat' dir='ltr'><strong>Augustini</strong></span> 
     </span>
    </p>
   </div>
   <div class='ocr_carea' id='block_1_2' title="bbox 382 575 2878 3009">
    <p class='ocr_par' dir='ltr' id='par_1_2' title="bbox 382 575 2878 3009">
     <span class='ocr_line' id='line_1_2' title="bbox 382 575 2764 662; baseline 0.003 -23"><span class='ocrx_word' id='word_1_5' title='bbox 382 575 423 639; x_wconf 88' lang='lat'><strong>3</strong></span> <span class='ocrx_word' id='word_1_6' title='bbox 559 579 724 644; x_wconf 88' lang='lat' dir='ltr'><strong>Item</strong></span> <span class='ocrx_word' id='word_1_7' title='bbox 773 578 830 644; x_wconf 86' lang='lat' dir='ltr'><strong>si</strong></span> <span class='ocrx_word' id='word_1_8' title='bbox 880 577 956 643; x_wconf 91' lang='lat' dir='ltr'><strong>de</strong></span> <span class='ocrx_word' id='word_1_9' title='bbox 1005 596 1148 644; x_wconf 85' lang='lat' dir='ltr'><strong>area</strong></span> <span class='ocrx_word' id='word_1_10' title='bbox 1193 578 1301 644; x_wconf 90' lang='lat' dir='ltr'><strong>uel</strong></span> <span class='ocrx_word' id='word_1_11' title='bbox 1347 577 1647 644; x_wconf 78' lang='lat' dir='ltr'>torculari</span> <span class='ocrx_word' id='word_1_12' title='bbox 1702 578 1969 645; x_wconf 85' lang='lat' dir='ltr'><strong>tollatur</strong></span> <span class='ocrx_word' id='word_1_13' title='bbox 2024 577 2265 662; x_wconf 81' lang='lat' dir='ltr'><strong>aliquid</strong></span> <span class='ocrx_word' id='word_1_14' title='bbox 2320 579 2399 649; x_wconf 85' lang='lat' dir='ltr'><strong>ad</strong></span> <span class='ocrx_word' id='word_1_15' title='bbox 2453 579 2764 646; x_wconf 84' lang='lat' dir='ltr'><strong>sacrificia</strong></span> 
     </span>
     <span class='ocr_line' id='line_1_3' title="bbox 469 684 2762 768; baseline -0.001 -16"><span class='ocrx_word' id='word_1_16' title='bbox 469 685 943 752; x_wconf 81' lang='lat' dir='ltr'><strong>daemoniorum</strong></span> <span class='ocrx_word' id='word_1_17' title='bbox 990 685 1232 750; x_wconf 87' lang='lat' dir='ltr'><strong>sciente</strong></span> <span class='ocrx_word' id='word_1_18' title='bbox 1281 684 1663 764; x_wconf 86' lang='lat' dir='ltr'><strong>Christiano,</strong></span> <span class='ocrx_word' id='word_1_19' title='bbox 1704 684 1843 750; x_wconf 90' lang='lat' dir='ltr'><strong>ideo</strong></span> <span class='ocrx_word' id='word_1_20' title='bbox 1879 688 2125 768; x_wconf 85' lang='lat' dir='ltr'><strong>peccat,</strong></span> <span class='ocrx_word' id='word_1_21' title='bbox 2166 685 2221 751; x_wconf 89' lang='lat' dir='ltr'><strong>si</strong></span> <span class='ocrx_word' id='word_1_22' title='bbox 2258 685 2393 750; x_wconf 88' lang='lat' dir='ltr'><strong>fieri</strong></span> <span class='ocrx_word' id='word_1_23' title='bbox 2427 686 2762 768; x_wconf 82' lang='lat' dir='ltr'><strong>permittit,</strong></span> 
     </span>
     <span class='ocr_line' id='line_1_4' title="bbox 467 789 2763 876; baseline 0 -18"><span class='ocrx_word' id='word_1_24' title='bbox 467 791 580 860; x_wconf 90' lang='lat' dir='ltr'><strong>ubi</strong></span> <span class='ocrx_word' id='word_1_25' title='bbox 605 791 978 876; x_wconf 86' lang='lat' dir='ltr'><strong>prohibendi</strong></span> <span class='ocrx_word' id='word_1_26' title='bbox 1006 793 1292 874; x_wconf 83' lang='lat' dir='ltr'><strong>potestas</strong></span> <span class='ocrx_word' id='word_1_27' title='bbox 1321 795 1436 858; x_wconf 89' lang='lat' dir='ltr'><strong>est.</strong></span> <span class='ocrx_word' id='word_1_28' title='bbox 1476 789 1647 874; x_wconf 90' lang='lat' dir='ltr'><strong>quod</strong></span> <span class='ocrx_word' id='word_1_29' title='bbox 1684 790 1741 858; x_wconf 84' lang='lat' dir='ltr'><strong>si</strong></span> <span class='ocrx_word' id='word_1_30' title='bbox 1777 791 2019 856; x_wconf 85' lang='lat' dir='ltr'><strong>factum</strong></span> <span class='ocrx_word' id='word_1_31' title='bbox 2059 793 2370 876; x_wconf 85' lang='lat' dir='ltr'><strong>comperit</strong></span> <span class='ocrx_word' id='word_1_32' title='bbox 2408 797 2521 858; x_wconf 88' lang='lat' dir='ltr'><strong>aut</strong></span> <span class='ocrx_word' id='word_1_33' title='bbox 2553 793 2763 876; x_wconf 83' lang='lat' dir='ltr'><strong>prohi-</strong></span> 
     </span>
     <span class='ocr_line' id='line_1_5' title="bbox 467 897 2763 983; baseline 0.001 -19"><span class='ocrx_word' id='word_1_34' title='bbox 467 897 658 966; x_wconf 88' lang='lat' dir='ltr'><strong>bendi</strong></span> <span class='ocrx_word' id='word_1_35' title='bbox 701 901 1086 981; x_wconf 83' lang='lat' dir='ltr'><strong>potestatem</strong></span> <span class='ocrx_word' id='word_1_36' title='bbox 1133 915 1254 963; x_wconf 90' lang='lat' dir='ltr'><strong>non</strong></span> <span class='ocrx_word' id='word_1_37' title='bbox 1301 897 1546 976; x_wconf 83' lang='lat' dir='ltr'><strong>habuit,</strong></span> <span class='ocrx_word' id='word_1_38' title='bbox 1593 898 1799 965; x_wconf 84' lang='lat' dir='ltr'><strong>utitur</strong></span> <span class='ocrx_word' id='word_1_39' title='bbox 1834 897 2087 966; x_wconf 84' lang='lat' dir='ltr'><strong>mundis</strong></span> <span class='ocrx_word' id='word_1_40' title='bbox 2123 899 2387 983; x_wconf 87' lang='lat' dir='ltr'><strong>reliquis</strong></span> <span class='ocrx_word' id='word_1_41' title='bbox 2425 900 2763 981; x_wconf 85' lang='lat' dir='ltr'><strong>fructibus,</strong></span> 
     </span>
     <span class='ocr_line' id='line_1_6' title="bbox 467 1003 2848 1090; baseline 0.001 -18"><span class='ocrx_word' id='word_1_42' title='bbox 467 1005 637 1073; x_wconf 85' lang='lat' dir='ltr'><strong>unde</strong></span> <span class='ocrx_word' id='word_1_43' title='bbox 709 1005 824 1070; x_wconf 81' lang='lat' dir='ltr'><strong>illa</strong></span> <span class='ocrx_word' id='word_1_44' title='bbox 901 1005 1156 1070; x_wconf 80' lang='lat' dir='ltr'><strong>sublata</strong></span> <span class='ocrx_word' id='word_1_45' title='bbox 1231 1007 1400 1082; x_wconf 86' lang='lat' dir='ltr'><strong>sunt,</strong></span> <span class='ocrx_word' id='word_1_46' title='bbox 1476 1005 1645 1070; x_wconf 85' lang='lat' dir='ltr'><strong>sicut</strong></span> <span class='ocrx_word' id='word_1_47' title='bbox 1715 1003 2001 1090; x_wconf 82' lang='lat' dir='ltr'><strong>fontibus</strong></span> <span class='ocrx_word' id='word_1_48' title='bbox 2064 1005 2325 1084; x_wconf 87' lang='lat' dir='ltr'><strong>utimur,</strong></span> <span class='ocrx_word' id='word_1_49' title='bbox 2390 1007 2468 1074; x_wconf 89' lang='lat' dir='ltr'><strong>de</strong></span> <span class='ocrx_word' id='word_1_50' title='bbox 2531 1008 2763 1090; x_wconf 89' lang='lat' dir='ltr'><strong>quibus</strong></span> <span class='ocrx_word' id='word_1_51' title='bbox 2822 1025 2848 1066; x_wconf 81' lang='lat'>⁵</span> 
     </span>
     <span class='ocr_line' id='line_1_7' title="bbox 472 1111 2766 1196; baseline 0.001 -20"><span class='ocrx_word' id='word_1_52' title='bbox 472 1111 710 1178; x_wconf 84' lang='lat' dir='ltr'><strong>hauriri</strong></span> <span class='ocrx_word' id='word_1_53' title='bbox 749 1131 980 1196; x_wconf 79' lang='lat' dir='ltr'><strong>aquam</strong></span> <span class='ocrx_word' id='word_1_54' title='bbox 1015 1111 1094 1178; x_wconf 82' lang='lat' dir='ltr'><strong>ad</strong></span> <span class='ocrx_word' id='word_1_55' title='bbox 1130 1130 1322 1180; x_wconf 86' lang='lat' dir='ltr'><strong>usum</strong></span> <span class='ocrx_word' id='word_1_56' title='bbox 1361 1111 1815 1180; x_wconf 79' lang='lat' dir='ltr'><strong>sacrificiorum</strong></span> <span class='ocrx_word' id='word_1_57' title='bbox 1856 1112 2209 1180; x_wconf 84' lang='lat' dir='ltr'><strong>certissime</strong></span> <span class='ocrx_word' id='word_1_58' title='bbox 2244 1114 2506 1180; x_wconf 86' lang='lat' dir='ltr'><strong>scimus.</strong></span> <span class='ocrx_word' id='word_1_59' title='bbox 2546 1114 2766 1182; x_wconf 85' lang='lat' dir='ltr'><strong>eadem</strong></span> 
     </span>
     <span class='ocr_line' id='line_1_8' title="bbox 475 1219 2767 1304; baseline 0 -19"><span class='ocrx_word' id='word_1_60' title='bbox 475 1223 574 1286; x_wconf 89' lang='lat' dir='ltr'><strong>est</strong></span> <span class='ocrx_word' id='word_1_61' title='bbox 629 1219 820 1285; x_wconf 78' lang='lat' dir='ltr'><strong>etiam</strong></span> <span class='ocrx_word' id='word_1_62' title='bbox 877 1219 1038 1284; x_wconf 81' lang='lat' dir='ltr'><strong>ratio</strong></span> <span class='ocrx_word' id='word_1_63' title='bbox 1101 1220 1525 1284; x_wconf 78' lang='lat' dir='ltr'><strong>lauacrorum.</strong></span> <span class='ocrx_word' id='word_1_64' title='bbox 1588 1237 1794 1302; x_wconf 88' lang='lat' dir='ltr'><strong>neque</strong></span> <span class='ocrx_word' id='word_1_65' title='bbox 1858 1219 2027 1284; x_wconf 89' lang='lat' dir='ltr'><strong>enim</strong></span> <span class='ocrx_word' id='word_1_66' title='bbox 2094 1220 2391 1304; x_wconf 84' lang='lat' dir='ltr'><strong>spiritum</strong></span> <span class='ocrx_word' id='word_1_67' title='bbox 2456 1221 2767 1288; x_wconf 77' lang='lat' dir='ltr'><strong>deducere</strong></span> 
     </span>
     <span class='ocr_line' id='line_1_9' title="bbox 475 1325 2767 1408; baseline 0 -17"><span class='ocrx_word' id='word_1_68' title='bbox 475 1326 552 1392; x_wconf 88' lang='lat' dir='ltr'><strong>de</strong></span> <span class='ocrx_word' id='word_1_69' title='bbox 599 1345 740 1392; x_wconf 79' lang='lat' dir='ltr'><strong>aere</strong></span> <span class='ocrx_word' id='word_1_70' title='bbox 789 1325 1180 1404; x_wconf 72' lang='lat' dir='ltr'><strong>dubitemne,</strong></span> <span class='ocrx_word' id='word_1_71' title='bbox 1228 1325 1292 1390; x_wconf 89' lang='lat' dir='ltr'><strong>in</strong></span> <span class='ocrx_word' id='word_1_72' title='bbox 1340 1343 1529 1408; x_wconf 90' lang='lat' dir='ltr'><strong>quem</strong></span> <span class='ocrx_word' id='word_1_73' title='bbox 1579 1325 1819 1391; x_wconf 87' lang='lat' dir='ltr'><strong>scimus</strong></span> <span class='ocrx_word' id='word_1_74' title='bbox 1865 1325 1957 1391; x_wconf 89' lang='lat' dir='ltr'><strong>ire</strong></span> <span class='ocrx_word' id='word_1_75' title='bbox 2001 1326 2247 1398; x_wconf 84' lang='lat' dir='ltr'><strong>fumum</strong></span> <span class='ocrx_word' id='word_1_76' title='bbox 2295 1347 2367 1396; x_wconf 83' lang='lat' dir='ltr'><strong>ex</strong></span> <span class='ocrx_word' id='word_1_77' title='bbox 2405 1327 2531 1395; x_wconf 82' lang='lat' dir='ltr'><strong>aris</strong></span> <span class='ocrx_word' id='word_1_78' title='bbox 2570 1329 2767 1395; x_wconf 85' lang='lat' dir='ltr'><strong>omni·</strong></span> 
     </span>
     <span class='ocr_line' id='line_1_10' title="bbox 473 1432 2771 1517; baseline 0 -19"><span class='ocrx_word' id='word_1_79' title='bbox 473 1433 597 1498; x_wconf 88' lang='lat' dir='ltr'><strong>bus</strong></span> <span class='ocrx_word' id='word_1_80' title='bbox 647 1436 712 1498; x_wconf 87' lang='lat' dir='ltr'><strong>et</strong></span> <span class='ocrx_word' id='word_1_81' title='bbox 755 1432 1034 1500; x_wconf 80' lang='lat' dir='ltr'><strong>incensis</strong></span> <span class='ocrx_word' id='word_1_82' title='bbox 1083 1432 1579 1498; x_wconf 85' lang='lat' dir='ltr'><strong>daemoniorum.</strong></span> <span class='ocrx_word' id='word_1_83' title='bbox 1636 1432 1805 1499; x_wconf 89' lang='lat' dir='ltr'><strong>unde</strong></span> <span class='ocrx_word' id='word_1_84' title='bbox 1852 1436 2113 1517; x_wconf 83' lang='lat' dir='ltr'><strong>apparet</strong></span> <span class='ocrx_word' id='word_1_85' title='bbox 2156 1433 2319 1500; x_wconf 90' lang='lat' dir='ltr'><strong>illud</strong></span> <span class='ocrx_word' id='word_1_86' title='bbox 2366 1452 2509 1499; x_wconf 90' lang='lat' dir='ltr'><strong>esse</strong></span> <span class='ocrx_word' id='word_1_87' title='bbox 2562 1432 2771 1516; x_wconf 74' lang='lat' dir='ltr'><strong>prohi-</strong></span> 
     </span>
     <span class='ocr_line' id='line_1_11' title="bbox 474 1538 2858 1623; baseline -0.001 -16"><span class='ocrx_word' id='word_1_88' title='bbox 474 1539 703 1618; x_wconf 88' lang='lat' dir='ltr'><strong>bitum,</strong></span> <span class='ocrx_word' id='word_1_89' title='bbox 769 1557 848 1604; x_wconf 87' lang='lat' dir='ltr'><strong>ne</strong></span> <span class='ocrx_word' id='word_1_90' title='bbox 909 1539 972 1604; x_wconf 88' lang='lat' dir='ltr'><strong>in</strong></span> <span class='ocrx_word' id='word_1_91' title='bbox 1036 1538 1338 1606; x_wconf 88' lang='lat' dir='ltr'><strong>honor-em</strong></span> <span class='ocrx_word' id='word_1_92' title='bbox 1405 1539 1754 1604; x_wconf 85' lang='lat' dir='ltr'><strong>alienorum</strong></span> <span class='ocrx_word' id='word_1_93' title='bbox 1809 1539 2069 1606; x_wconf 89' lang='lat' dir='ltr'><strong>deorum</strong></span> <span class='ocrx_word' id='word_1_94' title='bbox 2127 1539 2339 1623; x_wconf 77' lang='lat' dir='ltr'><strong>aliqua</strong></span> <span class='ocrx_word' id='word_1_95' title='bbox 2391 1559 2459 1605; x_wconf 90' lang='lat' dir='ltr'><strong>re</strong></span> <span class='ocrx_word' id='word_1_96' title='bbox 2515 1543 2772 1608; x_wconf 80' lang='lat' dir='ltr'><strong>utemur</strong></span> <span class='ocrx_word' id='word_1_97' title='bbox 2808 1564 2858 1604; x_wconf 84' lang='grc' dir='ltr'><strong>ιο</strong></span> 
     </span>
     <span class='ocr_line' id='line_1_12' title="bbox 479 1645 2769 1730; baseline 0 -18"><span class='ocrx_word' id='word_1_98' title='bbox 479 1649 592 1712; x_wconf 84' lang='lat' dir='ltr'><strong>aut</strong></span> <span class='ocrx_word' id='word_1_99' title='bbox 643 1647 738 1711; x_wconf 85' lang='lat' dir='ltr'><strong>uti</strong></span> <span class='ocrx_word' id='word_1_100' title='bbox 795 1645 1229 1712; x_wconf 81' lang='lat' dir='ltr'><strong>existimemur</strong></span> <span class='ocrx_word' id='word_1_101' title='bbox 1283 1645 1376 1712; x_wconf 87' lang='lat' dir='ltr'><strong>sic</strong></span> <span class='ocrx_word' id='word_1_102' title='bbox 1433 1665 1569 1712; x_wconf 81' lang='lat' dir='ltr'><strong>eam</strong></span> <span class='ocrx_word' id='word_1_103' title='bbox 1628 1645 2012 1730; x_wconf 85' lang='lat' dir='ltr'><strong>accipiendo,</strong></span> <span class='ocrx_word' id='word_1_104' title='bbox 2068 1650 2163 1726; x_wconf 84' lang='lat' dir='ltr'><strong>ut,</strong></span> <span class='ocrx_word' id='word_1_105' title='bbox 2220 1647 2515 1729; x_wconf 79' lang='lat' dir='ltr'><strong>quamuis</strong></span> <span class='ocrx_word' id='word_1_106' title='bbox 2562 1646 2769 1712; x_wconf 75' lang='lat' dir='ltr'><strong>animo</strong></span> 
     </span>
     <span class='ocr_line' id='line_1_13' title="bbox 479 1752 2771 1838; baseline -0.001 -18"><span class='ocrx_word' id='word_1_107' title='bbox 479 1755 976 1830; x_wconf 75' lang='lat' dir='ltr'><strong>contemnamus,</strong></span> <span class='ocrx_word' id='word_1_108' title='bbox 1034 1772 1140 1820; x_wconf 88' lang='lat' dir='ltr'><strong>eos</strong></span> <span class='ocrx_word' id='word_1_109' title='bbox 1195 1757 1429 1830; x_wconf 86' lang='lat' dir='ltr'><strong>tamen,</strong></span> <span class='ocrx_word' id='word_1_110' title='bbox 1487 1752 1597 1837; x_wconf 88' lang='lat' dir='ltr'><strong>qui</strong></span> <span class='ocrx_word' id='word_1_111' title='bbox 1653 1757 1941 1824; x_wconf 87' lang='lat' dir='ltr'><strong>nostrum</strong></span> <span class='ocrx_word' id='word_1_112' title='bbox 1998 1753 2277 1820; x_wconf 82' lang='lat' dir='ltr'><strong>animum</strong></span> <span class='ocrx_word' id='word_1_113' title='bbox 2333 1754 2645 1838; x_wconf 73' lang='lat' dir='ltr'><strong>ignorant,</strong></span> <span class='ocrx_word' id='word_1_114' title='bbox 2694 1753 2771 1818; x_wconf 79' lang='lat' dir='ltr'><strong>ed</strong></span> 
     </span>
     <span class='ocr_line' id='line_1_14' title="bbox 480 1858 2773 1942; baseline -0 -16"><span class='ocrx_word' id='word_1_115' title='bbox 480 1861 636 1926; x_wconf 80' lang='lat' dir='ltr'><strong>haec</strong></span> <span class='ocrx_word' id='word_1_116' title='bbox 681 1859 1046 1924; x_wconf 82' lang='lat' dir='ltr'><strong>honoranda</strong></span> <span class='ocrx_word' id='word_1_117' title='bbox 1091 1858 1521 1926; x_wconf 78' lang='lat' dir='ltr'><strong>aedificemus,</strong></span> <span class='ocrx_word' id='word_1_118' title='bbox 1579 1862 1646 1925; x_wconf 91' lang='lat' dir='ltr'><strong>et</strong></span> <span class='ocrx_word' id='word_1_119' title='bbox 1691 1879 1837 1925; x_wconf 88' lang='lat' dir='ltr'><strong>cum</strong></span> <span class='ocrx_word' id='word_1_120' title='bbox 1882 1861 2143 1942; x_wconf 82' lang='lat' dir='ltr'><strong>templa,</strong></span> <span class='ocrx_word' id='word_1_121' title='bbox 2191 1859 2381 1939; x_wconf 80' lang='lat' dir='ltr'><strong>idola,</strong></span> <span class='ocrx_word' id='word_1_122' title='bbox 2428 1861 2561 1926; x_wconf 87' lang='lat' dir='ltr'><strong>luci</strong></span> <span class='ocrx_word' id='word_1_123' title='bbox 2608 1863 2673 1926; x_wconf 89' lang='lat' dir='ltr'><strong>et</strong></span> <span class='ocrx_word' id='word_1_124' title='bbox 2718 1859 2773 1926; x_wconf 89' lang='lat' dir='ltr'><strong>si</strong></span> 
     </span>
     <span class='ocr_line' id='line_1_15' title="bbox 483 1964 2775 2049; baseline -0.001 -19"><span class='ocrx_word' id='word_1_125' title='bbox 483 1965 636 2048; x_wconf 87' lang='lat' dir='ltr'><strong>quid</strong></span> <span class='ocrx_word' id='word_1_126' title='bbox 701 1965 895 2031; x_wconf 86' lang='lat' dir='ltr'><strong>huius</strong></span> <span class='ocrx_word' id='word_1_127' title='bbox 957 1965 1132 2032; x_wconf 91' lang='lat' dir='ltr'><strong>modi</strong></span> <span class='ocrx_word' id='word_1_128' title='bbox 1197 1964 1346 2031; x_wconf 80' lang='lat' dir='ltr'><strong>data</strong></span> <span class='ocrx_word' id='word_1_129' title='bbox 1401 1968 1721 2049; x_wconf 72' lang='lat' dir='ltr'><strong>potestate</strong></span> <span class='ocrx_word' id='word_1_130' title='bbox 1778 1969 2171 2042; x_wconf 81' lang='lat' dir='ltr'><strong>euertuntur,</strong></span> <span class='ocrx_word' id='word_1_131' title='bbox 2229 1965 2524 2048; x_wconf 82' lang='lat' dir='ltr'><strong>quamuis</strong></span> <span class='ocrx_word' id='word_1_132' title='bbox 2578 1966 2775 2030; x_wconf 83' lang='lat' dir='ltr'><strong>mani—</strong></span> 
     </span>
     <span class='ocr_line' id='line_1_16' title="bbox 481 2072 2864 2157; baseline -0.001 -21"><span class='ocrx_word' id='word_1_133' title='bbox 481 2073 716 2138; x_wconf 84' lang='lat' dir='ltr'><strong>festum</strong></span> <span class='ocrx_word' id='word_1_134' title='bbox 773 2075 892 2148; x_wconf 87' lang='lat' dir='ltr'><strong>est,</strong></span> <span class='ocrx_word' id='word_1_135' title='bbox 950 2091 1096 2142; x_wconf 87' lang='lat' dir='ltr'><strong>cum</strong></span> <span class='ocrx_word' id='word_1_136' title='bbox 1143 2072 1210 2136; x_wconf 88' lang='lat' dir='ltr'><strong>id</strong></span> <span class='ocrx_word' id='word_1_137' title='bbox 1255 2072 1528 2157; x_wconf 81' lang='lat' dir='ltr'><strong>agimus,</strong></span> <span class='ocrx_word' id='word_1_138' title='bbox 1575 2091 1699 2138; x_wconf 89' lang='lat' dir='ltr'><strong>non</strong></span> <span class='ocrx_word' id='word_1_139' title='bbox 1748 2091 1821 2137; x_wconf 81' lang='lat' dir='ltr'><strong>ea</strong></span> <span class='ocrx_word' id='word_1_140' title='bbox 1865 2091 1981 2138; x_wconf 89' lang='lat' dir='ltr'><strong>nos</strong></span> <span class='ocrx_word' id='word_1_141' title='bbox 2028 2073 2351 2150; x_wconf 86' lang='lat' dir='ltr'><strong>honorare,</strong></span> <span class='ocrx_word' id='word_1_142' title='bbox 2399 2072 2513 2138; x_wconf 87' lang='lat' dir='ltr'><strong>sed</strong></span> <span class='ocrx_word' id='word_1_143' title='bbox 2556 2072 2773 2154; x_wconf 80' lang='lat' dir='ltr'><strong>potius</strong></span> <span class='ocrx_word' id='word_1_144' title='bbox 2814 2091 2864 2134; x_wconf 69' lang='grc' dir='ltr'><strong>ιε</strong></span> 
     </span>
     <span class='ocr_line' id='line_1_17' title="bbox 485 2175 2777 2262; baseline 0.001 -19"><span class='ocrx_word' id='word_1_145' title='bbox 485 2178 810 2256; x_wconf 85' lang='lat' dir='ltr'><strong>detestari,</strong></span> <span class='ocrx_word' id='word_1_146' title='bbox 865 2177 1008 2244; x_wconf 90' lang='lat' dir='ltr'><strong>ideo</strong></span> <span class='ocrx_word' id='word_1_147' title='bbox 1063 2181 1274 2244; x_wconf 81' lang='lat' dir='ltr'><strong>tamen</strong></span> <span class='ocrx_word' id='word_1_148' title='bbox 1331 2175 1394 2242; x_wconf 88' lang='lat' dir='ltr'><strong>in</strong></span> <span class='ocrx_word' id='word_1_149' title='bbox 1451 2196 1611 2244; x_wconf 89' lang='lat' dir='ltr'><strong>usus</strong></span> <span class='ocrx_word' id='word_1_150' title='bbox 1664 2182 1915 2246; x_wconf 82' lang='lat' dir='ltr'><strong>nostros</strong></span> <span class='ocrx_word' id='word_1_151' title='bbox 1962 2179 2249 2262; x_wconf 84' lang='lat' dir='ltr'><strong>priuatos</strong></span> <span class='ocrx_word' id='word_1_152' title='bbox 2294 2177 2449 2243; x_wconf 92' lang='lat' dir='ltr'><strong>dum</strong></span> <span class='ocrx_word' id='word_1_153' title='bbox 2495 2182 2667 2244; x_wconf 80' lang='lat' dir='ltr'><strong>taxat</strong></span> <span class='ocrx_word' id='word_1_154' title='bbox 2712 2182 2777 2245; x_wconf 87' lang='lat' dir='ltr'><strong>et</strong></span> 
     </span>
     <span class='ocr_line' id='line_1_18' title="bbox 483 2283 2777 2369; baseline 0 -20"><span class='ocrx_word' id='word_1_155' title='bbox 483 2285 772 2368; x_wconf 89' lang='lat' dir='ltr'><strong>proprios</strong></span> <span class='ocrx_word' id='word_1_156' title='bbox 818 2304 940 2352; x_wconf 89' lang='lat' dir='ltr'><strong>non</strong></span> <span class='ocrx_word' id='word_1_157' title='bbox 989 2283 1292 2350; x_wconf 86' lang='lat' dir='ltr'><strong>debemus</strong></span> <span class='ocrx_word' id='word_1_158' title='bbox 1337 2284 1486 2349; x_wconf 91' lang='lat' dir='ltr'><strong>inde</strong></span> <span class='ocrx_word' id='word_1_159' title='bbox 1535 2283 1777 2367; x_wconf 86' lang='lat' dir='ltr'><strong>aliquid</strong></span> <span class='ocrx_word' id='word_1_160' title='bbox 1822 2303 2149 2368; x_wconf 86' lang='lat' dir='ltr'><strong>usurpare,</strong></span> <span class='ocrx_word' id='word_1_161' title='bbox 2198 2287 2274 2350; x_wconf 89' lang='lat' dir='ltr'><strong>ut</strong></span> <span class='ocrx_word' id='word_1_162' title='bbox 2318 2288 2619 2369; x_wconf 80' lang='lat' dir='ltr'><strong>appareat</strong></span> <span class='ocrx_word' id='word_1_163' title='bbox 2661 2303 2777 2350; x_wconf 87' lang='lat' dir='ltr'><strong>nos</strong></span> 
     </span>
     <span class='ocr_line' id='line_1_19' title="bbox 485 2390 2780 2475; baseline 0 -19"><span class='ocrx_word' id='word_1_164' title='bbox 485 2391 720 2475; x_wconf 82' lang='lat' dir='ltr'><strong>pietate</strong></span> <span class='ocrx_word' id='word_1_165' title='bbox 775 2391 904 2458; x_wconf 79' lang='lat' dir='ltr'><strong>ista</strong></span> <span class='ocrx_word' id='word_1_166' title='bbox 957 2390 1304 2468; x_wconf 84' lang='lat' dir='ltr'><strong>destruere,</strong></span> <span class='ocrx_word' id='word_1_167' title='bbox 1360 2410 1484 2456; x_wconf 89' lang='lat' dir='ltr'><strong>non</strong></span> <span class='ocrx_word' id='word_1_168' title='bbox 1541 2391 1832 2456; x_wconf 79' lang='lat' dir='ltr'><strong>auaritia.</strong></span> <span class='ocrx_word' id='word_1_169' title='bbox 1892 2411 2037 2458; x_wconf 89' lang='lat' dir='ltr'><strong>cum</strong></span> <span class='ocrx_word' id='word_1_170' title='bbox 2094 2411 2244 2458; x_wconf 90' lang='lat' dir='ltr'><strong>uero</strong></span> <span class='ocrx_word' id='word_1_171' title='bbox 2292 2392 2355 2456; x_wconf 91' lang='lat' dir='ltr'><strong>in</strong></span> <span class='ocrx_word' id='word_1_172' title='bbox 2403 2411 2562 2458; x_wconf 86' lang='lat' dir='ltr'><strong>usus</strong></span> <span class='ocrx_word' id='word_1_173' title='bbox 2611 2410 2780 2458; x_wconf 86' lang='lat' dir='ltr'><strong>com-</strong></span> 
     </span>
     <span class='ocr_line' id='line_1_20' title="bbox 486 2497 2781 2582; baseline 0.001 -20"><span class='ocrx_word' id='word_1_174' title='bbox 486 2517 732 2577; x_wconf 77' lang='lat' dir='ltr'><strong>muneS,</strong></span> <span class='ocrx_word' id='word_1_175' title='bbox 799 2516 921 2564; x_wconf 88' lang='lat' dir='ltr'><strong>non</strong></span> <span class='ocrx_word' id='word_1_176' title='bbox 987 2497 1275 2582; x_wconf 87' lang='lat' dir='ltr'><strong>proprios</strong></span> <span class='ocrx_word' id='word_1_177' title='bbox 1343 2515 1414 2564; x_wconf 82' lang='lat' dir='ltr'><strong>ac</strong></span> <span class='ocrx_word' id='word_1_178' title='bbox 1477 2499 1787 2580; x_wconf 73' lang='lat' dir='ltr'><strong>priuatoS,</strong></span> <span class='ocrx_word' id='word_1_179' title='bbox 1853 2500 1959 2564; x_wconf 91' lang='lat' dir='ltr'><strong>uel</strong></span> <span class='ocrx_word' id='word_1_180' title='bbox 2013 2499 2076 2564; x_wconf 91' lang='lat' dir='ltr'><strong>in</strong></span> <span class='ocrx_word' id='word_1_181' title='bbox 2132 2500 2433 2564; x_wconf 81' lang='lat' dir='ltr'><strong>honorem</strong></span> <span class='ocrx_word' id='word_1_182' title='bbox 2490 2499 2591 2564; x_wconf 89' lang='lat' dir='ltr'><strong>dei</strong></span> <span class='ocrx_word' id='word_1_183' title='bbox 2646 2499 2781 2564; x_wconf 90' lang='lat' dir='ltr'><strong>ueri</strong></span> 
     </span>
     <span class='ocr_line' id='line_1_21' title="bbox 489 2603 2878 2689; baseline -0.002 -19"><span class='ocrx_word' id='word_1_184' title='bbox 489 2606 967 2682; x_wconf 84' lang='lat' dir='ltr'><strong>conuertuntur,</strong></span> <span class='ocrx_word' id='word_1_185' title='bbox 1022 2604 1144 2669; x_wconf 87' lang='lat' dir='ltr'><strong>hoc</strong></span> <span class='ocrx_word' id='word_1_186' title='bbox 1201 2603 1278 2668; x_wconf 89' lang='lat' dir='ltr'><strong>de</strong></span> <span class='ocrx_word' id='word_1_187' title='bbox 1331 2603 1464 2669; x_wconf 90' lang='lat' dir='ltr'><strong>illis</strong></span> <span class='ocrx_word' id='word_1_188' title='bbox 1510 2603 1604 2681; x_wconf 92' lang='lat' dir='ltr'><strong>fit,</strong></span> <span class='ocrx_word' id='word_1_189' title='bbox 1654 2604 1825 2687; x_wconf 90' lang='lat' dir='ltr'><strong>quod</strong></span> <span class='ocrx_word' id='word_1_190' title='bbox 1872 2605 1947 2670; x_wconf 90' lang='lat' dir='ltr'><strong>de</strong></span> <span class='ocrx_word' id='word_1_191' title='bbox 1993 2605 2155 2689; x_wconf 88' lang='lat' dir='ltr'><strong>ipsis</strong></span> <span class='ocrx_word' id='word_1_192' title='bbox 2202 2603 2589 2683; x_wconf 87' lang='lat' dir='ltr'><strong>hominibus,</strong></span> <span class='ocrx_word' id='word_1_193' title='bbox 2637 2624 2783 2671; x_wconf 89' lang='lat' dir='ltr'><strong>cnm</strong></span> <span class='ocrx_word' id='word_1_194' title='bbox 2823 2625 2878 2666; x_wconf 74' lang='grc' dir='ltr'><strong>εο</strong></span> 
     </span>
     <span class='ocr_line' id='line_1_22' title="bbox 490 2710 2787 2795; baseline 0 -19"><span class='ocrx_word' id='word_1_195' title='bbox 490 2729 562 2776; x_wconf 86' lang='lat' dir='ltr'><strong>ex</strong></span> <span class='ocrx_word' id='word_1_196' title='bbox 621 2710 950 2795; x_wconf 83' lang='lat' dir='ltr'><strong>sacrilegis</strong></span> <span class='ocrx_word' id='word_1_197' title='bbox 1007 2713 1072 2776; x_wconf 85' lang='lat' dir='ltr'><strong>et</strong></span> <span class='ocrx_word' id='word_1_198' title='bbox 1123 2710 1340 2793; x_wconf 88' lang='lat' dir='ltr'><strong>impiis</strong></span> <span class='ocrx_word' id='word_1_199' title='bbox 1401 2711 1462 2776; x_wconf 89' lang='lat' dir='ltr'><strong>in</strong></span> <span class='ocrx_word' id='word_1_200' title='bbox 1531 2729 1747 2779; x_wconf 88' lang='lat' dir='ltr'><strong>ueram</strong></span> <span class='ocrx_word' id='word_1_201' title='bbox 1812 2711 2185 2794; x_wconf 87' lang='lat' dir='ltr'><strong>religionem</strong></span> <span class='ocrx_word' id='word_1_202' title='bbox 2252 2713 2600 2776; x_wconf 85' lang='lat' dir='ltr'><strong>mutantur.</strong></span> <span class='ocrx_word' id='word_1_203' title='bbox 2666 2711 2787 2776; x_wconf 89' lang='lat' dir='ltr'><strong>hoc</strong></span> 
     </span>
     <span class='ocr_line' id='line_1_23' title="bbox 493 2816 2787 2905; baseline -0 -23"><span class='ocrx_word' id='word_1_204' title='bbox 493 2817 650 2882; x_wconf 88' lang='lat' dir='ltr'><strong>deus</strong></span> <span class='ocrx_word' id='word_1_205' title='bbox 693 2816 1089 2901; x_wconf 87' lang='lat' dir='ltr'><strong>intellegitur</strong></span> <span class='ocrx_word' id='word_1_206' title='bbox 1135 2817 1429 2884; x_wconf 82' lang='lat' dir='ltr'><strong>docuisse</strong></span> <span class='ocrx_word' id='word_1_207' title='bbox 1475 2817 1609 2905; x_wconf 83' lang='lat' dir='ltr'><strong>illis</strong></span> <span class='ocrx_word' id='word_1_208' title='bbox 1653 2817 2065 2896; x_wconf 79' lang='lat' dir='ltr'><strong>testimoniis,</strong></span> <span class='ocrx_word' id='word_1_209' title='bbox 2112 2835 2271 2900; x_wconf 82' lang='lat' dir='ltr'><strong>quse</strong></span> <span class='ocrx_word' id='word_1_210' title='bbox 2316 2817 2457 2900; x_wconf 89' lang='lat' dir='ltr'><strong>ipse</strong></span> <span class='ocrx_word' id='word_1_211' title='bbox 2493 2816 2787 2900; x_wconf 85' lang='lat' dir='ltr'><strong>posuisti,</strong></span> 
     </span>
     <span class='ocr_line' id='line_1_24' title="bbox 493 2923 2787 3009; baseline 0 -21"><span class='ocrx_word' id='word_1_212' title='bbox 493 2943 640 2988; x_wconf 88' lang='lat' dir='ltr'><strong>cum</strong></span> <span class='ocrx_word' id='word_1_213' title='bbox 695 2923 774 2990; x_wconf 89' lang='lat' dir='ltr'><strong>dc</strong></span> <span class='ocrx_word' id='word_1_214' title='bbox 826 2923 974 2990; x_wconf 89' lang='lat' dir='ltr'><strong>luco</strong></span> <span class='ocrx_word' id='word_1_215' title='bbox 1031 2924 1380 2989; x_wconf 78' lang='lat' dir='ltr'><strong>alienorum</strong></span> <span class='ocrx_word' id='word_1_216' title='bbox 1439 2924 1701 2990; x_wconf 88' lang='lat' dir='ltr'><strong>deorum</strong></span> <span class='ocrx_word' id='word_1_217' title='bbox 1756 2925 1951 2992; x_wconf 85' lang='lat' dir='ltr'><strong>iussit</strong></span> <span class='ocrx_word' id='word_1_218' title='bbox 1991 2924 2169 3009; x_wconf 78' lang='lat' dir='ltr'><strong>ligna</strong></span> <span class='ocrx_word' id='word_1_219' title='bbox 2216 2924 2295 2989; x_wconf 86' lang='lat' dir='ltr'><strong>ad</strong></span> <span class='ocrx_word' id='word_1_220' title='bbox 2340 2923 2787 2991; x_wconf 83' lang='lat' dir='ltr'><strong>holocaustum</strong></span> 
     </span>
    </p>
   </div>
   <div class='ocr_carea' id='block_1_3' title="bbox 675 3165 1840 3238">
    <p class='ocr_par' dir='ltr' id='par_1_3' title="bbox 675 3165 1840 3238">
     <span class='ocr_line' id='line_1_25' title="bbox 675 3165 1840 3238; baseline 0.002 -17"><span class='ocrx_word' id='word_1_221' title='bbox 675 3168 869 3237; x_wconf 85' lang='lat' dir='ltr'><strong>22—p.</strong></span> <span class='ocrx_word' id='word_1_222' title='bbox 911 3167 1030 3231; x_wconf 85' lang='lat'><strong>133,</strong></span> <span class='ocrx_word' id='word_1_223' title='bbox 1069 3168 1102 3220; x_wconf 87' lang='lat'>2</span> <span class='ocrx_word' id='word_1_224' title='bbox 1143 3165 1209 3221; x_wconf 87' lang='lat' dir='ltr'><strong>cf.</strong></span> <span class='ocrx_word' id='word_1_225' title='bbox 1247 3185 1299 3238; x_wconf 88' lang='lat' dir='ltr'><strong>p.</strong></span> <span class='ocrx_word' id='word_1_226' title='bbox 1343 3167 1462 3236; x_wconf 85' lang='lat'><strong>128,</strong></span> <span class='ocrx_word' id='word_1_227' title='bbox 1501 3169 1766 3233; x_wconf 88' lang='lat'><strong>21-129,</strong></span> <span class='ocrx_word' id='word_1_228' title='bbox 1806 3169 1840 3223; x_wconf 83' lang='lat'><strong>3</strong></span> 
     </span>
    </p>
   </div>
   <div class='ocr_carea' id='block_1_4' title="bbox 500 3307 2807 4356">
    <p class='ocr_par' dir='ltr' id='par_1_4' title="bbox 500 3307 2805 3825">
     <span class='ocr_line' id='line_1_26' title="bbox 573 3307 2790 3382; baseline 0 -20"><span class='ocrx_word' id='word_1_229' title='bbox 573 3310 601 3362; x_wconf 90' lang='lat'>1</span> <span class='ocrx_word' id='word_1_230' title='bbox 641 3308 881 3372; x_wconf 80' lang='lat' dir='ltr'><strong>tollat0r‚</strong></span> <span class='ocrx_word' id='word_1_231' title='bbox 922 3323 1060 3365; x_wconf 73' lang='lat' dir='ltr'><strong>corr.</strong></span> <span class='ocrx_word' id='word_1_232' title='bbox 1098 3308 1326 3362; x_wconf 78' lang='lat' dir='ltr'><strong>tollatur</strong></span> <span class='ocrx_word' id='word_1_233' title='bbox 1361 3308 1436 3363; x_wconf 72' lang='grc' dir='ltr'><strong>Ρ1</strong></span> <span class='ocrx_word' id='word_1_234' title='bbox 1602 3307 1694 3380; x_wconf 77' lang='lat' dir='ltr'><strong>ad]</strong></span> <span class='ocrx_word' id='word_1_235' title='bbox 1738 3325 1769 3363; x_wconf 85' lang='lat' dir='ltr'><strong>a</strong></span> <span class='ocrx_word' id='word_1_236' title='bbox 1804 3309 1879 3363; x_wconf 99' lang='lat' dir='ltr'><em>M</em></span> <span class='ocrx_word' id='word_1_237' title='bbox 1910 3311 2069 3382; x_wconf 83' lang='lat' dir='ltr'><strong>(corr.</strong></span> <span class='ocrx_word' id='word_1_238' title='bbox 2108 3327 2175 3365; x_wconf 84' lang='lat' dir='ltr'><strong>m.</strong></span> <span class='ocrx_word' id='word_1_239' title='bbox 2198 3314 2229 3363; x_wconf 92' lang='lat'><strong><em>1</em></strong></span> <span class='ocrx_word' id='word_1_240' title='bbox 2266 3309 2356 3375; x_wconf 83' lang='lat' dir='ltr'><strong>ad)</strong></span> <span class='ocrx_word' id='word_1_241' title='bbox 2398 3307 2459 3362; x_wconf 79' lang='lat' dir='ltr'><em>F</em></span> <span class='ocrx_word' id='word_1_242' title='bbox 2596 3310 2631 3364; x_wconf 85' lang='lat'>2</span> <span class='ocrx_word' id='word_1_243' title='bbox 2666 3309 2790 3363; x_wconf 88' lang='lat' dir='ltr'><strong>ideo</strong></span> 
     </span>
     <span class='ocr_line' id='line_1_27' title="bbox 501 3394 2799 3469; baseline -0 -16"><span class='ocrx_word' id='word_1_244' title='bbox 501 3415 603 3453; x_wconf 85' lang='lat' dir='ltr'><strong>om.</strong></span> <span class='ocrx_word' id='word_1_245' title='bbox 633 3397 708 3450; x_wconf 91' lang='lat' dir='ltr'><em>M</em></span> <span class='ocrx_word' id='word_1_246' title='bbox 728 3397 926 3464; x_wconf 81' lang='lat' dir='ltr'><strong>flrm</strong></span> <span class='ocrx_word' id='word_1_247' title='bbox 961 3394 1123 3450; x_wconf 85' lang='lat' dir='ltr'><strong>indeo</strong></span> <span class='ocrx_word' id='word_1_248' title='bbox 1163 3403 1219 3463; x_wconf 90' lang='lat' dir='ltr'><strong>(n</strong></span> <span class='ocrx_word' id='word_1_249' title='bbox 1257 3397 1398 3466; x_wconf 80' lang='lat' dir='ltr'><strong>exp.)</strong></span> <span class='ocrx_word' id='word_1_250' title='bbox 1426 3397 1500 3451; x_wconf 88' lang='lat' dir='ltr'><strong>P¹</strong></span> <span class='ocrx_word' id='word_1_251' title='bbox 1609 3400 1645 3452; x_wconf 89' lang='lat'>4</span> <span class='ocrx_word' id='word_1_252' title='bbox 1680 3397 1944 3469; x_wconf 89' lang='lat' dir='ltr'><strong>relinquis</strong></span> <span class='ocrx_word' id='word_1_253' title='bbox 1984 3402 2038 3463; x_wconf 88' lang='lat' dir='ltr'><strong>(n</strong></span> <span class='ocrx_word' id='word_1_254' title='bbox 2080 3403 2223 3468; x_wconf 53' lang='lat' dir='ltr'><strong>emi.)</strong></span> <span class='ocrx_word' id='word_1_255' title='bbox 2252 3397 2315 3452; x_wconf 79' lang='lat' dir='ltr'><strong><em>F</em></strong></span> <span class='ocrx_word' id='word_1_256' title='bbox 2450 3397 2698 3467; x_wconf 81' lang='lat' dir='ltr'><strong>frugibus</strong></span> <span class='ocrx_word' id='word_1_257' title='bbox 2724 3397 2799 3452; x_wconf 87' lang='lat' dir='ltr'><em>M</em></span> 
     </span>
     <span class='ocr_line' id='line_1_28' title="bbox 500 3485 2803 3556; baseline -0.001 -14"><span class='ocrx_word' id='word_1_258' title='bbox 500 3489 533 3542; x_wconf 87' lang='grc'><strong>6</strong></span> <span class='ocrx_word' id='word_1_259' title='bbox 575 3487 750 3550; x_wconf 83' lang='lat' dir='ltr'><strong>hauri,</strong></span> <span class='ocrx_word' id='word_1_260' title='bbox 788 3501 927 3540; x_wconf 79' lang='lat' dir='ltr'><strong>corr.</strong></span> <span class='ocrx_word' id='word_1_261' title='bbox 965 3503 1034 3542; x_wconf 83' lang='lat' dir='ltr'><strong>m.</strong></span> <span class='ocrx_word' id='word_1_262' title='bbox 1056 3491 1088 3538; x_wconf 90' lang='lat'><strong><em>1</em></strong></span> <span class='ocrx_word' id='word_1_263' title='bbox 1123 3485 1325 3540; x_wconf 71' lang='lat' dir='ltr'><strong>hauriri</strong></span> <span class='ocrx_word' id='word_1_264' title='bbox 1363 3485 1418 3538; x_wconf 93' lang='lat' dir='ltr'><strong><em>P</em></strong></span> <span class='ocrx_word' id='word_1_265' title='bbox 1451 3487 1669 3541; x_wconf 85' lang='lat' dir='ltr'><strong>haurire</strong></span> <span class='ocrx_word' id='word_1_266' title='bbox 1706 3489 1757 3541; x_wconf 75' lang='lat' dir='ltr'><strong><em>A</em></strong></span> <span class='ocrx_word' id='word_1_267' title='bbox 1798 3489 1975 3542; x_wconf 82' lang='lat' dir='ltr'><strong>aurire</strong></span> <span class='ocrx_word' id='word_1_268' title='bbox 2011 3487 2085 3542; x_wconf 83' lang='lat' dir='ltr'><em>M</em></span> <span class='ocrx_word' id='word_1_269' title='bbox 2120 3489 2279 3556; x_wconf 85' lang='lat' dir='ltr'><strong>(corr.</strong></span> <span class='ocrx_word' id='word_1_270' title='bbox 2318 3505 2385 3542; x_wconf 81' lang='lat' dir='ltr'><strong>m.</strong></span> <span class='ocrx_word' id='word_1_271' title='bbox 2408 3492 2439 3541; x_wconf 91' lang='lat'><strong><em>1</em></strong></span> <span class='ocrx_word' id='word_1_272' title='bbox 2474 3487 2711 3554; x_wconf 77' lang='lat' dir='ltr'><strong>haurire)</strong></span> <span class='ocrx_word' id='word_1_273' title='bbox 2742 3485 2803 3540; x_wconf 80' lang='lat' dir='ltr'>F</span> 
     </span>
     <span class='ocr_line' id='line_1_29' title="bbox 505 3574 2798 3642; baseline 0 -12"><span class='ocrx_word' id='word_1_274' title='bbox 505 3577 534 3630; x_wconf 82' lang='lat'><strong>7</strong></span> <span class='ocrx_word' id='word_1_275' title='bbox 576 3574 718 3629; x_wconf 85' lang='lat' dir='ltr'><strong>enim</strong></span> <span class='ocrx_word' id='word_1_276' title='bbox 757 3591 858 3630; x_wconf 78' lang='lat' dir='ltr'><strong>om.</strong></span> <span class='ocrx_word' id='word_1_277' title='bbox 897 3574 952 3628; x_wconf 72' lang='lat' dir='ltr'><strong><em>A</em></strong></span> <span class='ocrx_word' id='word_1_278' title='bbox 1099 3574 1292 3629; x_wconf 86' lang='lat' dir='ltr'><strong>ducere</strong></span> <span class='ocrx_word' id='word_1_279' title='bbox 1329 3575 1385 3628; x_wconf 91' lang='lat' dir='ltr'><strong><em>P</em></strong></span> <span class='ocrx_word' id='word_1_280' title='bbox 1535 3575 1568 3630; x_wconf 91' lang='lat'>8</span> <span class='ocrx_word' id='word_1_281' title='bbox 1607 3591 1723 3630; x_wconf 57' lang='lat' dir='ltr'><strong>aree</strong></span> <span class='ocrx_word' id='word_1_282' title='bbox 1753 3592 1875 3630; x_wconf 68' lang='lat' dir='ltr'><strong>autunum</strong></span> <span class='ocrx_word' id='word_1_283' title='bbox 1926 3580 2059 3642; x_wconf 79' lang='lat' dir='ltr'><strong>(ras.</strong></span> <span class='ocrx_word' id='word_1_284' title='bbox 2105 3579 2255 3630; x_wconf 73' lang='lat'><strong>6—7&#39;</strong></span> <span class='ocrx_word' id='word_1_285' title='bbox 2292 3575 2361 3642; x_wconf 79' lang='lat'><strong>1.;</strong></span> <span class='ocrx_word' id='word_1_286' title='bbox 2392 3593 2461 3630; x_wconf 83' lang='lat' dir='ltr'><strong>m.</strong></span> <span class='ocrx_word' id='word_1_287' title='bbox 2500 3581 2569 3630; x_wconf 67' lang='lat' dir='ltr'><strong>ut</strong></span> <span class='ocrx_word' id='word_1_288' title='bbox 2600 3575 2718 3630; x_wconf 76' lang='lat' dir='ltr'><strong>uid.</strong></span> <span class='ocrx_word' id='word_1_289' title='bbox 2758 3579 2798 3630; x_wconf 83' lang='lat'><strong><em>2</em></strong></span> 
     </span>
     <span class='ocr_line' id='line_1_30' title="bbox 505 3663 2801 3735; baseline -0.001 -16"><span class='ocrx_word' id='word_1_290' title='bbox 505 3667 650 3730; x_wconf 75' lang='lat' dir='ltr'><strong>aere)</strong></span> <span class='ocrx_word' id='word_1_291' title='bbox 686 3663 743 3718; x_wconf 89' lang='lat' dir='ltr'><strong><em>P</em></strong></span> <span class='ocrx_word' id='word_1_292' title='bbox 881 3664 994 3718; x_wconf 74' lang='lat' dir='ltr'><strong>irae</strong></span> <span class='ocrx_word' id='word_1_293' title='bbox 1030 3663 1162 3718; x_wconf 72' lang='grc' dir='ltr'><strong>ΜΓ</strong></span> <span class='ocrx_word' id='word_1_294' title='bbox 1301 3664 1428 3735; x_wconf 77' lang='lat' dir='ltr'><strong>aris]</strong></span> <span class='ocrx_word' id='word_1_295' title='bbox 1470 3680 1594 3718; x_wconf 82' lang='lat' dir='ltr'><strong>aere</strong></span> <span class='ocrx_word' id='word_1_296' title='bbox 1632 3664 1689 3716; x_wconf 90' lang='lat' dir='ltr'><strong><em>P</em></strong></span> <span class='ocrx_word' id='word_1_297' title='bbox 1866 3665 1927 3725; x_wconf 91' lang='grc'><strong>11</strong></span> <span class='ocrx_word' id='word_1_298' title='bbox 1970 3668 2049 3729; x_wconf 91' lang='lat' dir='ltr'><strong>nt,</strong></span> <span class='ocrx_word' id='word_1_299' title='bbox 2087 3681 2225 3721; x_wconf 84' lang='lat' dir='ltr'><strong>corr.</strong></span> <span class='ocrx_word' id='word_1_300' title='bbox 2264 3669 2385 3720; x_wconf 82' lang='lat' dir='ltr'><strong>m.1</strong></span> <span class='ocrx_word' id='word_1_301' title='bbox 2422 3665 2505 3718; x_wconf 83' lang='lat' dir='ltr'><strong>uti</strong></span> <span class='ocrx_word' id='word_1_302' title='bbox 2542 3665 2598 3718; x_wconf 91' lang='lat' dir='ltr'><strong><em>P</em></strong></span> <span class='ocrx_word' id='word_1_303' title='bbox 2630 3668 2694 3718; x_wconf 89' lang='lat' dir='ltr'><strong>ut</strong></span> <span class='ocrx_word' id='word_1_304' title='bbox 2728 3663 2801 3717; x_wconf 89' lang='lat' dir='ltr'><em>M</em></span> 
     </span>
     <span class='ocr_line' id='line_1_31' title="bbox 504 3751 2805 3825; baseline -0.001 -16"><span class='ocrx_word' id='word_1_305' title='bbox 504 3757 568 3825; x_wconf 71' lang='grc' dir='ltr'><strong>(ε.</strong></span> <span class='ocrx_word' id='word_1_306' title='bbox 606 3769 660 3807; x_wconf 76' lang='lat' dir='ltr'><strong>u.</strong></span> <span class='ocrx_word' id='word_1_307' title='bbox 699 3769 767 3806; x_wconf 86' lang='lat' dir='ltr'><strong>m.</strong></span> <span class='ocrx_word' id='word_1_308' title='bbox 789 3758 840 3820; x_wconf 80' lang='lat'><strong>1)</strong></span> <span class='ocrx_word' id='word_1_309' title='bbox 879 3751 1262 3809; x_wconf 77' lang='lat' dir='ltr'><strong>FAP¹RP²a</strong></span> <span class='ocrx_word' id='word_1_310' title='bbox 1431 3752 1799 3807; x_wconf 83' lang='lat' dir='ltr'><strong>existimemus</strong></span> <span class='ocrx_word' id='word_1_311' title='bbox 1834 3753 1891 3807; x_wconf 82' lang='lat' dir='ltr'><strong><em>R</em></strong></span> <span class='ocrx_word' id='word_1_312' title='bbox 2060 3769 2123 3807; x_wconf 76' lang='lat' dir='ltr'><strong>ea</strong></span> <span class='ocrx_word' id='word_1_313' title='bbox 2158 3754 2215 3806; x_wconf 90' lang='lat' dir='ltr'><strong><em>P</em></strong></span> <span class='ocrx_word' id='word_1_314' title='bbox 2382 3752 2693 3823; x_wconf 78' lang='lat' dir='ltr'><strong>accipiende</strong></span> <span class='ocrx_word' id='word_1_315' title='bbox 2730 3751 2805 3806; x_wconf 87' lang='lat' dir='ltr'><em>M</em></span> 
     </span>
    </p>

    <p class='ocr_par' dir='ltr' id='par_1_5' title="bbox 501 3841 2800 4089">
     <span class='ocr_line' id='line_1_32' title="bbox 579 3841 2795 3911; baseline -0.001 -14"><span class='ocrx_word' id='word_1_316' title='bbox 579 3841 662 3899; x_wconf 86' lang='lat' dir='ltr'><strong>uti</strong></span> <span class='ocrx_word' id='word_1_317' title='bbox 699 3841 754 3895; x_wconf 91' lang='lat' dir='ltr'><strong><em>P</em></strong></span> <span class='ocrx_word' id='word_1_318' title='bbox 862 3842 927 3895; x_wconf 85' lang='lat'><strong>12</strong></span> <span class='ocrx_word' id='word_1_319' title='bbox 967 3841 1060 3910; x_wconf 89' lang='lat' dir='ltr'><strong>qui</strong></span> <span class='ocrx_word' id='word_1_320' title='bbox 1096 3843 1342 3896; x_wconf 82' lang='lat' dir='ltr'><strong>nostrum</strong></span> <span class='ocrx_word' id='word_1_321' title='bbox 1381 3841 1473 3911; x_wconf 89' lang='lat' dir='ltr'><strong>qui</strong></span> <span class='ocrx_word' id='word_1_322' title='bbox 1515 3844 1686 3910; x_wconf 76' lang='lat' dir='ltr'><strong>(post.</strong></span> <span class='ocrx_word' id='word_1_323' title='bbox 1718 3843 1809 3911; x_wconf 87' lang='lat' dir='ltr'><strong>qni</strong></span> <span class='ocrx_word' id='word_1_324' title='bbox 1839 3845 1983 3911; x_wconf 75' lang='lat' dir='ltr'><strong>exp.)</strong></span> <span class='ocrx_word' id='word_1_325' title='bbox 2022 3842 2259 3896; x_wconf 81' lang='lat' dir='ltr'><strong>animum</strong></span> <span class='ocrx_word' id='word_1_326' title='bbox 2294 3843 2481 3910; x_wconf 72' lang='lat' dir='ltr'><strong>spatio</strong></span> <span class='ocrx_word' id='word_1_327' title='bbox 2514 3842 2795 3896; x_wconf 71' lang='lat' dir='ltr'><strong>5—61m.</strong></span> 
     </span>
     <span class='ocr_line' id='line_1_33' title="bbox 501 3927 2797 4001; baseline 0.002 -17"><span class='ocrx_word' id='word_1_328' title='bbox 501 3936 632 4000; x_wconf 77' lang='lat' dir='ltr'><strong>post</strong></span> <span class='ocrx_word' id='word_1_329' title='bbox 665 3931 902 3984; x_wconf 82' lang='lat' dir='ltr'><strong>animum</strong></span> <span class='ocrx_word' id='word_1_330' title='bbox 938 3930 1125 3986; x_wconf 76' lang='lat' dir='ltr'><strong>relicto</strong></span> <span class='ocrx_word' id='word_1_331' title='bbox 1163 3927 1242 3983; x_wconf 81' lang='grc' dir='ltr'><strong>Ρ2</strong></span> <span class='ocrx_word' id='word_1_332' title='bbox 1349 3931 1417 3986; x_wconf 86' lang='lat'><strong>14</strong></span> <span class='ocrx_word' id='word_1_333' title='bbox 1454 3930 1549 4001; x_wconf 89' lang='lat' dir='ltr'><strong>qui</strong></span> <span class='ocrx_word' id='word_1_334' title='bbox 1582 3927 1645 3983; x_wconf 82' lang='lat' dir='ltr'><strong><em>F</em></strong></span> <span class='ocrx_word' id='word_1_335' title='bbox 1782 3932 2071 3986; x_wconf 84' lang='lat' dir='ltr'><strong>uertuntur</strong></span> <span class='ocrx_word' id='word_1_336' title='bbox 2103 3929 2413 3986; x_wconf 79' lang='lat' dir='ltr'><strong>PMFAP¹</strong></span> <span class='ocrx_word' id='word_1_337' title='bbox 2450 3933 2541 3998; x_wconf 84' lang='lat' dir='ltr'><strong>(m.</strong></span> <span class='ocrx_word' id='word_1_338' title='bbox 2563 3937 2594 3985; x_wconf 89' lang='lat'><strong><em>1</em></strong></span> <span class='ocrx_word' id='word_1_339' title='bbox 2612 3930 2645 3984; x_wconf 80' lang='lat'><em>?</em></span> <span class='ocrx_word' id='word_1_340' title='bbox 2662 3947 2797 3988; x_wconf 82' lang='lat' dir='ltr'><strong>corr.</strong></span> 
     </span>
     <span class='ocr_line' id='line_1_34' title="bbox 512 4016 2800 4089; baseline 0 -17"><span class='ocrx_word' id='word_1_341' title='bbox 512 4021 850 4084; x_wconf 86' lang='lat' dir='ltr'><strong>euertuntur)</strong></span> <span class='ocrx_word' id='word_1_342' title='bbox 899 4016 977 4071; x_wconf 78' lang='lat'><strong>1²²</strong></span> <span class='ocrx_word' id='word_1_343' title='bbox 1031 4020 1120 4082; x_wconf 84' lang='lat' dir='ltr'><strong>(m.</strong></span> <span class='ocrx_word' id='word_1_344' title='bbox 1140 4022 1172 4072; x_wconf 84' lang='lat'><em>1</em></span> <span class='ocrx_word' id='word_1_345' title='bbox 1217 4033 1354 4076; x_wconf 79' lang='lat' dir='ltr'><strong>corr.</strong></span> <span class='ocrx_word' id='word_1_346' title='bbox 1412 4021 1753 4087; x_wconf 86' lang='lat' dir='ltr'><strong>euertuntur)</strong></span> <span class='ocrx_word' id='word_1_347' title='bbox 1941 4021 2004 4074; x_wconf 79' lang='lat'><strong>17</strong></span> <span class='ocrx_word' id='word_1_348' title='bbox 2052 4019 2301 4089; x_wconf 77' lang='lat' dir='ltr'><strong>usurpari</strong></span> <span class='ocrx_word' id='word_1_349' title='bbox 2346 4020 2402 4073; x_wconf 98' lang='lat' dir='ltr'><strong><em>P</em></strong></span> <span class='ocrx_word' id='word_1_350' title='bbox 2446 4035 2698 4089; x_wconf 75' lang='lat' dir='ltr'><strong>superare</strong></span> <span class='ocrx_word' id='word_1_351' title='bbox 2748 4020 2800 4072; x_wconf 79' lang='lat' dir='ltr'><strong><em>A</em></strong></span> 
     </span>
    </p>

    <p class='ocr_par' dir='ltr' id='par_1_6' title="bbox 511 4105 2807 4356">
     <span class='ocr_line' id='line_1_35' title="bbox 583 4105 2807 4176; baseline 0.001 -16"><span class='ocrx_word' id='word_1_352' title='bbox 583 4123 682 4160; x_wconf 89' lang='lat' dir='ltr'><strong>nos</strong></span> <span class='ocrx_word' id='word_1_353' title='bbox 729 4109 990 4176; x_wconf 78' lang='lat' dir='ltr'><strong>appareat</strong></span> <span class='ocrx_word' id='word_1_354' title='bbox 1023 4105 1081 4160; x_wconf 88' lang='lat' dir='ltr'><strong><em>R</em></strong></span> <span class='ocrx_word' id='word_1_355' title='bbox 1263 4106 1328 4160; x_wconf 87' lang='lat'><strong>18</strong></span> <span class='ocrx_word' id='word_1_356' title='bbox 1377 4106 1689 4172; x_wconf 85' lang='lat' dir='ltr'><strong>communis,</strong></span> <span class='ocrx_word' id='word_1_357' title='bbox 1736 4122 1875 4164; x_wconf 80' lang='lat' dir='ltr'><strong>corr.</strong></span> <span class='ocrx_word' id='word_1_358' title='bbox 1921 4124 1991 4162; x_wconf 87' lang='lat' dir='ltr'><strong>m.</strong></span> <span class='ocrx_word' id='word_1_359' title='bbox 2038 4113 2102 4162; x_wconf 76' lang='lat' dir='ltr'><strong>ut</strong></span> <span class='ocrx_word' id='word_1_360' title='bbox 2145 4107 2263 4162; x_wconf 78' lang='lat' dir='ltr'><strong>uid.</strong></span> <span class='ocrx_word' id='word_1_361' title='bbox 2302 4110 2343 4162; x_wconf 77' lang='lat'><em>2</em></span> <span class='ocrx_word' id='word_1_362' title='bbox 2388 4123 2697 4161; x_wconf 86' lang='lat' dir='ltr'><strong>communes</strong></span> <span class='ocrx_word' id='word_1_363' title='bbox 2734 4105 2807 4162; x_wconf 86' lang='grc' dir='ltr'><em>Μ</em></span> 
     </span>
     <span class='ocr_line' id='line_1_36' title="bbox 515 4193 2805 4264; baseline 0 -17"><span class='ocrx_word' id='word_1_364' title='bbox 515 4195 580 4248; x_wconf 88' lang='grc'><strong>19</strong></span> <span class='ocrx_word' id='word_1_365' title='bbox 618 4195 758 4264; x_wconf 90' lang='lat' dir='ltr'><strong>ueri]</strong></span> <span class='ocrx_word' id='word_1_366' title='bbox 799 4195 916 4248; x_wconf 90' lang='lat' dir='ltr'><strong>uiui</strong></span> <span class='ocrx_word' id='word_1_367' title='bbox 950 4193 1007 4250; x_wconf 82' lang='lat' dir='ltr'><em>R</em></span> <span class='ocrx_word' id='word_1_368' title='bbox 1130 4195 1199 4249; x_wconf 91' lang='grc'><strong>20</strong></span> <span class='ocrx_word' id='word_1_369' title='bbox 1237 4193 1338 4259; x_wconf 90' lang='lat' dir='ltr'><strong>illi,</strong></span> <span class='ocrx_word' id='word_1_370' title='bbox 1377 4212 1443 4249; x_wconf 89' lang='lat' dir='ltr'><strong>m.</strong></span> <span class='ocrx_word' id='word_1_371' title='bbox 1469 4198 1508 4248; x_wconf 79' lang='lat'><em>2</em></span> <span class='ocrx_word' id='word_1_372' title='bbox 1542 4195 1655 4250; x_wconf 89' lang='lat' dir='ltr'><strong>illis</strong></span> <span class='ocrx_word' id='word_1_373' title='bbox 1692 4196 1749 4248; x_wconf 79' lang='lat' dir='ltr'><strong><em>A</em></strong></span> <span class='ocrx_word' id='word_1_374' title='bbox 1875 4195 1941 4250; x_wconf 83' lang='lat'><strong>21</strong></span> <span class='ocrx_word' id='word_1_375' title='bbox 1982 4195 2037 4248; x_wconf 88' lang='lat' dir='ltr'><strong>in</strong></span> <span class='ocrx_word' id='word_1_376' title='bbox 2074 4211 2255 4250; x_wconf 83' lang='lat' dir='ltr'><strong>ueram</strong></span> <span class='ocrx_word' id='word_1_377' title='bbox 2295 4194 2635 4264; x_wconf 84' lang='lat' dir='ltr'><strong>religionem]</strong></span> <span class='ocrx_word' id='word_1_378' title='bbox 2676 4210 2805 4248; x_wconf 78' lang='lat' dir='ltr'><strong>nera</strong></span> 
     </span>
     <span class='ocr_line' id='line_1_37' title="bbox 511 4283 2069 4356; baseline 0 -18"><span class='ocrx_word' id='word_1_379' title='bbox 511 4283 773 4353; x_wconf 87' lang='lat' dir='ltr'><strong>religione</strong></span> <span class='ocrx_word' id='word_1_380' title='bbox 811 4284 866 4338; x_wconf 89' lang='lat' dir='ltr'><strong><em>P</em></strong></span> <span class='ocrx_word' id='word_1_381' title='bbox 970 4283 1039 4336; x_wconf 82' lang='lat'><strong>22</strong></span> <span class='ocrx_word' id='word_1_382' title='bbox 1079 4283 1326 4340; x_wconf 84' lang='lat' dir='ltr'><strong>docuisse</strong></span> <span class='ocrx_word' id='word_1_383' title='bbox 1367 4301 1422 4338; x_wconf 91' lang='lat' dir='ltr'><strong>se</strong></span> <span class='ocrx_word' id='word_1_384' title='bbox 1461 4285 1570 4338; x_wconf 87' lang='lat' dir='ltr'><strong>illis</strong></span> <span class='ocrx_word' id='word_1_385' title='bbox 1610 4283 1663 4337; x_wconf 79' lang='grc' dir='ltr'><em>Ρ</em></span> <span class='ocrx_word' id='word_1_386' title='bbox 1804 4285 1959 4356; x_wconf 84' lang='lat' dir='ltr'><strong>ipsae</strong></span> <span class='ocrx_word' id='word_1_387' title='bbox 1994 4285 2069 4338; x_wconf 91' lang='lat' dir='ltr'><em>M</em></span> 
     </span>
    </p>
   </div>
  </div>
 </body>
</html>
