3184 4959
45 3070 124 3136 [11
166 3070 246 3132 14

1118 417 1653 485 epistularum
1710 416 1894 473 CXXI.
2535 420 2663 485 735

369 608 557 687 dicat,
604 607 874 690 requiro.
933 611 998 673 et
1043 607 1212 691 quod
1258 608 1374 673 ait:
1425 608 1534 673 Ad
1582 627 1729 674 non
1778 610 2263 693 parcendum
2315 614 2660 696 corpori,

369 734 514 780 non
560 715 638 780 in
687 715 986 781 honore
1025 714 1301 799 aliquo
1351 716 1443 781 ad
1491 717 2023 782 saturitatem
2062 718 2350 797 carnis,
2397 738 2663 803 prorsus

365 822 521 887 haec
585 842 808 905 parum
872 822 1194 907 intellege,
1251 822 1402 905 quia
1454 821 1518 887 in
1576 821 1795 887 eadem
1853 824 2169 889 sententia
2219 844 2449 909 magna
2502 826 2659 893 mihi

367 928 621 993 uidetur
667 947 806 993 esse
855 927 1180 1003 discretim
1230 929 1498 994 arbitror
1545 930 1714 995 enim
1762 948 1908 995 eum
1958 928 2033 993 de
2081 930 2465 997 abstinentia
2510 951 2657 1016 qua-

299 1060 324 1100 5
363 1035 522 1099 libet
573 1034 726 1100 ficta
770 1036 876 1101 uel
928 1036 1164 1114 inutili,
1213 1036 1420 1118 qualis
1467 1037 1633 1101 solet
1677 1036 1753 1101 ab
1800 1036 2137 1103 haereticis
2182 1038 2483 1118 affectari,
2537 1038 2661 1105 hoc

364 1142 568 1206 dicere
617 1141 728 1207 ‘ad
773 1160 920 1207 non
979 1141 1471 1225 parcendum
1517 1135 1885 1226 corpori',
1935 1142 2105 1226 quod
2160 1146 2371 1209 autem
2427 1144 2665 1210 adiecit

362 1249 526 1313 ‘non
584 1247 662 1313 in
725 1249 1021 1314 honore
1079 1247 1398 1331 aliquo',
1457 1248 1607 1331 quia
1672 1249 1874 1315 sancti
1930 1250 2135 1333 operis
2201 1250 2476 1334 speciem
2532 1270 2655 1316 non

361 1354 424 1418 in
471 1353 594 1419 fide
651 1354 941 1421 ueritatis
991 1360 1350 1420 exercentes
1397 1355 1642 1421 nullius
1698 1355 1937 1441 gloriae
1990 1355 2227 1421 honore
2281 1358 2390 1422 uel
2444 1356 2655 1421 fructu

361 1465 579 1545 agunt,
616 1461 787 1546 quod
831 1462 896 1527 in
933 1480 1164 1545 magna
1201 1462 1427 1527 erroris
1474 1461 1758 1545 peruersi
1794 1460 2277 1544 reprehensione
2316 1461 2663 1528 conficiunt

275 1592 324 1631 ιο
361 1568 879 1653 transfigurantes
955 1587 1025 1633 se
1097 1567 1159 1632 in
1239 1567 1560 1634 ministros
1625 1568 1933 1634 iustitiae.
2010 1569 2122 1635 sed
2190 1568 2359 1653 quod
2424 1569 2661 1637 adiecit

359 1676 471 1740 ‘ad
548 1675 1075 1741 saturitatem
1142 1676 1449 1752 carnis',
1516 1675 1899 1741 contrarium
1968 1674 2129 1741 mihi
2202 1676 2462 1742 uidetur
2534 1676 2652 1755 illi,

361 1784 531 1865 quod
586 1781 743 1847 dicit
797 1782 910 1847 ‘ad
975 1801 1122 1847 non
1187 1781 1679 1865 parcendum
1736 1781 2107 1865 corpori'3
2176 1780 2433 1848 uidetur
2486 1782 2651 1848 enim

357 1890 517 1955 mihi
577 1889 687 1954 ille
759 1907 880 1955 non
950 1907 1204 1972 parcere
1266 1888 1534 1971 corpori,
1601 1888 1711 1973 qui
1776 1907 2023 1953 carnem
2094 1888 2351 1954 ieiuniis
2416 1888 2657 1967 domat,

359 1996 528 2061 sicut
581 1995 910 2081 apostolus
969 1994 1154 2061 dicit:
1209 1995 1591 2061 Liuidum
1647 1995 1865 2060 facio
1914 2014 2206 2079 corpus
2262 2013 2517 2060 meum
2574 1998 2653 2059 et

270 2126 320 2165 ιε
357 2102 433 2166 in
483 2103 976 2167 seruitutem
1023 2100 1328 2187 redigo,
1376 2120 1414 2165 a
1452 2119 1575 2182 quo
1619 2119 1805 2184 opere
1854 2101 2157 2167 saturitas
2195 2100 2399 2167 carnis
2446 2101 2655 2165 aliena

355 2212 473 2288 est,
521 2208 644 2274 nisi
681 2208 846 2273 forte
884 2212 951 2274 et
985 2208 1194 2289 ipsam
1241 2206 1618 2273 saturandae
1656 2208 1859 2272 carnis
1899 2225 2134 2287 curam,
2174 2227 2333 2291 quae
2380 2207 2650 2273 maxime

354 2313 821 2380 obseruantiam
867 2312 1193 2399 religionis
1240 2312 1799 2397 praetendentibus
1846 2314 2151 2397 probrosa
2186 2317 2305 2393 est,
2342 2332 2463 2380 non
2510 2332 2655 2397 par·

353 2440 490 2487 cere
530 2420 774 2504 corpori
813 2420 972 2486 dixit
1017 2420 1366 2486 secundum
1400 2419 1565 2485 illud
1602 2418 1955 2486 honestatis
2002 2424 2432 2505 praeceptum,
2480 2420 2649 2504 quod

351 2526 503 2592 alibi
577 2526 752 2605 dicit,
834 2529 924 2591 ut
996 2525 1566 2609 unusquisque
1644 2545 1871 2592 suum
1946 2544 2091 2592 uas
2175 2526 2650 2592 honorifice

261 2660 312 2699 20
349 2631 779 2716 possidere
825 2633 1170 2709 nouerit,
1219 2635 1308 2699 ut
1352 2633 1709 2699 hostiam
1748 2633 2019 2699 uiuam
2059 2637 2139 2699 et
2183 2633 2645 2716 placentem

351 2738 490 2805 deo
561 2758 790 2805 sunm
846 2758 1140 2823 corpus
1196 2739 1580 2805 exhibeat
1634 2759 1755 2806 non
1822 2739 1887 2804 in
1953 2739 2355 2805 saturitatem
2414 2740 2642 2818 carniS‚

348 2846 496 2930 quia
551 2844 850 2912 distentio
909 2848 1186 2931 corporis
1251 2847 1495 2912 animae
1571 2846 1979 2913 sobrietatem
2033 2850 2217 2913 necat
2270 2848 2337 2911 et
2387 2846 2653 2913 inimica

347 2955 448 3019 est
493 2952 794 3019 castitati.
859 2992 862 2995 ·

431 3060 677 3140 Restat,
737 3064 810 3126 ut
863 3060 1106 3144 aliquid
1161 3064 1226 3126 et
1271 3061 1347 3126 de
1397 3060 1784 3147 euangelicis
1838 3061 1999 3126 locis
2056 3079 2393 3145 suggeram
2447 3060 2642 3125 beati-

524 3286 548 3339 1
593 3284 707 3342 col.
747 3288 797 3350 2,
835 3286 904 3341 23
1019 3287 1087 3341 10
1121 3286 1178 3340 11
1217 3287 1338 3343 Cor.
1381 3288 1465 3355 11,
1507 3288 1572 3342 15
1686 3286 1755 3341 14
1789 3286 1818 3341 Ι
1858 3284 1978 3342 Cor.
2018 3287 2069 3353 9,
2098 3287 2167 3341 27
2283 3287 2346 3341 19
2383 3286 2412 3340 Ι
2449 3285 2642 3340 Thess.

339 3376 390 3441 4,
427 3375 462 3428 4
572 3375 643 3429 20
680 3374 831 3429 Rom.
876 3374 958 3437 12,
1001 3374 1027 3427 1

413 3502 439 3554 1
481 3516 590 3555 non
628 3499 698 3553 ad
735 3500 790 3553 P
823 3500 1017 3570 (siquis
1052 3515 1190 3554 corr.
1230 3499 1301 3554 ad
1335 3500 1468 3571 non)
1504 3499 1563 3554 R
1756 3500 1789 3553 2
1825 3499 1973 3563 hore,
2011 3514 2149 3553 corr.
2186 3502 2306 3553 m.1
2340 3498 2545 3553 honore
2592 3498 2649 3551 V

338 3590 372 3643 3
408 3589 510 3643 hoc
552 3588 600 3643 0
701 3590 738 3645 4
775 3588 1032 3643 uidentur
1069 3592 1126 3655 (n
1165 3592 1306 3657 exp.)
1353 3588 1406 3641 V
1547 3587 1825 3658 discretio]
1867 3587 2135 3643 desiderio
2173 3590 2226 3641 A
2391 3585 2646 3657 qualibet

336 3676 460 3731 MP
493 3682 592 3743 (m
631 3680 797 3743 eras.)
843 3674 960 3731 GK
1067 3678 1100 3732 5
1140 3676 1364 3731 efectari
1401 3677 1456 3729 A
1566 3677 1600 3731 6
1638 3693 1747 3730 non
1784 3675 1856 3730 ad
1891 3676 1936 3731 G
2078 3676 2280 3730 abiecit
2312 3675 2360 3729 G
2464 3675 2498 3729 8
2534 3674 2634 3729 ho-

336 3782 464 3820 nore
503 3765 754 3820 fructuue
791 3766 844 3819 A
965 3767 997 3821 9
1036 3765 1227 3820 erroris
1265 3781 1366 3820 om.
1405 3764 1462 3819 R
1584 3764 1649 3819 12
1690 3781 1795 3835 quo
1831 3763 1961 3820 Mo
2081 3765 2146 3819 13
2186 3780 2397 3818 carnem
2435 3780 2540 3819 om.
2578 3764 2641 3819 R

405 3854 620 3915 ieiunis,
658 3870 796 3909 corr.
835 3872 902 3911 m.
925 3858 955 3907 1
990 3854 1206 3909 ieiuniis
1245 3854 1298 3909 V
1401 3853 1571 3908 donat
1596 3854 1655 3907 A
1755 3854 1822 3908 14
1857 3852 2106 3922 libidum‚
2142 3870 2210 3907 m.
2233 3856 2273 3907 2
2307 3852 2535 3908 liuidum
2562 3854 2646 3907 M

408 3946 464 3998 et
499 3944 556 3997 in
595 3944 914 3998 seruitutem
951 3960 1074 4008 om..
1110 3960 1180 3997 m.
1205 3944 1234 3994 2
1271 3942 1401 4001 add.
1440 3943 1506 3998 K
1617 3944 1683 3999 15
1722 3941 1931 3997 subicio
1958 3942 2015 3999 R
2119 3944 2183 3997 16
2220 3942 2295 4007 ni,
2333 3957 2475 3997 corr.
2502 3960 2571 3997 m.
2602 3948 2631 3996 1

333 4015 366 4113 ιιι
402 4058 450 4113 G
547 4060 614 4113 17
641 4058 894 4128 religioni
922 4057 1372 4130 praecedentibus
1403 4062 1492 4127 (m.
1515 4062 1556 4113 2
1581 4058 2063 4129 praededentibus)
2088 4057 2146 4114 R
2246 4058 2312 4112 19
2342 4060 2405 4113 ut
2433 4074 2535 4115 om.
2563 4058 2638 4111 M

333 4148 403 4203 20
441 4150 498 4203 et
534 4162 638 4204 om.
677 4148 746 4201 lr
765 4164 818 4201 m
851 4163 952 4202 sec.
989 4164 1134 4204 sacr.
1177 4148 1281 4205 litt.
1426 4149 1491 4203 21
1536 4163 1691 4202 suurn
1730 4164 1829 4201 uas
1864 4146 1955 4203 uel
1993 4163 2185 4217 corpus
2220 4146 2277 4201 R
2431 4147 2630 4201 satmi·

331 4239 448 4291 tate
486 4237 541 4291 P
578 4241 722 4302 (cum
756 4252 870 4291 ras.
907 4252 1072 4305 super
1095 4240 1145 4304 e)
1179 4236 1230 4291 G
1339 4237 1408 4291 22
1447 4236 1727 4291 distinctio
1764 4235 1821 4291 A
1858 4235 2120 4291 dissensio
2160 4250 2245 4289 ae
2281 4234 2545 4291 distensio
2586 4235 2647 4288 V

332 4332 447 4381 cett.
487 4324 610 4383 edd.
819 4326 1054 4397 corporis
1092 4325 1302 4379 animae
1340 4340 1444 4379 om.
1484 4324 1540 4378 A
1720 4325 1794 4382 24
1830 4326 1887 4379 ct
1923 4340 2027 4379 om.
2062 4323 2120 4380 R
2328 4324 2395 4379 de
2434 4339 2537 4379 om.
2574 4326 2635 4377 A
