3184 4959
1095 451 1629 522 epistularum
1687 451 1883 505 XLIII.
2540 455 2625 518 89

333 646 604 729 denique
651 648 826 711 salus
873 646 1074 710 uestri
1121 646 1400 730 corporis
1447 646 1512 710 in
1560 645 1894 710 discrimen
1954 649 2247 710 uocatur:
2298 646 2375 710 de
2430 645 2626 728 adipi-

333 754 564 818 scenda
609 753 750 818 uita
793 755 1046 817 aeterna
1109 755 1174 816 et
1235 753 1538 836 fugienda
1603 757 1805 818 morte
1862 755 2113 816 aeterna
2168 753 2625 835 compellamus

331 861 574 925 animas
666 863 935 926 uestras.
1030 859 1540 942 expergiscimini
1622 859 1989 941 aliquando!
2066 878 2185 924 non
2266 859 2331 923 in
2416 859 2629 940 aliqua

333 967 606 1033 obscura
663 965 1032 1049 quaestione
1080 983 1426 1037 uei-samur,
1477 985 1597 1030 non
1646 965 1969 1030 recondita
2014 968 2261 1029 secreta
2303 965 2625 1042 rimamur,

281 1097 306 1135 s
331 1073 564 1156 quibus
613 1071 1016 1155 penetrandis
1063 1071 1172 1135 uel
1219 1071 1394 1135 nulla
1432 1072 1538 1134 uel
1575 1090 1715 1134 rara
1752 1071 2024 1135 humana
2061 1071 2249 1136 corda
2286 1071 2623 1136 sufficiant.

329 1199 428 1246 res
483 1180 548 1243 in
607 1184 826 1262 aperto
884 1182 1003 1244 est.
1061 1178 1214 1260 quid
1263 1177 1499 1242 eminet
1543 1178 1819 1242 clarius?
1868 1176 2019 1259 quid
2066 1177 2342 1243 cernitur
2387 1177 2623 1242 citius?

333 1287 605 1352 dicimus
634 1285 968 1350 temerario
999 1284 1268 1349 concilio
1307 1284 1661 1366 quamlibet
1698 1283 2219 1349 numerosissimo
2256 1283 2623 1348 innocentes

331 1393 756 1474 absentesque
813 1391 1016 1456 fuisse
1073 1390 1420 1455 damnatos.
1477 1390 1820 1472 probamus
1886 1391 2007 1456 hoc
2068 1390 2625 1473 proconsularibus

329 1499 552 1583 gestis,
613 1499 846 1581 quibus
903 1499 980 1562 ab
1039 1497 1207 1561 omni
1261 1495 1621 1560 traditionis
1678 1497 1938 1562 crimine
1995 1497 2239 1562 alienus
2304 1497 2623 1561 iudicatus

251 1631 298 1668 ιο
333 1611 432 1670 est
483 1606 618 1682 ifle,
677 1624 866 1688 quem
921 1604 1190 1668 maxime
1249 1602 1661 1668 criminosum
1710 1623 1747 1667 a
1792 1603 2025 1668 uestris
2079 1605 2327 1687 prolata
2372 1603 2625 1668 concilii

331 1716 514 1797 gesta
569 1715 939 1777 sonuerunt.
998 1711 1269 1775 dicimus
1319 1730 1355 1774 a
1401 1710 1815 1775 traditoribus
1866 1711 2174 1774 confessis
2222 1711 2286 1774 in
2334 1729 2465 1788 eOS,
2514 1710 2623 1792 qui

329 1820 668 1884 traditores
726 1818 1101 1896 dicerentur,
1157 1819 1358 1882 dictas
1413 1817 1617 1882 fuisse
1675 1816 2040 1883 sententias.
2108 1818 2447 1899 probamus
2496 1817 2623 1882 hoc

330 1925 783 1990 ecclesiasticis
859 1925 1080 2009 gestis,
1155 1925 1264 1990 ubi
1338 1924 1713 1990 nominatim
1778 1924 2191 1999 declarantur,
2256 1924 2319 1988 in
2386 1923 2621 2006 quibus

329 2031 662 2098 Secundus
718 2031 1112 2115 Tigisitanus
1161 2051 1252 2108 ea,
1301 2051 1462 2114 quae
1511 2032 1835 2116 cognouit,
1882 2033 2065 2096 uelut
2110 2031 2401 2096 contuitu
2446 2022 2625 2114 pacis

251 2139 580 2224 1signouit
637 2141 723 2216 et,
781 2157 928 2202 cum
985 2139 1216 2221 quibus
1271 2141 1496 2222 postea
1559 2157 1683 2202 non
1750 2139 2072 2222 cognouit,
2138 2137 2409 2202 discissa
2471 2155 2627 2220 pace

331 2245 682 2314 damnauit.
739 2244 903 2310 unde
960 2245 1251 2328 apparuit
1307 2265 1451 2310 eum
1512 2245 1704 2310 etiam
1760 2244 1961 2326 primo
2022 2265 2142 2310 non
2198 2245 2341 2326 paci
2402 2262 2626 2309 consu-

327 2351 550 2430 luisse,
639 2349 750 2415 sed
833 2351 958 2414 sibi
1032 2350 1350 2416 timuisse.
1429 2351 1747 2416 obiecerat
1815 2351 1870 2416 ei
1936 2369 2207 2434 namque
2272 2349 2626 2434 Purpurius

327 2457 740 2535 LiniatensiS‚
799 2456 968 2539 quod
1024 2458 1216 2523 etiam
1271 2458 1430 2542 ipse,
1489 2477 1638 2522 cum
1686 2457 1982 2524 detentus
2034 2461 2209 2523 esset
2255 2477 2289 2522 a
2337 2460 2625 2522 curatore

330 2569 392 2630 et
454 2566 698 2642 ordine,
763 2568 838 2629 ut
903 2565 1250 2646 scripturas
1315 2564 1612 2642 traderet,
1680 2565 1983 2630 dimissus
2052 2567 2153 2630 est
2216 2565 2437 2647 utique
2502 2583 2623 2626 non

251 2699 298 2740 20
327 2671 584 2746 frustra,
640 2670 765 2736 nisi
820 2671 968 2753 quia
1022 2670 1286 2736 tradidit
1339 2675 1452 2735 aut
1506 2672 1670 2736 tradi
1724 2671 1965 2754 aliquid
2019 2672 2229 2736 iussit.
2294 2670 2451 2734 hanc
2514 2669 2625 2732 ille

331 2778 760 2861 suspicionem
846 2779 1002 2842 satis
1084 2779 1476 2859 probabilem
1557 2783 1849 2844 metuens
1927 2782 2185 2862 accepto
2260 2777 2523 2842 consilio
2590 2795 2629 2839 a

330 2885 572 2949 minore
643 2883 933 2950 Secundo
998 2885 1472 2968 consanguineo.
1533 2905 1649 2951 suo
1716 2886 2152 2967 consultisque
2208 2885 2458 2960 ceteris,
2516 2883 2627 2965 qui

334 3009 475 3056 cum
525 3011 598 3056 eo
649 2995 842 3068 erant,
889 2990 1206 3074 episcopis
1253 2992 1773 3058 manifestissima
1820 2993 2083 3058 crimina
2128 2992 2243 3058 deo
2288 2989 2629 3056 iudicanda

334 3098 578 3163 dimisit
651 3102 839 3182 atque
904 3097 998 3162 ita
1059 3099 1198 3181 paci
1261 3100 1659 3181 prospexisse
1722 3100 1907 3164 uisus
1972 3102 2091 3176 est,
2124 3099 2327 3190 ‘quod
2392 3099 2625 3162 falsum

255 3229 300 3268 ι’,
335 3210 486 3283 erat,
535 3224 680 3270 cum
733 3204 858 3270 sibi
901 3205 1310 3288 prospexerit.

185 3315 216 3376 7
418 3311 582 3375 Nam
643 3311 698 3376 si
755 3312 816 3376 in
879 3311 1016 3376 eius
1073 3310 1259 3376 corde
1315 3311 1621 3396 cogitatio
1677 3312 1851 3396 pacis
1909 3313 2242 3391 habitaret,
2290 3333 2410 3378 non
2459 3311 2627 3394 apud

337 3417 779 3502 Carthaginem
835 3421 1059 3500 postea
1115 3437 1260 3482 cum
1319 3418 1752 3497 traditoribus,
1812 3437 1971 3502 quos
2026 3423 2388 3503 praesentes
2436 3421 2625 3501 atque

407 3731 430 3783 1
474 3730 711 3800 corporis
749 3729 919 3782 uestri
945 3728 1143 3796 slrm
1184 3729 1424 3798 corporis
1465 3745 1548 3783 ae
1645 3731 1679 3784 2
1718 3729 2072 3800 conpellimus
2108 3731 2183 3785 M
2280 3735 2311 3786 6
2350 3735 2539 3801 aporto
2568 3731 2625 3784 A

403 3819 627 3887 eminet]
680 3819 822 3871 enirn
873 3821 930 3872 et
977 3821 1056 3884 (et
1106 3823 1250 3888 emp.)
1288 3819 1346 3871 P
1519 3819 1553 3873 8
1603 3818 1968 3888 absentisque,
2008 3825 2138 3874 m.2
2174 3821 2535 3889 absentesque
2574 3818 2631 3870 P

337 3907 400 3960 10
425 3905 737 3978 probataF
759 3907 1068 3961 conlataM
1172 3907 1415 3962 conciliis
1437 3907 1490 3960 P
1563 3909 1625 3962 11
1660 3908 1941 3962 sonuerint
1971 3915 2127 3974 (corr.
2157 3925 2226 3964 m.
2248 3914 2279 3963 1
2306 3913 2622 3972 sonuerunt)

335 3994 615 4050 didicimus
651 3995 724 4050 M
831 3995 1080 4060 confessi,
1119 4013 1187 4050 m.
1211 3999 1252 4050 2
1285 3995 1546 4050 confessis
1585 3997 1641 4050 P
1746 3997 1811 4052 13
1851 3999 2031 4067 gentis
2068 3995 2131 4050 F
2266 3999 2533 4052 nominati
2568 3999 2630 4053 F

338 4085 400 4138 14
433 4085 768 4154 tigisitamus
803 4083 866 4138 F
895 4085 1240 4156 tegisitanus,
1279 4101 1415 4140 corr.
1453 4086 1773 4156 tigisitanus
1810 4086 1865 4138 P
1898 4087 2182 4156 tigisiacus
2220 4087 2294 4141 M
2433 4090 2499 4143 15
2539 4087 2621 4142 di-

333 4189 508 4227 scessa
541 4175 598 4226 A
637 4173 882 4238 discisse,
911 4192 979 4228 m.
1002 4178 1043 4229 2
1079 4174 1308 4228 discissa
1335 4175 1390 4228 P
1463 4175 1528 4228 18
1555 4175 1883 4229 Limatensis
1906 4193 1955 4228 m
1983 4175 2321 4230 Liniacensis
2351 4182 2467 4230 cett.
2500 4177 2621 4232 edd.

335 4259 398 4314 23
431 4262 730 4316 manifesta
762 4264 819 4315 A
854 4279 944 4317 ma
983 4263 1108 4323 (del.
1148 4281 1216 4317 m.
1255 4269 1320 4317 ut
1355 4262 1470 4318 uid.
1511 4263 2073 4334 2)1manifestissima
2108 4263 2164 4318 R
2308 4265 2531 4320 crimine
2568 4268 2621 4320 A

401 4348 706 4415 iudicand0,
743 4366 811 4406 m.
835 4353 874 4402 2
909 4350 1195 4405 iudicanda
1232 4350 1305 4403 M
1407 4354 1476 4406 24
1514 4367 1663 4421 pace,
1700 4369 1767 4406 m.
1793 4357 1832 4406 2
1867 4354 1986 4422 paci
2025 4353 2080 4406 P
2186 4355 2254 4408 26
2290 4351 2461 4407 habet
2496 4355 2551 4406 A
