3184 4959
1129 374 1661 444 epistularum
1718 372 1905 429 CXXI.
2528 375 2654 440 727

217 568 260 631 5
447 568 572 635 Sed
609 568 763 652 quid
802 572 920 646 est,
961 568 1132 651 quod
1173 569 1290 633 ait:
1329 568 1432 633 Po
1453 573 1630 634 stea
1676 587 1759 633 ac
1780 569 2399 635 celei-suerunt?
2436 571 2651 633 utrum

355 678 419 742 in
485 674 935 759 paenitentiam
1001 675 1172 741 sicut
1223 675 1321 740 illi
1375 676 1441 740 in
1498 675 1745 741 actibus
1802 675 2259 757 apostolorum,
2316 675 2429 759 qui
2480 674 2653 741 beati
2730 720 2733 725 -

355 784 524 849 Petri
612 782 1070 866 praedieatione
1145 781 1509 864 compuncti
1585 780 1990 847 crediderunt
2068 781 2135 847 in
2210 800 2355 847 eum
2370 831 2387 861 ,
2464 800 2653 864 quem

356 889 812 966 crucifixerant,
879 892 943 954 et
997 888 1372 954 festinantes
1428 892 1607 954 tanto
1665 888 1898 970 expiari
1954 891 2214 972 peccato
2280 886 2361 954 ad
2415 888 2653 953 donum

294 1020 322 1060 s
356 995 595 1081 gratiae
643 998 1096 1061 cucurrerunt?
1143 1014 1220 1059 an
1266 1013 1440 1075 uere,
1491 996 1643 1078 quia
1687 995 1961 1060 uirtutes
2008 993 2253 1060 animae
2300 1014 2373 1059 ex
2418 993 2540 1058 fide
2588 994 2654 1057 et

355 1102 616 1168 caritate
673 1101 774 1166 dei
829 1102 1220 1178 roborantur,
1285 1100 1418 1167 illis
1481 1101 1697 1185 impiis
1762 1105 2031 1185 utroque
2095 1101 2318 1167 uacuis
2382 1121 2449 1166 m
2463 1119 2506 1164 ιι
2522 1098 2651 1165 lti-

352 1210 518 1293 plie
538 1212 714 1274 atae
753 1210 943 1273 sunt
975 1208 1131 1273 insi
1150 1208 1487 1273 rmitate
1506 1227 1534 1273 s
1574 1208 1820 1273 animae
1860 1227 1933 1273 ex
1967 1208 2297 1291 impietate
2336 1207 2647 1273 scelerum

350 1314 693 1382 mortiferis
748 1314 1165 1399 languoribus
1222 1316 1563 1397 occupatae
1576 1317 1609 1379 Ρ
1666 1313 1961 1381 Christus
2016 1314 2247 1380 etenim
2310 1314 2526 1379 lumen
2584 1316 2648 1378 et

351 1422 489 1487 uita
542 1420 933 1487 credentium
993 1425 1096 1486 est
1150 1424 1229 1485 et
1293 1420 1610 1487 sanitas
1666 1421 1813 1487 sub
1870 1420 2157 1503 pennis
2214 1419 2413 1485 eius,
2477 1419 2647 1484 unde

261 1548 315 1588 10
351 1548 471 1594 non
518 1528 772 1607 mirum,
821 1527 876 1593 si
917 1530 981 1592 et
1017 1528 1314 1593 tenebrae
1351 1531 1418 1593 et
1461 1527 2013 1594 infirmitates
2062 1546 2095 1592 e
2114 1546 2333 1592 orum
2377 1526 2647 1591 multi-

351 1653 390 1716 p
405 1634 432 1699 1
446 1634 469 1697 i
484 1653 518 1700 c
535 1654 568 1699 a
585 1636 614 1698 t
629 1653 666 1699 a
680 1652 712 1698 e
772 1654 802 1699 s
817 1654 860 1699 u
878 1638 962 1699 nt
1015 1634 1078 1699 in
1135 1634 1486 1713 interitum,
1535 1635 1645 1718 qui
1692 1634 1895 1699 uitam
1944 1637 2010 1700 et
2052 1635 2263 1699 lucem
2308 1652 2430 1699 non
2476 1650 2645 1698 rece-

349 1743 580 1821 perunt
615 1758 820 1823 neque
859 1740 977 1805 sub
1027 1740 1248 1823 pennis
1287 1740 1424 1805 eius
1463 1759 1713 1806 manere
1754 1740 2113 1819 uoluerunt,
2156 1735 2341 1823 ‘quos,
2393 1741 2466 1804 ut
2506 1739 2645 1822 ipse

348 1845 504 1911 flens
568 1846 631 1912 in
689 1846 1020 1931 euangelio
1088 1865 1204 1912 suo
1270 1850 1681 1929 protestatur,
1748 1866 1936 1931 saepe
1992 1867 2037 1911 u
2053 1866 2088 1912 o
2105 1846 2129 1909 l
2148 1866 2187 1911 ιι
2202 1845 2271 1911 it
2324 1865 2359 1911 c
2377 1865 2411 1911 0
2426 1866 2464 1911 n
2483 1864 2569 1931 gr
2585 1865 2643 1911 e·

349 1971 535 2036 gare
573 1952 722 2018 sub
763 1952 934 2018 alas
983 1972 1194 2029 suae,
1243 1954 1465 2019 sicut
1511 1953 1829 2037 gallina
1866 1956 2317 2037 congregat
2359 1953 2639 2036 pullos

257 2084 308 2125 ιι,
349 2078 378 2123 s
391 2079 434 2123 u
451 2079 486 2125 o
505 2078 556 2137 s,
614 2062 692 2125 et
745 2079 784 2124 n
802 2079 839 2126 0
853 2061 879 2125 1
893 2080 938 2125 ιι
953 2080 986 2125 e
1001 2079 1032 2124 r
1045 2080 1088 2125 ιι
1105 2080 1144 2125 ιι
1160 2064 1208 2125 t.
1272 2060 1721 2143 multiplicatis
1778 2078 1927 2145 ergo
1982 2059 2457 2125 infirmitatibus
2516 2078 2640 2142 quo

348 2184 384 2229 a
400 2184 433 2229 e
451 2183 484 2230 c
499 2168 623 2231 ele
636 2186 667 2230 r
681 2184 776 2231 au
793 2185 826 2231 e
845 2186 874 2229 r
887 2187 932 2231 u
948 2186 984 2230 n
1003 2170 1070 2232 t?
1117 2166 1280 2233 forte
1327 2166 1392 2231 in
1431 2184 1683 2232 crucem
1733 2166 1971 2231 domini
2018 2166 2531 2233 conclamandam
2580 2169 2645 2230 et

345 2272 550 2338 inuito
585 2272 798 2338 Pilato
835 2272 1090 2338 nefariis
1129 2271 1398 2337 uocibus
1439 2272 1948 2355 extorquendam,
1987 2275 2062 2336 ut
2098 2290 2131 2336 a
2150 2272 2189 2336 d
2204 2272 2305 2337 im
2318 2292 2359 2356 p
2375 2273 2400 2337 l
2414 2291 2447 2337 e
2463 2294 2495 2339 r
2509 2292 2541 2337 e
2558 2292 2596 2337 n
2612 2276 2643 2339 t

347 2398 410 2442 m
426 2397 510 2443 en
528 2398 558 2443 s
575 2398 714 2443 ura
730 2399 794 2442 m
831 2399 871 2462 p
889 2398 924 2443 a
940 2382 1150 2443 trum
1187 2398 1276 2444 su
1299 2397 1335 2444 o
1351 2398 1540 2459 rum,
1576 2381 1655 2444 ut
1687 2378 1797 2443 isti
1827 2378 2153 2445 dominum
2190 2380 2641 2463 prophetarum

349 2485 724 2563 occiderent,
747 2506 1018 2569 quorum
1048 2490 1258 2568 patres
1287 2486 1462 2570 ipsos
1491 2485 1833 2569 prophetas
1861 2486 2329 2564 interfecerunt,
2352 2506 2388 2553 a
2408 2488 2639 2570 quibus

257 2616 310 2657 20
346 2591 449 2657 hic
478 2592 700 2657 mundi
729 2595 1011 2658 saluator
1039 2612 1180 2658 esse
1208 2596 1516 2658 uenturus
1545 2591 1973 2658 nuntiabatur.
2013 2614 2053 2675 p
2072 2612 2107 2659 o
2125 2611 2153 2657 s
2171 2596 2249 2659 te
2264 2613 2300 2657 a
2338 2612 2373 2657 a
2388 2612 2422 2658 e
2440 2613 2473 2658 e
2488 2596 2562 2659 el
2578 2614 2639 2660 e-

345 2702 765 2775 ra11erunt3
823 2698 1157 2763 ueloces
1218 2698 1382 2763 enim
1438 2698 1686 2781 pedes
1742 2718 2013 2765 eorum
2070 2698 2161 2763 ad
2220 2699 2636 2765 effunden-

346 2804 523 2869 dum
600 2804 1098 2889 sanguinem.
1175 2804 1574 2871 contritio
1642 2808 1719 2871 et
1790 2804 2263 2871 infelicitas
2328 2806 2405 2871 in
2470 2807 2635 2873 uiis

346 2931 612 2977 eorum
645 2915 721 2976 et
759 2911 970 2975 uiam
1007 2912 1237 2995 pacis
1279 2931 1314 2975 n
1335 2931 1424 2976 on
1457 2916 2040 2997 cognouerunt,
2068 2912 2136 2976 id
2168 2914 2267 2977 est
2286 2912 2634 2993 Christum,

344 3018 454 3101 qui
500 3018 684 3083 dicit:
732 3018 894 3103 Ego
945 3038 1110 3084 sum
1161 3018 1312 3083 uia.

517 3296 550 3349 2
587 3294 709 3349 Act.
746 3296 797 3359 2,
835 3296 1044 3350 37-41
1156 3296 1189 3350 8
1225 3296 1343 3352 Ioh.
1386 3297 1432 3361 1,
1471 3297 1530 3361 93
1569 3295 1621 3360 8,
1655 3296 1747 3359 12;
1788 3295 1871 3359 11,
1901 3296 1995 3362 253
2038 3296 2185 3359 14,<6
2295 3298 2329 3353 9
2356 3298 2484 3356 Mal.
2509 3301 2562 3366 4,
2597 3301 2630 3354 2

341 3385 407 3440 13
445 3384 642 3439 Matth.
680 3384 768 3449 23,
805 3384 873 3439 37
887 3405 900 3448 3
939 3384 1070 3441 Luc.
1113 3385 1194 3449 13,
1233 3386 1304 3440 34
1469 3385 1535 3439 16
1573 3386 1701 3439 Luc.
1740 3384 1828 3449 23,
1867 3384 1937 3439 23
2062 3386 2129 3439 17
2165 3384 2365 3440 Matth.
2404 3388 2491 3445 23.
2530 3388 2627 3452 32;

338 3474 432 3539 31;
469 3472 498 3527 1
536 3473 722 3527 Thess.
763 3474 814 3539 2,
857 3474 920 3528 15
1031 3474 1097 3527 21
1139 3474 1228 3527 Pe.
1272 3475 1354 3538 13,
1391 3474 1424 3528 3
1534 3474 1604 3528 24
1642 3472 1758 3527 Ioh.
1800 3474 1886 3538 14,
1925 3474 1959 3528 6
2538 3474 2543 3479 “

413 3660 438 3712 1
480 3660 566 3711 est
599 3672 642 3715 8.
679 3674 734 3713 u.
772 3661 894 3711 m.1
940 3656 991 3708 V
1097 3656 1475 3711 acceleuerunt
1519 3656 1572 3709 V
1658 3657 1692 3711 2
1730 3658 1823 3728 qui
1862 3672 1964 3714 om.
2002 3658 2069 3713 K
2102 3658 2232 3728 quia
2266 3660 2321 3712 A
2409 3660 2444 3713 4
2469 3661 2627 3713 tanto

335 3762 436 3800 om.
473 3747 550 3801 M
652 3748 686 3801 5
725 3744 872 3817 quod
911 3745 959 3800 0
1079 3748 1112 3801 6
1151 3744 1239 3799 dei
1275 3762 1379 3800 cm.
1419 3746 1472 3799 A
1601 3748 1632 3801 7
1672 3747 1757 3816 ex]
1796 3751 1851 3800 et
1893 3746 1945 3801 G
2054 3748 2086 3801 9
2124 3746 2267 3801 uude
2307 3750 2364 3801 et
2402 3764 2509 3801 non
2550 3750 2629 3815 (et

337 3834 438 3889 del.
476 3851 544 3889 m.
568 3838 628 3902 2)
653 3834 720 3889 K
801 3835 868 3889 10
904 3834 1122 3905 mirum]
1161 3834 1414 3889 nimirum
1453 3834 1534 3903 (ni
1570 3850 1711 3889 eras.
1748 3834 1891 3901 uid.)
1930 3834 1985 3889 V
2050 3836 2115 3889 11
2158 3835 2251 3905 qui
2288 3860 2374 3887 m
2414 3836 2629 3903 (fuitne

334 3920 505 3990 ura?)
545 3922 598 3975 V
731 3924 796 3978 12
835 3940 934 3993 sup
971 3923 1164 3992 pennis
1207 3922 1255 3976 G
1397 3924 1554 3993 quos]
1593 3922 1739 3992 quod
1774 3922 1880 3977 PG
2007 3923 2075 3977 13
2112 3939 2442 3993 congregare
2478 3924 2627 3994 ipsos

333 4008 434 4063 sub
471 4010 586 4065 PG
716 4012 782 4067 15
821 4010 950 4082 quo]
993 4018 1083 4081 qm
1120 4010 1164 4064 Ο
1199 4010 1331 4081 quid
1366 4010 1417 4065 G
1552 4013 1621 4067 16
1660 4027 1815 4066 cruce
1841 4011 2036 4066 MAK
2168 4012 2233 4066 17
2270 4012 2447 4083 pilito,
2484 4029 2623 4067 corr.

331 4115 400 4153 m.
422 4103 454 4152 1
491 4100 664 4169 pilato
713 4099 764 4151 V
918 4099 1176 4163 nefarius,
1213 4103 1346 4155 m.2
1379 4100 1602 4155 nefariis
1638 4100 1705 4155 K
1888 4100 1953 4155 18
1988 4116 2265 4155 mensuras
2315 4100 2365 4153 V
2518 4100 2623 4163 dm,

331 4206 399 4242 m.
422 4191 462 4243 2
497 4188 627 4243 dnm
667 4188 716 4243 G
893 4190 959 4243 19
1006 4190 1060 4259 a]
1111 4190 1169 4243 et
1206 4205 1238 4243 a
1275 4190 1329 4241 A
1509 4189 1580 4243 20
1616 4189 1743 4243 hinc
1786 4188 1838 4244 G
2054 4189 2295 4243 saluator
2330 4189 2520 4244 mundi
2556 4189 2631 4243 M

331 4278 400 4332 23
439 4280 781 4347 agnouerunt
821 4276 941 4332 GK
1080 4278 1334 4343 christus,
1369 4281 1502 4333 m.2
1538 4280 1799 4333 christum
1836 4278 1881 4334 0
