3184 4959
199 1364 322 1430 XV
358 1363 440 1427 27

463 421 592 482 200
1187 419 1238 474 S.
1281 417 1570 472 Aureli
1626 420 2061 488 Augustini

459 613 805 678 uetustatis
846 612 958 677 sed
993 613 1058 676 in
1099 613 1220 677 fide
1259 614 1588 681 nouitatis,
1638 614 1796 679 dicit
1832 615 2029 679 enim:
2080 614 2388 698 Corpus
2438 616 2753 698 quidem

463 723 867 784 mortuum
945 724 1070 784 est
1140 726 1478 806 propter
1545 727 1996 804 peccatum,
2066 723 2417 805 spiritus
2492 727 2758 788 autem

465 825 642 890 uita
681 830 806 890 est
851 832 1184 911 propter
1229 829 1675 894 iustitiam.
1726 830 1794 893 si
1844 833 2106 894 autem
2158 831 2512 912 spiritns
2562 831 2759 896 eius,

465 933 602 1014 qui
651 934 1107 999 suscitauit
1152 936 1420 1000 lesum
1470 935 1887 1002 Christum
1934 956 1971 1000 a
2016 938 2389 1013 mortuis,
2422 937 2762 1002 ‘habitat

465 1039 540 1102 in
588 1039 850 1118 uobis,
899 1042 1034 1122 qui
1085 1043 1550 1107 suscitauit
1600 1041 2015 1108 Christum
2068 1063 2103 1107 a
2150 1044 2518 1117 mortuis,
2562 1043 2762 1107 uiui·
2824 1067 2850 1106 ⁵

464 1144 767 1211 ficabit
841 1153 918 1211 et
989 1149 1378 1214 mort-alia
1452 1168 1793 1234 corpora
1874 1155 2157 1214 uestra
2237 1168 2375 1232 per
2454 1151 2765 1214 inhabi-

467 1255 775 1318 tantem
824 1255 1210 1337 spiritum
1259 1255 1437 1320 eius
1485 1257 1559 1320 in
1609 1257 1870 1321 uobis,

563 1360 737 1425 Haec
783 1367 850 1426 et
895 1381 964 1424 ex
1013 1363 1390 1427 auctoritate
1439 1363 1797 1428 diuinarum
1838 1365 2291 1447 seripturarum
2334 1369 2398 1428 et
2434 1365 2765 1428 uniuersae

471 1468 798 1540 eeclesiae,
867 1488 1025 1552 quae
1090 1473 1226 1534 toto
1298 1471 1446 1534 orbe
1503 1470 1895 1549 diffunditur,
1954 1472 2367 1536 consensione
2422 1491 2533 1554 per
2596 1472 2765 1536 anni-

471 1575 822 1640 uersarium
894 1578 1133 1658 paseha
1206 1579 1603 1644 celebrantur
1672 1579 1732 1642 in
1804 1597 2033 1662 magno
2099 1579 2341 1661 utique,
2410 1578 2579 1642 siout
2638 1579 2764 1642 iam
2806 1599 2859 1639 ιο

471 1681 816 1765 intellegi8‚
883 1687 1296 1748 sacramento,
1369 1687 1434 1748 et
1487 1685 1550 1749 in
1610 1685 1941 1766 seripturis
1998 1685 2253 1766 quidem
2310 1684 2635 1748 ueteribus
2690 1684 2767 1748 ad
2804 1769 2831 1780 .„
2888 1667 2899 1672 ⁵

476 1790 786 1874 agendum
842 1791 1078 1872 pascha
1133 1809 1256 1856 uon
1313 1797 1412 1856 est
1466 1795 1873 1873 praeceptum
1934 1797 2189 1874 tempus
2244 1791 2367 1856 nisi
2422 1811 2494 1854 ex
2555 1811 2769 1856 mense

476 1916 783 1962 nouorum
849 1898 1002 1961 luna
1065 1902 1288 1978 quarta
1352 1897 1601 1963 decima
1654 1918 1855 1980 usque
1912 1898 1989 1962 ad
2042 1897 2414 1963 uicesimam
2472 1899 2766 1980 primam

479 2021 552 2066 ex
617 2002 945 2086 euangelio
1013 2006 1245 2080 tamen,
1314 2003 1464 2085 quia
1525 2003 1933 2067 manifestum
2003 2006 2121 2078 est,
2200 2021 2325 2085 quo
2405 2004 2594 2066 etiam
2670 2002 2770 2065 die

481 2108 775 2182 dominus
839 2108 1174 2172 crucifixus
1241 2108 1329 2172 sit
1385 2111 1449 2172 et
1499 2108 1562 2172 in
1623 2109 1953 2190 sepultura
2007 2108 2196 2172 fuerit
2242 2113 2306 2172 et
2348 2107 2770 2184 resurrexerit,
2812 2129 2862 2172 ιε,

481 2214 778 2278 adiuncta
840 2219 940 2279 est
1005 2215 1191 2279 etiam
1259 2214 1544 2297 ipsorum
1612 2215 1857 2279 dierum
1924 2215 2283 2280 obseruatio
2348 2233 2459 2297 per
2521 2219 2771 2297 patrum

481 2322 752 2386 eoncilia
825 2325 891 2385 et
961 2323 1098 2387 orbi
1169 2323 1465 2387 uniuerso
1543 2321 1897 2387 Christiano
1972 2341 2345 2404 persuasum
2428 2341 2502 2386 eo
2585 2321 2771 2386 modo

481 2427 717 2510 paseha
764 2429 1064 2493 celebrari
1113 2432 1419 2510 oportere.

576 2535 1076 2620 Quadi-agesima
1139 2555 1292 2600 sane
1352 2536 1733 2600 ieiuniorum
1798 2535 1989 2599 habet
2062 2535 2503 2600 auctoritatem
2578 2538 2644 2597 et
2712 2535 2773 2598 in

486 2642 814 2706 ueteribus
877 2642 1056 2707 libris
1123 2647 1187 2706 et
1253 2661 1326 2708 ex
1388 2643 1625 2706 ieiunio
1687 2643 1896 2725 Moysi
1962 2645 2027 2706 et
2078 2643 2301 2707 Heliae
2356 2645 2421 2707 et
2474 2662 2545 2707 ex
2594 2660 2777 2706 euan-
2814 2664 2867 2706 ao

487 2749 676 2832 gelio,
745 2749 892 2831 quia
953 2749 1222 2814 totidem
1291 2749 1517 2814 diebus
1594 2749 1889 2813 dominus
1964 2748 2271 2814 ieiunauit
2344 2750 2777 2813 demonstrans

488 2856 889 2939 euangelium
953 2875 1076 2920 non
1145 2856 1479 2921 dissentire
1537 2877 1574 2920 a
1630 2857 1769 2942 lege
1836 2859 1901 2920 et
1962 2857 2308 2940 prophetie.
2383 2857 2442 2920 in
2510 2873 2779 2940 persona

669 3043 694 3096 1
737 3041 889 3094 Rom.
928 3040 978 3103 8,
1022 3040 1226 3094 10—11
1305 3041 1376 3096 20
1411 3039 1508 3094 Ex.
1547 3040 1635 3108 34,
1664 3041 1734 3095 28
1842 3041 1928 3095 111
1956 3043 2087 3111 Reg.
2120 3043 2204 3106 19,
2232 3043 2267 3097 8
2340 3045 2407 3096 21
2438 3044 2638 3100 Matth.
2665 3047 2717 3110 4,
2744 3043 2777 3097 2

565 3169 590 3220 1
631 3165 726 3219 sed
763 3165 820 3218 in
861 3165 966 3218 fide
1004 3164 1267 3218 nouit-atis
1305 3180 1407 3219 om.
1447 3165 1504 3217 P
1610 3167 1641 3218 2
1678 3173 1949 3218 mortuum
1990 3183 2057 3219 eoe
2092 3182 2249 3230 corr.⁹
2284 3168 2399 3234 fuit
2434 3171 2681 3221 mortuus
2718 3165 2785 3220 K

561 3259 743 3308 autem
779 3271 882 3308 om.
919 3253 986 3306 K
1100 3253 1132 3306 3
1173 3253 1288 3306 uita
1326 3253 1430 3322 est]
1471 3254 1617 3306 uiuit
1655 3253 1773 3307 edd.
1804 3260 2033 3322 praeter
2064 3271 2119 3308 m
2236 3257 2271 3308 4
2310 3256 2567 3309 christum
2605 3256 2777 3309 iesum

488 3345 594 3396 PB
739 3345 770 3394 5
809 3343 980 3396 iesum
1017 3339 1276 3396 christum
1314 3341 1544 3395 P²P2M
1562 3343 1580 3396 l
1600 3360 1699 3396 rm
1736 3359 1835 3397 sec.
1875 3359 2017 3397 sacr.
2059 3345 2164 3397 litt.
2338 3344 2643 3398 uiuificauit
2677 3343 2782 3396 PB

489 3432 746 3486 uiuifabit
782 3431 860 3484 P²
1039 3433 1072 3486 6
1111 3433 1354 3500 corpora]
1393 3432 1634 3485 membra
1670 3431 1725 3485 Β
1916 3437 2099 3486 uestra.
2135 3449 2256 3496 om..
2294 3439 2413 3486 m..1
2452 3421 2527 3487 ἦ
2559 3433 2689 3488 add.
2728 3433 2783 3486 Β

490 3525 522 3576 7
563 3523 678 3576 eius
715 3538 836 3581 om..
875 3539 942 3575 m.
965 3525 996 3574 1
1033 3505 1092 3573 δῖ
1123 3519 1252 3574 add.
1283 3521 1340 3572 P
1407 3519 1440 3572 8
1480 3525 1536 3573 et
1575 3523 1659 3590 ex]
1690 3537 1750 3574 ex
1780 3521 1906 3574 PM
1975 3523 2005 3574 9
2038 3521 2375 3576 confessione
2404 3521 2470 3576 K
2544 3523 2610 3576 10
2640 3521 2779 3575 cele·

489 3609 682 3664 bratur
715 3611 824 3664 PB
980 3611 1039 3664 11
1084 3609 1453 3678 intellegimus
1490 3610 1547 3662 P
1589 3595 1594 3598 ¹
1700 3611 1765 3664 13
1802 3609 1947 3674 luna,
1987 3625 2124 3663 corr.
2167 3615 2256 3673 (m.
2278 3615 2316 3664 2
2338 3609 2389 3679 ,9)
2428 3627 2459 3664 a
2494 3611 2622 3664 luna
2659 3610 2716 3663 P
2748 3626 2781 3663 a

490 3699 622 3753 luna
658 3699 778 3753 edd.
925 3701 981 3752 in
1020 3697 1086 3752 K
1239 3701 1305 3752 14
1343 3715 1404 3752 ex
1443 3715 1543 3751 om.
1583 3697 1812 3751 P¹P²M
1845 3703 1901 3752 et
1938 3715 1999 3751 ex
2035 3697 2153 3752 PK
2295 3698 2414 3753 die*
2444 3699 2579 3766 (fuit
2616 3707 2693 3757 m)
2731 3699 2786 3752 P

495 3790 562 3842 15
588 3789 694 3842 suit
720 3789 784 3842 K
889 3769 1237 3842 resurrei‘erit
1266 3787 1392 3852 (erit
1429 3803 1496 3841 ex
1523 3803 1660 3842 corr.
1686 3804 1757 3840 m.
1786 3793 1849 3840 ut
1874 3787 1990 3841 uid.
2030 3791 2079 3854 1)
2108 3787 2163 3839 P
2195 3789 2486 3842 resurrexit
2510 3785 2787 3842 BP¹P²K

496 3879 562 3932 16
602 3877 912 3931 adiunctum
950 3875 1170 3932 P¹P²K
1313 3881 1398 3930 est
1434 3893 1535 3930 om.
1574 3877 1630 3929 P
1771 3876 2141 3930 obseruationi
2178 3877 2245 3930 K
2362 3878 2426 3930 17
2467 3877 2693 3930 concilia
2731 3879 2779 3944 (a

491 3969 556 4020 in
601 3984 712 4021 ras.
761 3969 864 4021 uix
907 3984 975 4021 m.
999 3971 1048 4030 1)
1099 3967 1154 4020 Β
1199 3966 1424 4020 consilia
1460 3965 1517 4018 P
1727 3965 1873 4020 orbi·
1913 3965 2163 4019 uniuerso
2202 3966 2256 4018 P
2288 3967 2538 4020 uniuerso
2578 3965 2696 4019 orbi
2732 3965 2787 4018 Β

563 4073 878 4126 persuasum
917 4061 1002 4109 est
1038 4073 1100 4109 eo
1139 4055 1204 4110 K
1237 4053 1358 4108 edd.
1473 4057 1536 4108 19
1577 4054 2007 4124 quadragissima
2046 4055 2099 4108 Β
2240 4055 2445 4108 habent
2480 4054 2555 4109 M
2705 4054 2781 4124 in]

495 4162 556 4200 ex
593 4147 650 4198 P
735 4146 805 4199 20
841 4145 995 4198 libris
1036 4161 1098 4197 ex
1137 4149 1262 4209 (om.
1302 4149 1378 4204 et)
1410 4144 1474 4197 K
1509 4143 1631 4198 edd.
1672 4143 1923 4213 Euyippi
1959 4144 2075 4198 cod:
2114 4143 2303 4198 Paris.
2343 4147 2499 4198 2109
2585 4144 2649 4197 21
2694 4143 2784 4197 de-

493 4238 798 4288 monstrans
841 4239 926 4298 (ns
962 4250 1030 4287 m.
1053 4237 1093 4286 2
1127 4249 1306 4301 supra
1342 4249 1452 4285 ras.
1496 4237 1645 4286 3-4
1686 4233 1746 4298 l.)
1784 4232 1839 4286 P
1944 4235 2012 4286 22
2052 4232 2321 4286 desentire
2358 4233 2465 4287 PB
2573 4233 2629 4286 in
2664 4249 2785 4303 per-

493 4323 783 4378 sona—lex
821 4339 943 4387 om„
980 4339 1050 4376 m.
1073 4326 1112 4374 2
1146 4323 1209 4376 in
1245 4339 1416 4391 mar-9.
1457 4322 1588 4376 add.
1627 4319 1693 4375 K
1862 4322 1918 4374 in
1959 4321 2539 4392 persona—prophetis
2577 4337 2679 4376 om.
2716 4319 2792 4375 M
