3184 4959
497 416 627 479 462
1248 413 1303 465 S.
1360 411 1634 468 Aureli
1691 410 2127 480 Augustini

499 607 914 690 superabatur
978 604 1304 689 exemplis.
1370 625 1513 670 nam
1578 605 1782 687 primo
1850 605 2006 670 mihi
2071 605 2504 688 opponebatur
2567 605 2796 671 ciuitas

500 733 661 791 mea,
741 731 899 795 quae
974 729 1119 776 cum
1194 714 1331 776 tota
1404 714 1576 776 esset
1651 706 1738 774 in'
1779 714 1958 793 parte
2019 710 2276 788 Donati,
2343 709 2422 776 ad
2487 711 2798 776 unitatem

501 819 877 884 catholicam
913 819 1131 903 legum
1170 817 1598 900 imperialium
1637 818 1863 882 timore
1901 835 2210 882 conuersa
2247 821 2366 894 est,
2407 837 2596 899 quam
2634 837 2800 883 nunc

499 925 793 990 uidemus
856 926 947 990 ita
1009 924 1203 989 huius
1269 928 1517 988 uestrae
1582 923 2004 990 animositatis
2070 924 2414 1006 perniciem
2476 924 2797 1001 detestari,

500 1036 575 1098 ut
638 1032 703 1096 in
768 1051 843 1096 ea
910 1051 1257 1113 numquam
1313 1031 1515 1096 fuisse
1570 1030 1889 1106 credatur3
1957 1031 2050 1096 ita
2105 1031 2266 1096 aliae
2319 1032 2583 1109 multae,
2641 1050 2800 1114 quae
2865 1057 2892 1095 ε

500 1139 661 1204 mihi
706 1139 1075 1204 nominatim
1128 1137 1805 1215 commemorabantur,
1843 1140 1921 1202 ut
1963 1137 2121 1221 ipsis
2160 1138 2354 1203 rebus
2393 1157 2800 1222 agnoscerem

500 1245 691 1310 etiam
738 1245 803 1310 in
853 1244 971 1310 hac
1018 1264 1213 1310 causa
1256 1247 1425 1308 recte
1470 1244 1766 1329 intellegi
1811 1263 2022 1328 posse,
2075 1244 2245 1328 quod
2301 1245 2614 1327 scriptum
2673 1247 2798 1310 est:

502 1352 615 1416 Da
680 1351 1044 1435 sapienti
1110 1350 1628 1416 occasionem
1694 1355 1774 1416 et
1837 1351 2300 1434 sapientior
2363 1352 2543 1417 erit.
2611 1371 2802 1435 quam

502 1459 688 1524 multi
755 1458 941 1534 enim,
998 1458 1171 1540 quod
1226 1460 1397 1523 certo
1462 1458 1728 1534 scimuS,
1787 1457 1914 1522 iam
1960 1458 2268 1523 uolebant
2313 1475 2456 1524 esse
2503 1457 2804 1524 catholici

504 1564 1028 1630 manifestissima
1070 1564 1341 1648 ueritate
1391 1563 1695 1629 commoti
1742 1567 1810 1628 et
1853 1562 2260 1629 offensionem
2311 1581 2572 1630 suorum
2625 1583 2802 1628 reue·
2835 1593 2889 1630 ιο

504 1671 695 1737 rendo
770 1670 1004 1736 cotidie
1080 1669 1477 1736 differebant!
1555 1689 1748 1753 quam
1817 1671 2055 1736 multos
2131 1689 2256 1736 non
2337 1671 2596 1748 ueritas,
2681 1689 2806 1754 qua

504 1795 853 1860 numquam
908 1777 1453 1859 praesumpsistiS,
1514 1776 1623 1842 sed
1685 1777 2032 1843 obduratae
2080 1777 2562 1843 consuetudinis
2609 1797 2804 1861 graue

507 1885 835 1948 uinculum
902 1884 1284 1968 conligabat,
1350 1887 1427 1950 ut
1488 1884 1549 1948 in
1611 1884 1703 1949 eis
1759 1884 2188 1967 compleretur
2241 1884 2456 1950 diuina
2506 1885 2621 1950 illa
2667 1903 2806 1950 sen-

506 1991 735 2058 tentia:
800 1990 1086 2056 Verbis
1154 2009 1304 2057 non
1371 1990 1947 2057 emendabitur
2010 2010 2302 2056 seruus
2373 1991 2656 2069 durus;
2735 1992 2800 2056 si

508 2098 715 2162 enim
763 2101 843 2164 et
887 2097 1435 2176 intellexerit,
1486 2117 1636 2162 non
1687 2098 2106 2164 oboediet!
2159 2117 2350 2180 quam
2395 2097 2586 2164 multi
2621 2117 2804 2182 prop·
2845 2124 2898 2162 ιε

505 2207 679 2268 terea
749 2203 1060 2285 putabant
1123 2223 1339 2268 ueram
1404 2204 1740 2270 ecclesiam
1817 2223 1959 2270 esse
2026 2207 2272 2288 partem
2337 2205 2592 2284 Donati,
2658 2205 2808 2287 quia

508 2328 619 2374 eos
664 2310 745 2374 ad
792 2310 1297 2394 cognoscendam
1344 2310 1724 2376 catholicam
1769 2311 2106 2376 ueritatem
2154 2311 2466 2378 securitas
2499 2311 2806 2393 torpidos„

508 2415 875 2482 fastidiosos
942 2417 1287 2501 pigrosque
1348 2417 1650 2482 faciebat!
1719 2435 1906 2501 quam
1963 2417 2185 2482 multis
2241 2417 2486 2482 aditum
2531 2417 2806 2483 intrandi

508 2523 883 2588 obserabant
946 2541 1229 2588 rumores
1298 2522 1775 2602 maledicorum,
1836 2524 1944 2607 qui
1999 2525 2214 2589 nescio
2273 2523 2428 2606 quid
2473 2523 2650 2588 aliud·
2691 2543 2806 2588 nos

505 2629 567 2694 in
634 2631 829 2693 altare
895 2630 998 2693 dei
1062 2649 1291 2714 ponere
1347 2629 1751 2694 iactitabantl
1811 2650 2002 2712 quam
2057 2629 2247 2695 multi
2293 2629 2452 2694 nihil
2500 2631 2806 2695 interesse
2844 2655 2898 2694 20

509 2735 857 2812 credentes,
916 2737 979 2799 in
1038 2755 1163 2820 qua
1218 2737 1490 2818 quisque
1544 2739 1724 2819 parte
1775 2735 2174 2804 Christianus
2223 2737 2328 2814 sit,
2377 2735 2520 2801 ideo
2567 2756 2806 2819 perma-

509 2844 741 2906 nebant
811 2843 871 2906 in
950 2845 1127 2926 parte
1198 2843 1456 2916 Donati,
1535 2843 1682 2926 quia
1756 2843 1849 2908 ibi
1922 2843 2052 2908 nati
2119 2850 2296 2910 erant
2360 2847 2426 2908 et
2487 2862 2597 2909 eos
2663 2843 2806 2907 inde

510 2948 831 3014 discedere
880 2954 1069 3032 atque
1115 2949 1193 3014 ad
1242 2945 1640 3015 catholicam
1667 2949 1936 3014 transire
1981 2969 2164 3016 nemo
2216 2951 2511 3036 cogebat!

408 3049 487 3110 18
600 3055 717 3119 His
784 3055 1079 3121 omnibus
1144 3056 1367 3120 harum
1435 3057 1654 3140 legum
1727 3059 1946 3134 terror,
2023 3057 2256 3140 quibus
2329 3056 2808 3141 promulgandis

510 3181 691 3246 reges
756 3161 1007 3228 domino
1076 3163 1365 3228 seruiunt
1428 3163 1491 3228 in
1556 3163 1806 3240 timore,
1871 3163 1964 3228 ita
2026 3163 2284 3245 profuit,
2349 3164 2425 3228 ut
2477 3181 2645 3228 nunc
2701 3162 2810 3227 alii
2849 3187 2904 3228 ιι

687 3389 720 3440 8
760 3389 917 3442 Prou.
957 3389 1008 3444 9.
1047 3391 1080 3442 9
1194 3390 1263 3442 14
1298 3389 1458 3442 Prou.
1498 3389 1585 3452 29,
1629 3387 1695 3442 19
1805 3391 1874 3442 ‘25
1911 3387 2000 3442 Ps.
2041 3391 2093 3454 2,
2135 3390 2195 3442 11

586 3514 607 3564 1
654 3515 937 3582 superatur
974 3511 1028 3566 R
1172 3512 1549 3581 opponebatur
1586 3513 1720 3566 mihi
1757 3512 1812 3566 L
1920 3514 1953 3566 3
1991 3513 2186 3566 timore
2224 3513 2406 3582 legum
2444 3513 2808 3582 imperialium

512 3601 631 3654 edd.
760 3600 1099 3668 imperalium
1118 3600 1298 3654 MAP
1404 3603 1437 3654 5
1466 3617 1575 3654 non
1605 3617 1856 3669 unquam,
1877 3617 2016 3656 corr.
2035 3617 2316 3669 nunquam
2337 3600 2388 3653 L
2539 3601 2808 3669 multaeq:

512 3687 647 3741 mihi
685 3689 733 3740 A
880 3687 913 3742 8
953 3689 1289 3742 occasionem
1326 3689 1560 3757 sapienti
1600 3688 1656 3742 R
1803 3691 1870 3744 10
1909 3691 1986 3759 et]
2029 3689 2124 3744 sed
2161 3690 2226 3744 N
2366 3691 2427 3743 11
2473 3691 2722 3744 ueritatis
2757 3691 2812 3743 L

587 3776 710 3846 qua]
750 3776 807 3830 in
846 3793 1005 3846 quam
1043 3775 1098 3828 L
1132 3776 1191 3829 in
1228 3792 1337 3844 qua
1372 3777 1429 3830 P
1462 3776 1582 3833 edd.
1727 3779 1791 3832 12
1828 3795 1935 3832 non
1973 3795 2228 3849 unquam,
2266 3795 2402 3833 corr.
2443 3795 2718 3848 nunquam
2756 3779 2811 3832 L

584 3865 965 3935 presumpsisti
998 3865 1055 3920 R
1185 3866 1251 3920 13
1288 3865 1561 3935 religabat
1598 3865 1663 3918 N
1805 3867 1900 3921 illa
1939 3867 2126 3922 diuina
2159 3868 2270 3923 PR
2391 3869 2458 3922 15
2498 3869 2575 3936 et]
2615 3885 2720 3922 non
2759 3868 2813 3920 L

586 3953 853 4023 putabant
889 3957 1177 4025 propterea
1213 3955 1266 4008 L
1450 3955 1514 4008 17
1555 3971 1619 4008 eo
1656 3957 1712 4008 A
1868 3955 2115 4025 turpidos
2151 3957 2274 4010 MA
2459 3958 2525 4011 18
2562 3956 2721 4010 multi
2755 3957 2813 4010 R

520 4044 582 4094 19
620 4041 987 4096 obseruabant
1030 4043 1077 4095 0
1288 4058 1404 4110 nes,
1444 4059 1581 4097 corr.
1621 4043 1831 4108 (m.1.9)
1883 4045 2064 4098 nescio
2102 4045 2176 4098 M
2423 4045 2478 4098 in
2517 4045 2686 4098 altare
2725 4044 2814 4098 dei

516 4146 612 4182 nos
650 4129 703 4182 R
810 4131 873 4184 21
916 4131 980 4185 fit
1016 4131 1091 4184 M
1195 4132 1263 4186 23
1302 4129 1507 4186 discere
1544 4133 1598 4186 A
1745 4133 1814 4186 ad
1851 4149 1954 4188 om.
1994 4134 2045 4186 A
2191 4133 2539 4204 catholicam]
2580 4131 2812 4188 catholi-

517 4235 631 4271 cam
670 4218 828 4274 fidem
860 4219 915 4273 R
1060 4236 1219 4274 nemo
1256 4221 1489 4276 transire
1527 4221 1649 4276 edd.
1761 4221 1832 4274 24
1869 4221 2273 4290 permulgandis
2299 4222 2352 4274 A
2461 4223 2530 4274 25
2569 4221 2816 4276 seruiunt

519 4304 734 4361 domino
772 4308 879 4360 PL
914 4307 1037 4364 edd.
