3184 4959
374 799 415 858 4

466 402 597 465 400
1174 399 1225 452 S.
1283 399 1562 453 Aureli
1617 399 2055 468 Augustini

465 597 759 674 ‹licimuS‚
825 600 899 661 ut
964 596 1368 678 quaestiones
1432 595 1714 660 infinitas
1780 600 1970 679 atque
2035 597 2387 678 superfluas
2445 597 2522 660 de
2577 575 2764 696 sactis

462 705 810 782 hominum,
859 721 1023 785 quae
1068 703 1379 768 rationem
1424 706 1704 768 nostram
1751 703 1908 767 nihil
1952 703 2330 786 impediunt,
2379 705 2798 792 auferamus.n

556 810 683 876 Sed
746 813 813 875 et
874 829 1015 887 uos,
1081 809 1206 874 nisi
1259 809 1382 875 hoc
1439 809 1748 888 sentiatis,
1805 810 1966 875 tales
2024 810 2201 876 eritis
2261 829 2497 888 omnes,
2556 811 2763 892 qualis

465 915 743 1000 Optatus
808 917 871 981 in
935 919 1153 981 uestra
1217 918 1657 981 communione
1714 916 1900 982 uobis
1957 935 2080 981 non
2135 916 2574 1000 ignorantibus
2619 918 2763 994 fuit,

466 1022 638 1105 quod
701 1024 873 1089 absit
936 1025 1013 1088 ab
1078 1023 1343 1089 Emeriti
1408 1023 1694 1089 moribus
1761 1023 2156 1107 aliorumque
2218 1023 2468 1100 talium,
2543 1024 2764 1106 quales
2829 1049 2856 1085 ε.

466 1131 633 1213 apud
682 1150 798 1197 uos
848 1149 990 1195 esse
1037 1149 1161 1195 non
1211 1130 1432 1194 dubito
1480 1130 1672 1214 longe
1721 1149 1756 1195 a
1800 1131 1988 1195 factis
2035 1131 2212 1194 illius
2251 1131 2511 1196 alienos
2561 1150 2764 1212 neque

466 1239 631 1302 enim
706 1237 891 1302 uobis
968 1236 1281 1302 obicimus
1354 1237 1477 1302 nisi
1552 1237 1920 1302 schismatis
1996 1238 2252 1316 crimen,
2320 1256 2508 1318 quam
2573 1236 2764 1302 etiam

466 1345 793 1408 haeresem
854 1344 1020 1408 male
1084 1344 1545 1427 perseuerando
1620 1343 1886 1409 fecistis.
1965 1345 2186 1428 quanti
2261 1349 2475 1410 autem
2549 1343 2764 1408 diuino

464 1450 699 1516 iudicio
765 1450 1079 1533 pendatur
1145 1451 1263 1515 hoc
1316 1451 1585 1530 facinus,
1642 1452 1804 1536 lege,
1855 1452 2025 1534 quod
2073 1456 2136 1516 te
2183 1452 2419 1536 legisse
2467 1471 2586 1516 non
2635 1471 2766 1516 am-

463 1557 635 1640 bigo.
682 1557 969 1622 inuenies
1016 1557 1268 1622 Dathan
1316 1560 1379 1621 et
1424 1557 1662 1621 Abiron
1711 1557 1892 1623 hiatu
1949 1563 2151 1622 terrae
2208 1558 2544 1622 deuoratos
2603 1559 2766 1622 cete·
2807 1581 2860 1619 ιο

466 1683 695 1747 rosque
762 1683 1001 1742 omnes,
1069 1664 1181 1746 qui
1246 1665 1339 1728 eis
1405 1668 1874 1744 consenserant,
1939 1665 2086 1748 igne
2154 1665 2229 1729 de
2287 1664 2494 1730 medio
2551 1684 2766 1729 eorum

467 1771 775 1836 existente
841 1775 1273 1853 consumptos,
1338 1771 1498 1835 illud
1564 1790 1713 1856 ergo
1771 1773 1982 1836 scelus
2043 1771 2122 1835 ad
2177 1772 2530 1857 exemplum
2598 1771 2768 1836 deui—

464 1877 643 1941 tandi
708 1876 999 1943 dominus
1066 1878 1225 1942 deus
1288 1879 1606 1961 praesenti
1674 1878 1987 1961 supplicio
2057 1879 2404 1956 denotauit,
2470 1883 2564 1954 ut,
2623 1899 2770 1943 cum

466 1983 703 2049 talibus
776 1983 1239 2066 patientissime
1313 1985 1535 2068 parcit,
1613 1985 1788 2067 quali
1863 1985 2092 2050 ultimo
2163 1985 2400 2050 iudicio
2465 1987 2770 2062 reseruet,

468 2088 845 2155 ostenderet.
912 2109 1113 2174 neque
1170 2090 1335 2156 enim
1382 2091 1899 2174 reprehendimus
1947 2091 2222 2158 rationes
2270 2095 2540 2168 uestras,
2591 2093 2646 2158 si
2693 2111 2766 2157 eo
2807 2115 2861 2153 ιε,

466 2201 769 2281 tempore,
819 2216 943 2280 quo
990 2216 1229 2262 uesana
1273 2198 1561 2280 potentia
1606 2198 1812 2263 furere
1867 2199 2224 2264 iactabatur
2271 2197 2566 2280 Optatus,
2625 2217 2771 2264 cum

468 2305 605 2369 eius
652 2306 986 2369 accusator
1032 2308 1205 2369 esset
1249 2305 1453 2370 totius
1500 2304 1754 2370 Africae
1804 2306 2082 2388 gemitus
2139 2305 2770 2390 congemescentibus

467 2411 674 2488 uobiS,
724 2411 780 2475 si
828 2415 1039 2476 tamen
1090 2413 1239 2476 talis
1289 2431 1378 2489 eS,
1426 2413 1680 2494 qualem
1727 2417 1791 2478 te
1838 2412 2161 2497 praedicat
2205 2413 2394 2490 fama,
2444 2411 2614 2494 quod
2649 2412 2776 2477 scit

469 2519 622 2583 deus
660 2537 765 2582 me
801 2522 867 2583 et
912 2519 1165 2583 credere
1216 2523 1279 2583 et
1326 2519 1512 2598 uelle,
1553 2557 1642 2566 ——
1677 2538 1800 2584 non
1841 2539 1988 2604 ergo
2027 2519 2566 2602 reprehendimus,
2605 2519 2660 2583 si
2699 2537 2772 2582 eo

468 2629 770 2706 tempore,
838 2645 913 2690 ne
970 2628 1210 2691 multos
1270 2645 1487 2691 secum
1543 2626 2122 2692 excommunicatos
2171 2627 2450 2691 traheret
2495 2629 2560 2690 et
2607 2645 2774 2691 com·
2811 2651 2866 2686 ευ

469 2732 830 2796 munionem
876 2735 1159 2797 uestram
1212 2733 1576 2799 schismatis
1623 2732 1834 2798 furore
1879 2733 2288 2815 praecideret,
2339 2751 2480 2797 eum
2531 2751 2776 2796 excom-

469 2839 787 2904 municare
850 2839 1176 2904 noluistis.
1243 2840 1355 2905 sed
1410 2840 1530 2906 hoc
1585 2840 1798 2922 ipsum
1856 2842 1975 2917 est,
2033 2838 2205 2922 quod
2259 2859 2376 2904 uos
2435 2839 2646 2924 arguit
2709 2839 2771 2902 in

468 2945 703 3010 iudicio
752 2946 873 3023 dei,
922 2947 1117 3010 frater
1160 2945 1461 3024 Emerite,
1511 2946 1680 3027 quia,
1729 2965 1876 3011 cum
1931 2945 2235 3010 uideretis
2282 2949 2413 3011 tam
2470 2963 2770 3029 magnum

469 3053 711 3116 malum
758 3071 897 3116 esse
946 3052 1149 3116 diuidi
1192 3055 1435 3134 partem
1483 3053 1740 3131 Donati,
1791 3056 1863 3117 ut
1907 3051 2182 3134 Optatus
2230 3052 2446 3136 potius
2495 3053 2554 3115 in
2606 3071 2775 3118 com-

470 3158 768 3224 muuione
832 3159 1198 3224 tolerandus
1264 3160 1750 3236 existimaretur,
1817 3179 2006 3242 quam
2073 3159 2236 3222 illud
2313 3157 2772 3224 admitteretur,
2811 3181 2866 3219 25

652 3385 719 3439 10
755 3383 915 3440 Num.
957 3386 1039 3450 16,
1079 3387 1293 3441 27-35

543 3510 576 3561 2
616 3507 946 3562 autferamus
986 3511 1033 3574 (t
1068 3523 1185 3577 exp.
1225 3526 1293 3562 m.
1317 3513 1374 3575 2)
1414 3507 1489 3562 Μ
1612 3510 1644 3563 6
1683 3525 1779 3562 uos
1807 3533 1835 3559 ι
1875 3513 1930 3574 (11
1969 3509 2135 3578 eras)
2169 3507 2246 3562 M
2376 3508 2409 3561 8
2445 3506 2680 3560 heresim
2715 3506 2770 3560 R

473 3599 592 3652 edd.
774 3599 807 3651 9
854 3597 1099 3661 facimus»,
1145 3615 1260 3654 ras,
1306 3598 1517 3652 facinus
1563 3599 1620 3651 P
1827 3599 2056 3668 legesse‚
2105 3615 2242 3652 corr.
2292 3602 2412 3650 m.1
2455 3596 2656 3665 legisse
2701 3595 2774 3648 M

475 3690 541 3743 12
580 3689 863 3751 existente,
900 3703 969 3740 m.
990 3691 1031 3742 2
1067 3689 1294 3743 exeunte
1331 3687 1387 3740 P
1528 3686 1726 3756 scelus]
1769 3687 1996 3742 celerius
2027 3690 2077 3740 A
2181 3687 2248 3740 14
2283 3684 2680 3755 patientissime
2705 3684 2770 3736 in

461 3777 582 3846 fine
620 3793 671 3830 u.
712 3793 833 3840 om„
872 3793 939 3830 m.
961 3782 993 3829 1
1027 3775 1091 3830 in
1127 3793 1300 3846 marq.
1342 3774 1472 3831 aad.
1510 3775 1585 3829 Μ
1799 3775 1958 3846 quale
1993 3775 2119 3829 Pm
2333 3777 2574 3828 reseruet
2611 3775 2668 3826 et
2699 3773 2776 3826 M

474 3868 539 3920 16
578 3865 847 3936 potentia]
887 3865 1152 3919 iactantia
1188 3865 1245 3920 R
1430 3867 1495 3919 17
1534 3868 1875 3920 accusatores
1910 3863 2008 3918 sed
2042 3862 2217 3918 totius
2255 3862 2437 3916 MFA
2651 3877 2768 3915 cum

473 3955 896 4024 gemiscentibus
933 3955 989 4010 R
1172 3955 1237 4009 18
1276 3955 1513 4023 qualem]
1554 3954 1732 4024 qualis
1768 3953 1844 4007 Μ
2015 3953 2087 4008 20
2133 3969 2202 4006 116
2239 3952 2303 4006 in
2329 3951 2450 4020 fine
2481 3967 2540 4004 u.
2577 3965 2681 4004 om.
2718 3949 2774 4002 P

545 4045 1045 4109 excommunicatoS,
1076 4059 1214 4098 corr.
1243 4061 1312 4097 m.
1332 4048 1365 4096 1
1392 4043 1882 4096 excommunicatus
1911 4041 1968 4096 R
1995 4042 2485 4096 excommunicatus
2512 4040 2567 4092 P
2581 4039 2652 4107 fl
2667 4055 2698 4090 r
2717 4055 2768 4090 m

472 4134 536 4188 21
580 4136 819 4187 uestram
858 4135 933 4200 (m
969 4133 1033 4186 in
1070 4148 1182 4186 ras.
1221 4149 1291 4186 m.
1310 4136 1360 4200 1)
1395 4131 1459 4185 F
1534 4131 1604 4186 23
1643 4129 1732 4184 dei
1767 4131 1831 4185 in
1857 4131 1979 4200 fine
2013 4147 2068 4184 u.
2109 4146 2212 4186 om.
2247 4131 2304 4184 R
2413 4127 2554 4198 quod
2572 4127 2762 4194 slrm

544 4221 792 4276 uideritis
826 4223 884 4278 R
1038 4223 1108 4276 24
1146 4221 1573 4274 communionem
1613 4219 1768 4274 codd.
1811 4237 1894 4274 ae
2045 4221 2114 4273 25
2155 4219 2554 4273 ammitteretur
2587 4213 2768 4270 MFA

474 4313 813 4366 amitteretur
847 4311 903 4365 P
