<?xml version="1.0" encoding="UTF-8"?>
<!DOCTYPE html PUBLIC "-//W3C//DTD XHTML 1.0 Transitional//EN"
    "http://www.w3.org/TR/xhtml1/DTD/xhtml1-transitional.dtd">
<html xmlns="http://www.w3.org/1999/xhtml" xml:lang="en" lang="en">
 <head>
  <title>
</title>
<meta http-equiv="Content-Type" content="text/html;charset=utf-8" />
  <meta name='ocr-system' content='tesseract 3.04.00' />
  <meta name='ocr-capabilities' content='ocr_page ocr_carea ocr_par ocr_line ocrx_word'/>
</head>
<body>
  <div class='ocr_page' id='page_1' title='image "./corpusscriptoru26wiengoog_0380.png"; bbox 0 0 3184 4959; ppageno 0'>
   <div class='ocr_carea' id='block_1_1' title="bbox 519 401 2092 470">
    <p class='ocr_par' dir='ltr' id='par_1_1' title="bbox 519 401 2092 470">
     <span class='ocr_line' id='line_1_1' title="bbox 519 401 2092 470; baseline -0.005 -9"><span class='ocrx_word' id='word_1_1' title='bbox 519 407 648 469; x_wconf 74' lang='lat'><strong>364</strong></span> <span class='ocrx_word' id='word_1_2' title='bbox 1219 403 1271 454; x_wconf 83' lang='lat' dir='ltr'><strong>S.</strong></span> <span class='ocrx_word' id='word_1_3' title='bbox 1329 401 1600 454; x_wconf 81' lang='lat' dir='ltr'>Aureli</span> <span class='ocrx_word' id='word_1_4' title='bbox 1658 401 2092 470; x_wconf 76' lang='lat' dir='ltr'>Augustini</span> 
     </span>
    </p>
   </div>
   <div class='ocr_carea' id='block_1_2' title="bbox 420 593 2900 3249">
    <p class='ocr_par' dir='ltr' id='par_1_2' title="bbox 512 593 2887 1214">
     <span class='ocr_line' id='line_1_2' title="bbox 514 593 2802 682; baseline -0.001 -19"><span class='ocrx_word' id='word_1_5' title='bbox 514 600 737 682; x_wconf 90' lang='lat' dir='ltr'><strong>nisque</strong></span> <span class='ocrx_word' id='word_1_6' title='bbox 804 598 1230 682; x_wconf 76' lang='lat' dir='ltr'>congruentia,</span> <span class='ocrx_word' id='word_1_7' title='bbox 1298 615 1444 661; x_wconf 91' lang='lat' dir='ltr'><strong>cum</strong></span> <span class='ocrx_word' id='word_1_8' title='bbox 1508 615 1610 660; x_wconf 91' lang='lat' dir='ltr'><strong>me</strong></span> <span class='ocrx_word' id='word_1_9' title='bbox 1677 594 1940 660; x_wconf 88' lang='lat' dir='ltr'><strong>adiuuet</strong></span> <span class='ocrx_word' id='word_1_10' title='bbox 1994 593 2184 658; x_wconf 85' lang='lat' dir='ltr'><strong>etiam</strong></span> <span class='ocrx_word' id='word_1_11' title='bbox 2243 595 2614 677; x_wconf 85' lang='lat' dir='ltr'><strong>prophetica</strong></span> <span class='ocrx_word' id='word_1_12' title='bbox 2666 615 2802 660; x_wconf 83' lang='lat' dir='ltr'><strong>sen-</strong></span> 
     </span>
     <span class='ocr_line' id='line_1_3' title="bbox 513 701 2804 788; baseline -0 -19"><span class='ocrx_word' id='word_1_13' title='bbox 513 707 734 784; x_wconf 85' lang='lat' dir='ltr'><strong>tentia,</strong></span> <span class='ocrx_word' id='word_1_14' title='bbox 802 724 926 788; x_wconf 90' lang='lat' dir='ltr'><strong>qua</strong></span> <span class='ocrx_word' id='word_1_15' title='bbox 989 704 1144 769; x_wconf 86' lang='lat' dir='ltr'><strong>dicit</strong></span> <span class='ocrx_word' id='word_1_16' title='bbox 1208 704 1364 768; x_wconf 91' lang='lat' dir='ltr'><strong>deus</strong></span> <span class='ocrx_word' id='word_1_17' title='bbox 1432 723 1500 768; x_wconf 89' lang='lat' dir='ltr'><strong>se</strong></span> <span class='ocrx_word' id='word_1_18' title='bbox 1555 703 1650 766; x_wconf 89' lang='lat' dir='ltr'><strong>illi</strong></span> <span class='ocrx_word' id='word_1_19' title='bbox 1705 702 1942 785; x_wconf 87' lang='lat' dir='ltr'><strong>populo</strong></span> <span class='ocrx_word' id='word_1_20' title='bbox 1999 701 2252 767; x_wconf 80' lang='lat' dir='ltr'><strong>dedisse</strong></span> <span class='ocrx_word' id='word_1_21' title='bbox 2305 708 2639 786; x_wconf 87' lang='lat' dir='ltr'><strong>praecepta</strong></span> <span class='ocrx_word' id='word_1_22' title='bbox 2681 723 2804 768; x_wconf 89' lang='grc'>11011</span> 
     </span>
     <span class='ocr_line' id='line_1_4' title="bbox 514 809 2802 894; baseline 0.001 -20"><span class='ocrx_word' id='word_1_23' title='bbox 514 813 718 877; x_wconf 80' lang='lat' dir='ltr'><strong>bona?</strong></span> <span class='ocrx_word' id='word_1_24' title='bbox 784 811 943 876; x_wconf 87' lang='lat' dir='ltr'><strong>forte</strong></span> <span class='ocrx_word' id='word_1_25' title='bbox 1006 811 1171 876; x_wconf 89' lang='lat' dir='ltr'><strong>enim</strong></span> <span class='ocrx_word' id='word_1_26' title='bbox 1230 815 1565 894; x_wconf 85' lang='lat' dir='ltr'><strong>propterea</strong></span> <span class='ocrx_word' id='word_1_27' title='bbox 1619 829 1740 875; x_wconf 89' lang='lat' dir='ltr'><strong>non</strong></span> <span class='ocrx_word' id='word_1_28' title='bbox 1796 809 1955 875; x_wconf 87' lang='lat' dir='ltr'><strong>dixit</strong></span> <span class='ocrx_word' id='word_1_29' title='bbox 2007 812 2174 875; x_wconf 87' lang='lat' dir='ltr'><strong>mala</strong></span> <span class='ocrx_word' id='word_1_30' title='bbox 2229 811 2340 876; x_wconf 89' lang='lat' dir='ltr'><strong>sed</strong></span> <span class='ocrx_word' id='word_1_31' title='bbox 2385 814 2636 876; x_wconf 90' lang='lat' dir='ltr'><strong>tantum</strong></span> <span class='ocrx_word' id='word_1_32' title='bbox 2685 833 2802 878; x_wconf 93' lang='lat' dir='ltr'><strong>non</strong></span> 
     </span>
     <span class='ocr_line' id='line_1_5' title="bbox 513 916 2804 996; baseline 0.001 -14"><span class='ocrx_word' id='word_1_33' title='bbox 513 920 697 987; x_wconf 84' lang='lat' dir='ltr'><strong>bona.</strong></span> <span class='ocrx_word' id='word_1_34' title='bbox 763 918 828 982; x_wconf 87' lang='lat' dir='ltr'><strong>id</strong></span> <span class='ocrx_word' id='word_1_35' title='bbox 896 923 993 982; x_wconf 89' lang='lat' dir='ltr'><strong>est</strong></span> <span class='ocrx_word' id='word_1_36' title='bbox 1060 939 1177 982; x_wconf 91' lang='lat' dir='ltr'><strong>non</strong></span> <span class='ocrx_word' id='word_1_37' title='bbox 1236 919 1407 996; x_wconf 87' lang='lat' dir='ltr'><strong>talia,</strong></span> <span class='ocrx_word' id='word_1_38' title='bbox 1464 922 1539 982; x_wconf 92' lang='lat' dir='ltr'><strong>ut</strong></span> <span class='ocrx_word' id='word_1_39' title='bbox 1594 918 1723 981; x_wconf 90' lang='lat' dir='ltr'><strong>illis</strong></span> <span class='ocrx_word' id='word_1_40' title='bbox 1779 916 2066 982; x_wconf 90' lang='lat' dir='ltr'><strong>homines</strong></span> <span class='ocrx_word' id='word_1_41' title='bbox 2120 919 2269 983; x_wconf 90' lang='lat' dir='ltr'><strong>boni</strong></span> <span class='ocrx_word' id='word_1_42' title='bbox 2315 919 2470 984; x_wconf 88' lang='lat' dir='ltr'><strong>fiant</strong></span> <span class='ocrx_word' id='word_1_43' title='bbox 2514 923 2626 984; x_wconf 87' lang='lat' dir='ltr'><strong>aut</strong></span> <span class='ocrx_word' id='word_1_44' title='bbox 2671 921 2804 984; x_wconf 86' lang='lat' dir='ltr'><strong>sine</strong></span> 
     </span>
     <span class='ocr_line' id='line_1_6' title="bbox 512 1025 2887 1110; baseline 0.001 -20"><span class='ocrx_word' id='word_1_45' title='bbox 512 1027 646 1091; x_wconf 88' lang='lat' dir='ltr'><strong>illis</strong></span> <span class='ocrx_word' id='word_1_46' title='bbox 718 1025 867 1090; x_wconf 88' lang='lat' dir='ltr'><strong>boni</strong></span> <span class='ocrx_word' id='word_1_47' title='bbox 941 1045 1061 1089; x_wconf 93' lang='lat' dir='ltr'><strong>non</strong></span> <span class='ocrx_word' id='word_1_48' title='bbox 1128 1025 1299 1090; x_wconf 87' lang='lat' dir='ltr'><strong>fiant.</strong></span> <span class='ocrx_word' id='word_1_49' title='bbox 1374 1025 1608 1090; x_wconf 89' lang='lat' dir='ltr'><strong>uellem</strong></span> <span class='ocrx_word' id='word_1_50' title='bbox 1675 1044 1777 1088; x_wconf 90' lang='lat' dir='ltr'><strong>me</strong></span> <span class='ocrx_word' id='word_1_51' title='bbox 1844 1025 2097 1090; x_wconf 85' lang='lat' dir='ltr'><strong>doceret</strong></span> <span class='ocrx_word' id='word_1_52' title='bbox 2151 1025 2424 1110; x_wconf 87' lang='lat' dir='ltr'><strong>benigna</strong></span> <span class='ocrx_word' id='word_1_53' title='bbox 2477 1026 2804 1092; x_wconf 80' lang='lat' dir='ltr'><strong>sinceritas</strong></span> <span class='ocrx_word' id='word_1_54' title='bbox 2863 1046 2887 1082; x_wconf 79' lang='lat'><strong>⁵</strong></span> 
     </span>
     <span class='ocr_line' id='line_1_7' title="bbox 513 1131 2806 1214; baseline -0.001 -16"><span class='ocrx_word' id='word_1_55' title='bbox 513 1137 646 1214; x_wconf 82' lang='lat' dir='ltr'><strong>tua,</strong></span> <span class='ocrx_word' id='word_1_56' title='bbox 694 1138 910 1197; x_wconf 86' lang='lat' dir='ltr'><strong>utrum</strong></span> <span class='ocrx_word' id='word_1_57' title='bbox 956 1133 1252 1197; x_wconf 88' lang='lat' dir='ltr'><strong>simulate</strong></span> <span class='ocrx_word' id='word_1_58' title='bbox 1300 1132 1636 1213; x_wconf 90' lang='lat' dir='ltr'><strong>quisquam</strong></span> <span class='ocrx_word' id='word_1_59' title='bbox 1677 1133 1936 1195; x_wconf 87' lang='lat' dir='ltr'><strong>sanctus</strong></span> <span class='ocrx_word' id='word_1_60' title='bbox 1975 1131 2318 1209; x_wconf 79' lang='lat' dir='ltr'><strong>orientalis,</strong></span> <span class='ocrx_word' id='word_1_61' title='bbox 2356 1151 2500 1197; x_wconf 85' lang='lat' dir='ltr'><strong>cum</strong></span> <span class='ocrx_word' id='word_1_62' title='bbox 2538 1133 2806 1198; x_wconf 81' lang='lat' dir='ltr'>Romam</span> 
     </span>
    </p>

    <p class='ocr_par' dir='ltr' id='par_1_3' title="bbox 444 1238 2900 2697">
     <span class='ocr_line' id='line_1_8' title="bbox 444 1238 2804 1324; baseline 0 -17"><span class='ocrx_word' id='word_1_63' title='bbox 444 1301 449 1307; x_wconf 87' lang='lat'>.</span> <span class='ocrx_word' id='word_1_64' title='bbox 515 1240 779 1309; x_wconf 82' lang='lat' dir='ltr'><strong>uenerit,</strong></span> <span class='ocrx_word' id='word_1_65' title='bbox 846 1239 1087 1304; x_wconf 90' lang='lat' dir='ltr'><strong>ieiunet</strong></span> <span class='ocrx_word' id='word_1_66' title='bbox 1148 1239 1410 1303; x_wconf 89' lang='lat' dir='ltr'><strong>sabbato</strong></span> <span class='ocrx_word' id='word_1_67' title='bbox 1478 1241 1733 1320; x_wconf 82' lang='lat' dir='ltr'><strong>excepto</strong></span> <span class='ocrx_word' id='word_1_68' title='bbox 1799 1238 1909 1301; x_wconf 92' lang='lat' dir='ltr'><strong>illo</strong></span> <span class='ocrx_word' id='word_1_69' title='bbox 1979 1239 2078 1302; x_wconf 85' lang='lat' dir='ltr'><strong>die</strong></span> <span class='ocrx_word' id='word_1_70' title='bbox 2145 1239 2459 1319; x_wconf 84' lang='lat' dir='ltr'><strong>paschalis</strong></span> <span class='ocrx_word' id='word_1_71' title='bbox 2527 1239 2804 1324; x_wconf 87' lang='lat' dir='ltr'><strong>uigiliae.</strong></span> 
     </span>
     <span class='ocr_line' id='line_1_9' title="bbox 516 1345 2807 1430; baseline 0 -18"><span class='ocrx_word' id='word_1_72' title='bbox 516 1348 685 1430; x_wconf 90' lang='lat' dir='ltr'><strong>quod</strong></span> <span class='ocrx_word' id='word_1_73' title='bbox 751 1347 805 1412; x_wconf 91' lang='lat' dir='ltr'><strong>si</strong></span> <span class='ocrx_word' id='word_1_74' title='bbox 870 1348 1107 1411; x_wconf 89' lang='lat' dir='ltr'><strong>malum</strong></span> <span class='ocrx_word' id='word_1_75' title='bbox 1166 1365 1307 1411; x_wconf 87' lang='lat' dir='ltr'><strong>esse</strong></span> <span class='ocrx_word' id='word_1_76' title='bbox 1365 1345 1724 1422; x_wconf 84' lang='lat' dir='ltr'><strong>dixerimus,</strong></span> <span class='ocrx_word' id='word_1_77' title='bbox 1781 1363 1901 1409; x_wconf 91' lang='lat' dir='ltr'><strong>non</strong></span> <span class='ocrx_word' id='word_1_78' title='bbox 1961 1347 2168 1410; x_wconf 87' lang='lat' dir='ltr'><strong>solum</strong></span> <span class='ocrx_word' id='word_1_79' title='bbox 2217 1345 2562 1410; x_wconf 80' lang='lat' dir='ltr'><strong>Romanam</strong></span> <span class='ocrx_word' id='word_1_80' title='bbox 2611 1348 2807 1412; x_wconf 89' lang='lat' dir='ltr'><strong>eccle-</strong></span> 
     </span>
     <span class='ocr_line' id='line_1_10' title="bbox 518 1452 2805 1535; baseline -0 -16"><span class='ocrx_word' id='word_1_81' title='bbox 518 1454 678 1520; x_wconf 83' lang='lat' dir='ltr'><strong>siam</strong></span> <span class='ocrx_word' id='word_1_82' title='bbox 728 1455 839 1519; x_wconf 85' lang='lat' dir='ltr'><strong>sed</strong></span> <span class='ocrx_word' id='word_1_83' title='bbox 886 1454 1075 1518; x_wconf 87' lang='lat' dir='ltr'><strong>etiam</strong></span> <span class='ocrx_word' id='word_1_84' title='bbox 1124 1454 1331 1517; x_wconf 86' lang='lat' dir='ltr'><strong>multa</strong></span> <span class='ocrx_word' id='word_1_85' title='bbox 1378 1453 1433 1516; x_wconf 92' lang='lat' dir='ltr'><strong>ei</strong></span> <span class='ocrx_word' id='word_1_86' title='bbox 1482 1453 1694 1516; x_wconf 87' lang='lat' dir='ltr'><strong>uicina</strong></span> <span class='ocrx_word' id='word_1_87' title='bbox 1748 1455 1813 1516; x_wconf 88' lang='lat' dir='ltr'><strong>et</strong></span> <span class='ocrx_word' id='word_1_88' title='bbox 1867 1452 2190 1535; x_wconf 87' lang='lat' dir='ltr'><strong>aliquanto</strong></span> <span class='ocrx_word' id='word_1_89' title='bbox 2246 1453 2583 1518; x_wconf 76' lang='lat' dir='ltr'><strong>remotiora</strong></span> <span class='ocrx_word' id='word_1_90' title='bbox 2638 1454 2805 1518; x_wconf 86' lang='lat' dir='ltr'><strong>dam-</strong></span> 
     </span>
     <span class='ocr_line' id='line_1_11' title="bbox 516 1559 2898 1638; baseline -0.001 -12"><span class='ocrx_word' id='word_1_91' title='bbox 516 1561 827 1638; x_wconf 84' lang='lat' dir='ltr'><strong>nabimus,</strong></span> <span class='ocrx_word' id='word_1_92' title='bbox 904 1561 1015 1624; x_wconf 90' lang='lat' dir='ltr'><strong>ubi</strong></span> <span class='ocrx_word' id='word_1_93' title='bbox 1088 1579 1227 1624; x_wconf 88' lang='lat' dir='ltr'><strong>mos</strong></span> <span class='ocrx_word' id='word_1_94' title='bbox 1300 1560 1471 1624; x_wconf 91' lang='lat' dir='ltr'><strong>idem</strong></span> <span class='ocrx_word' id='word_1_95' title='bbox 1536 1562 1790 1624; x_wconf 91' lang='lat' dir='ltr'><strong>tenetur</strong></span> <span class='ocrx_word' id='word_1_96' title='bbox 1853 1565 1916 1623; x_wconf 89' lang='lat' dir='ltr'><strong>et</strong></span> <span class='ocrx_word' id='word_1_97' title='bbox 1980 1563 2211 1626; x_wconf 87' lang='lat' dir='ltr'><strong>manet.</strong></span> <span class='ocrx_word' id='word_1_98' title='bbox 2289 1559 2341 1623; x_wconf 90' lang='lat' dir='ltr'><strong>si</strong></span> <span class='ocrx_word' id='word_1_99' title='bbox 2406 1563 2617 1625; x_wconf 88' lang='lat' dir='ltr'><strong>autem</strong></span> <span class='ocrx_word' id='word_1_100' title='bbox 2685 1579 2802 1624; x_wconf 93' lang='lat' dir='ltr'><strong>non</strong></span> <span class='ocrx_word' id='word_1_101' title='bbox 2849 1581 2898 1616; x_wconf 80' lang='grc' dir='ltr'><strong>ιο</strong></span> 
     </span>
     <span class='ocr_line' id='line_1_12' title="bbox 516 1666 2810 1750; baseline -0.001 -17"><span class='ocrx_word' id='word_1_102' title='bbox 516 1668 797 1733; x_wconf 85' lang='lat' dir='ltr'><strong>ieiunare</strong></span> <span class='ocrx_word' id='word_1_103' title='bbox 844 1668 1105 1732; x_wconf 87' lang='lat' dir='ltr'><strong>sabbato</strong></span> <span class='ocrx_word' id='word_1_104' title='bbox 1154 1666 1391 1730; x_wconf 87' lang='lat' dir='ltr'><strong>malum</strong></span> <span class='ocrx_word' id='word_1_105' title='bbox 1439 1667 1899 1750; x_wconf 85' lang='lat' dir='ltr'><strong>putauerimus‚</strong></span> <span class='ocrx_word' id='word_1_106' title='bbox 1947 1670 2046 1732; x_wconf 83' lang='lat' dir='ltr'><strong>tot</strong></span> <span class='ocrx_word' id='word_1_107' title='bbox 2091 1667 2392 1731; x_wconf 86' lang='lat' dir='ltr'><strong>ecclesias</strong></span> <span class='ocrx_word' id='word_1_108' title='bbox 2441 1667 2698 1733; x_wconf 88' lang='lat' dir='ltr'><strong>orientis</strong></span> <span class='ocrx_word' id='word_1_109' title='bbox 2747 1673 2810 1731; x_wconf 87' lang='lat' dir='ltr'><strong>et</strong></span> 
     </span>
     <span class='ocr_line' id='line_1_13' title="bbox 517 1773 2808 1857; baseline -0.001 -18"><span class='ocrx_word' id='word_1_110' title='bbox 517 1776 725 1840; x_wconf 86' lang='lat' dir='ltr'><strong>multo</strong></span> <span class='ocrx_word' id='word_1_111' title='bbox 772 1775 1073 1840; x_wconf 84' lang='lat' dir='ltr'><strong>maiorem</strong></span> <span class='ocrx_word' id='word_1_112' title='bbox 1124 1775 1291 1839; x_wconf 88' lang='lat' dir='ltr'><strong>orbis</strong></span> <span class='ocrx_word' id='word_1_113' title='bbox 1341 1773 1683 1840; x_wconf 77' lang='lat' dir='ltr'><strong>Christiani</strong></span> <span class='ocrx_word' id='word_1_114' title='bbox 1728 1780 1970 1855; x_wconf 87' lang='lat' dir='ltr'><strong>partem</strong></span> <span class='ocrx_word' id='word_1_115' title='bbox 2019 1795 2144 1857; x_wconf 88' lang='lat' dir='ltr'><strong>qua</strong></span> <span class='ocrx_word' id='word_1_116' title='bbox 2187 1775 2546 1840; x_wconf 86' lang='lat' dir='ltr'><strong>temeritate</strong></span> <span class='ocrx_word' id='word_1_117' title='bbox 2603 1774 2808 1839; x_wconf 85' lang='lat' dir='ltr'><strong>crimi-</strong></span> 
     </span>
     <span class='ocr_line' id='line_1_14' title="bbox 517 1881 2806 1964; baseline 0 -19"><span class='ocrx_word' id='word_1_118' title='bbox 517 1882 833 1946; x_wconf 82' lang='lat' dir='ltr'><strong>nabimur!</strong></span> <span class='ocrx_word' id='word_1_119' title='bbox 900 1883 1188 1964; x_wconf 88' lang='lat' dir='ltr'><strong>placetne</strong></span> <span class='ocrx_word' id='word_1_120' title='bbox 1252 1882 1391 1962; x_wconf 75' lang='lat' dir='ltr'><strong>tibi,</strong></span> <span class='ocrx_word' id='word_1_121' title='bbox 1459 1885 1533 1945; x_wconf 90' lang='grc'><strong>111</strong></span> <span class='ocrx_word' id='word_1_122' title='bbox 1597 1881 1876 1946; x_wconf 84' lang='grc' dir='ltr'>111οᾶ111111</span> <span class='ocrx_word' id='word_1_123' title='bbox 1941 1881 2239 1964; x_wconf 83' lang='lat' dir='ltr'><strong>quiddam</strong></span> <span class='ocrx_word' id='word_1_124' title='bbox 2305 1901 2444 1946; x_wconf 86' lang='lat' dir='ltr'><strong>esse</strong></span> <span class='ocrx_word' id='word_1_125' title='bbox 2501 1881 2806 1957; x_wconf 63' lang='lat' dir='ltr'><strong>dicamus⁹</strong></span> 
     </span>
     <span class='ocr_line' id='line_1_15' title="bbox 521 1988 2808 2071; baseline 0 -19"><span class='ocrx_word' id='word_1_126' title='bbox 521 1990 687 2070; x_wconf 88' lang='lat' dir='ltr'><strong>quod</strong></span> <span class='ocrx_word' id='word_1_127' title='bbox 762 1993 970 2052; x_wconf 85' lang='lat' dir='ltr'><strong>tamen</strong></span> <span class='ocrx_word' id='word_1_128' title='bbox 1040 1989 1428 2070; x_wconf 82' lang='lat' dir='ltr'><strong>acceptabile</strong></span> <span class='ocrx_word' id='word_1_129' title='bbox 1494 1989 1579 2052; x_wconf 85' lang='lat' dir='ltr'><strong>sit</strong></span> <span class='ocrx_word' id='word_1_130' title='bbox 1644 1989 1722 2066; x_wconf 81' lang='lat' dir='ltr'><strong>ei,</strong></span> <span class='ocrx_word' id='word_1_131' title='bbox 1791 1989 1899 2071; x_wconf 90' lang='lat' dir='ltr'><strong>qui</strong></span> <span class='ocrx_word' id='word_1_132' title='bbox 1964 1990 2083 2054; x_wconf 87' lang='lat' dir='ltr'><strong>hoc</strong></span> <span class='ocrx_word' id='word_1_133' title='bbox 2147 2009 2267 2054; x_wconf 90' lang='lat' dir='ltr'><strong>non</strong></span> <span class='ocrx_word' id='word_1_134' title='bbox 2335 1988 2632 2053; x_wconf 85' lang='lat' dir='ltr'><strong>simulate</strong></span> <span class='ocrx_word' id='word_1_135' title='bbox 2699 1989 2808 2052; x_wconf 87' lang='lat' dir='ltr'><strong>sed</strong></span> 
     </span>
     <span class='ocr_line' id='line_1_16' title="bbox 521 2095 2900 2179; baseline -0.003 -20"><span class='ocrx_word' id='word_1_136' title='bbox 521 2097 890 2179; x_wconf 87' lang='lat' dir='ltr'><strong>congruenti</strong></span> <span class='ocrx_word' id='word_1_137' title='bbox 938 2095 1241 2160; x_wconf 86' lang='lat' dir='ltr'><strong>societate</strong></span> <span class='ocrx_word' id='word_1_138' title='bbox 1287 2099 1477 2178; x_wconf 88' lang='lat' dir='ltr'><strong>atque</strong></span> <span class='ocrx_word' id='word_1_139' title='bbox 1528 2095 1932 2160; x_wconf 88' lang='lat' dir='ltr'><strong>obseruantia</strong></span> <span class='ocrx_word' id='word_1_140' title='bbox 1977 2096 2239 2160; x_wconf 80' lang='lat' dir='ltr'><strong>fecerit?</strong></span> <span class='ocrx_word' id='word_1_141' title='bbox 2288 2099 2352 2160; x_wconf 86' lang='lat' dir='ltr'><strong>et</strong></span> <span class='ocrx_word' id='word_1_142' title='bbox 2395 2098 2606 2160; x_wconf 88' lang='lat' dir='ltr'><strong>tamen</strong></span> <span class='ocrx_word' id='word_1_143' title='bbox 2655 2095 2810 2159; x_wconf 90' lang='lat' dir='ltr'><strong>nihil</strong></span> <span class='ocrx_word' id='word_1_144' title='bbox 2849 2115 2900 2153; x_wconf 85' lang='lat'><strong>15</strong></span> 
     </span>
     <span class='ocr_line' id='line_1_17' title="bbox 518 2201 2806 2286; baseline 0 -22"><span class='ocrx_word' id='word_1_145' title='bbox 518 2202 663 2266; x_wconf 86' lang='lat' dir='ltr'><strong>inde</strong></span> <span class='ocrx_word' id='word_1_146' title='bbox 708 2202 984 2286; x_wconf 87' lang='lat' dir='ltr'><strong>legimus</strong></span> <span class='ocrx_word' id='word_1_147' title='bbox 1031 2202 1096 2266; x_wconf 90' lang='lat' dir='ltr'><strong>in</strong></span> <span class='ocrx_word' id='word_1_148' title='bbox 1155 2203 1470 2266; x_wconf 87' lang='lat' dir='ltr'><strong>canonicis</strong></span> <span class='ocrx_word' id='word_1_149' title='bbox 1524 2202 1706 2265; x_wconf 90' lang='lat' dir='ltr'><strong>libris</strong></span> <span class='ocrx_word' id='word_1_150' title='bbox 1762 2205 2166 2286; x_wconf 84' lang='lat' dir='ltr'><strong>praeceptum</strong></span> <span class='ocrx_word' id='word_1_151' title='bbox 2223 2222 2364 2267; x_wconf 90' lang='lat' dir='ltr'><strong>esse</strong></span> <span class='ocrx_word' id='word_1_152' title='bbox 2413 2201 2806 2268; x_wconf 83' lang='lat' dir='ltr'><strong>Christianis.</strong></span> 
     </span>
     <span class='ocr_line' id='line_1_18' title="bbox 522 2308 2806 2394; baseline -0 -21"><span class='ocrx_word' id='word_1_153' title='bbox 522 2313 755 2392; x_wconf 89' lang='lat' dir='ltr'><strong>quanto</strong></span> <span class='ocrx_word' id='word_1_154' title='bbox 826 2311 1033 2394; x_wconf 87' lang='lat' dir='ltr'><strong>magis</strong></span> <span class='ocrx_word' id='word_1_155' title='bbox 1105 2311 1267 2374; x_wconf 86' lang='lat' dir='ltr'><strong>illud</strong></span> <span class='ocrx_word' id='word_1_156' title='bbox 1331 2310 1569 2374; x_wconf 89' lang='lat' dir='ltr'><strong>malum</strong></span> <span class='ocrx_word' id='word_1_157' title='bbox 1639 2309 1846 2374; x_wconf 89' lang='lat' dir='ltr'><strong>dicere</strong></span> <span class='ocrx_word' id='word_1_158' title='bbox 1911 2329 2034 2374; x_wconf 88' lang='grc'>11011</span> <span class='ocrx_word' id='word_1_159' title='bbox 2101 2309 2321 2382; x_wconf 88' lang='lat' dir='ltr'><strong>audeo,</strong></span> <span class='ocrx_word' id='word_1_160' title='bbox 2387 2308 2555 2391; x_wconf 87' lang='lat' dir='ltr'><strong>quod</strong></span> <span class='ocrx_word' id='word_1_161' title='bbox 2619 2309 2806 2373; x_wconf 88' lang='lat' dir='ltr'><strong>deum</strong></span> 
     </span>
     <span class='ocr_line' id='line_1_19' title="bbox 520 2415 2806 2501; baseline -0 -20"><span class='ocrx_word' id='word_1_162' title='bbox 520 2418 917 2499; x_wconf 84' lang='lat' dir='ltr'><strong>praecepisse</strong></span> <span class='ocrx_word' id='word_1_163' title='bbox 973 2417 1112 2500; x_wconf 84' lang='lat' dir='ltr'><strong>ipsa</strong></span> <span class='ocrx_word' id='word_1_164' title='bbox 1167 2417 1523 2482; x_wconf 85' lang='lat' dir='ltr'><strong>Christiana</strong></span> <span class='ocrx_word' id='word_1_165' title='bbox 1574 2417 1698 2482; x_wconf 89' lang='lat' dir='ltr'><strong>fide</strong></span> <span class='ocrx_word' id='word_1_166' title='bbox 1753 2436 1979 2501; x_wconf 87' lang='lat' dir='ltr'><strong>negare</strong></span> <span class='ocrx_word' id='word_1_167' title='bbox 2035 2436 2158 2481; x_wconf 90' lang='lat' dir='ltr'><strong>non</strong></span> <span class='ocrx_word' id='word_1_168' title='bbox 2213 2435 2498 2499; x_wconf 81' lang='lat' dir='ltr'><strong>possum,</strong></span> <span class='ocrx_word' id='word_1_169' title='bbox 2548 2435 2672 2499; x_wconf 88' lang='lat' dir='ltr'><strong>qua</strong></span> <span class='ocrx_word' id='word_1_170' title='bbox 2717 2415 2806 2480; x_wconf 89' lang='lat' dir='ltr'><strong>di-</strong></span> 
     </span>
     <span class='ocr_line' id='line_1_20' title="bbox 522 2523 2804 2608; baseline -0 -20"><span class='ocrx_word' id='word_1_171' title='bbox 522 2524 644 2588; x_wconf 89' lang='lat' dir='ltr'><strong>dici</strong></span> <span class='ocrx_word' id='word_1_172' title='bbox 693 2543 813 2588; x_wconf 90' lang='lat' dir='ltr'><strong>non</strong></span> <span class='ocrx_word' id='word_1_173' title='bbox 862 2544 933 2588; x_wconf 89' lang='lat' dir='ltr'><strong>eo</strong></span> <span class='ocrx_word' id='word_1_174' title='bbox 984 2543 1085 2588; x_wconf 91' lang='lat' dir='ltr'><strong>me</strong></span> <span class='ocrx_word' id='word_1_175' title='bbox 1130 2523 1463 2588; x_wconf 87' lang='lat' dir='ltr'><strong>iustificari</strong></span> <span class='ocrx_word' id='word_1_176' title='bbox 1512 2523 1625 2588; x_wconf 90' lang='lat' dir='ltr'><strong>sed</strong></span> <span class='ocrx_word' id='word_1_177' title='bbox 1671 2524 1872 2608; x_wconf 86' lang='lat' dir='ltr'><strong>gratia</strong></span> <span class='ocrx_word' id='word_1_178' title='bbox 1921 2523 2016 2587; x_wconf 90' lang='lat' dir='ltr'><strong>dei</strong></span> <span class='ocrx_word' id='word_1_179' title='bbox 2066 2543 2176 2606; x_wconf 91' lang='lat' dir='ltr'><strong>per</strong></span> <span class='ocrx_word' id='word_1_180' title='bbox 2224 2523 2432 2588; x_wconf 89' lang='lat' dir='ltr'><strong>Iesum</strong></span> <span class='ocrx_word' id='word_1_181' title='bbox 2485 2523 2804 2588; x_wconf 83' lang='lat' dir='ltr'><strong>Christum</strong></span> 
     </span>
     <span class='ocr_line' id='line_1_21' title="bbox 520 2630 2892 2697; baseline 0.001 -4"><span class='ocrx_word' id='word_1_182' title='bbox 520 2630 846 2696; x_wconf 90' lang='lat' dir='ltr'><strong>dominum</strong></span> <span class='ocrx_word' id='word_1_183' title='bbox 893 2635 1209 2697; x_wconf 86' lang='lat' dir='ltr'><strong>nostrum!</strong></span> <span class='ocrx_word' id='word_1_184' title='bbox 2839 2650 2892 2687; x_wconf 73' lang='lat'><strong>20</strong></span> 
     </span>
    </p>

    <p class='ocr_par' dir='ltr' id='par_1_4' title="bbox 420 2737 2894 3249">
     <span class='ocr_line' id='line_1_22' title="bbox 420 2737 2799 2822; baseline 0 -22"><span class='ocrx_word' id='word_1_185' title='bbox 420 2738 497 2800; x_wconf 84' lang='lat'><strong>15</strong></span> <span class='ocrx_word' id='word_1_186' title='bbox 609 2737 765 2802; x_wconf 92' lang='lat' dir='ltr'><strong>Dico</strong></span> <span class='ocrx_word' id='word_1_187' title='bbox 832 2757 979 2822; x_wconf 84' lang='lat' dir='ltr'><strong>ergo</strong></span> <span class='ocrx_word' id='word_1_188' title='bbox 1044 2737 1590 2802; x_wconf 87' lang='lat' dir='ltr'><strong>circumcisionem</strong></span> <span class='ocrx_word' id='word_1_189' title='bbox 1650 2739 1964 2820; x_wconf 83' lang='lat' dir='ltr'><strong>praeputii</strong></span> <span class='ocrx_word' id='word_1_190' title='bbox 2022 2742 2087 2803; x_wconf 86' lang='lat' dir='ltr'><strong>et</strong></span> <span class='ocrx_word' id='word_1_191' title='bbox 2141 2743 2348 2803; x_wconf 88' lang='lat' dir='ltr'><strong>cetera</strong></span> <span class='ocrx_word' id='word_1_192' title='bbox 2394 2738 2587 2803; x_wconf 89' lang='lat' dir='ltr'><strong>huius</strong></span> <span class='ocrx_word' id='word_1_193' title='bbox 2635 2737 2799 2802; x_wconf 88' lang='lat' dir='ltr'><strong>modi</strong></span> 
     </span>
     <span class='ocr_line' id='line_1_23' title="bbox 518 2845 2802 2927; baseline 0.001 -19"><span class='ocrx_word' id='word_1_194' title='bbox 518 2846 710 2927; x_wconf 87' lang='lat' dir='ltr'><strong>priori</strong></span> <span class='ocrx_word' id='word_1_195' title='bbox 757 2845 991 2926; x_wconf 88' lang='lat' dir='ltr'><strong>populo</strong></span> <span class='ocrx_word' id='word_1_196' title='bbox 1038 2864 1149 2925; x_wconf 90' lang='lat' dir='ltr'><strong>per</strong></span> <span class='ocrx_word' id='word_1_197' title='bbox 1194 2847 1669 2922; x_wconf 84' lang='lat' dir='ltr'><strong>testamentum,</strong></span> <span class='ocrx_word' id='word_1_198' title='bbox 1718 2845 1885 2926; x_wconf 87' lang='lat' dir='ltr'><strong>quod</strong></span> <span class='ocrx_word' id='word_1_199' title='bbox 1942 2849 2131 2910; x_wconf 90' lang='lat' dir='ltr'><strong>uetus</strong></span> <span class='ocrx_word' id='word_1_200' title='bbox 2189 2846 2436 2920; x_wconf 88' lang='lat' dir='ltr'><strong>dicitur,</strong></span> <span class='ocrx_word' id='word_1_201' title='bbox 2497 2845 2802 2910; x_wconf 89' lang='lat' dir='ltr'><strong>diuinitus</strong></span> 
     </span>
     <span class='ocr_line' id='line_1_24' title="bbox 521 2950 2804 3034; baseline 0 -20"><span class='ocrx_word' id='word_1_202' title='bbox 521 2952 668 3016; x_wconf 86' lang='lat' dir='ltr'><strong>data</strong></span> <span class='ocrx_word' id='word_1_203' title='bbox 730 2951 809 3014; x_wconf 88' lang='lat' dir='ltr'><strong>ad</strong></span> <span class='ocrx_word' id='word_1_204' title='bbox 865 2950 1395 3033; x_wconf 86' lang='lat' dir='ltr'><strong>significationem</strong></span> <span class='ocrx_word' id='word_1_205' title='bbox 1448 2951 1828 3026; x_wconf 77' lang='lat' dir='ltr'><strong>futurorum,</strong></span> <span class='ocrx_word' id='word_1_206' title='bbox 1888 2971 2047 3033; x_wconf 89' lang='lat' dir='ltr'><strong>quae</strong></span> <span class='ocrx_word' id='word_1_207' title='bbox 2102 2971 2214 3034; x_wconf 91' lang='lat' dir='ltr'><strong>per</strong></span> <span class='ocrx_word' id='word_1_208' title='bbox 2260 2951 2579 3017; x_wconf 82' lang='lat' dir='ltr'><strong>Christum</strong></span> <span class='ocrx_word' id='word_1_209' title='bbox 2629 2971 2804 3034; x_wconf 89' lang='lat' dir='ltr'><strong>opor·</strong></span> 
     </span>
     <span class='ocr_line' id='line_1_25' title="bbox 518 3057 2804 3140; baseline -0.001 -17"><span class='ocrx_word' id='word_1_210' title='bbox 518 3059 695 3124; x_wconf 85' lang='lat' dir='ltr'><strong>tebat</strong></span> <span class='ocrx_word' id='word_1_211' title='bbox 739 3059 1007 3140; x_wconf 88' lang='lat' dir='ltr'><strong>impleri.</strong></span> <span class='ocrx_word' id='word_1_212' title='bbox 1056 3057 1286 3140; x_wconf 89' lang='lat' dir='ltr'><strong>quibus</strong></span> <span class='ocrx_word' id='word_1_213' title='bbox 1334 3057 1820 3124; x_wconf 87' lang='lat' dir='ltr'><strong>aduenientibus</strong></span> <span class='ocrx_word' id='word_1_214' title='bbox 1865 3059 2246 3124; x_wconf 87' lang='lat' dir='ltr'><strong>remansisse</strong></span> <span class='ocrx_word' id='word_1_215' title='bbox 2283 3060 2394 3123; x_wconf 90' lang='lat' dir='ltr'><strong>illa</strong></span> <span class='ocrx_word' id='word_1_216' title='bbox 2432 3059 2804 3124; x_wconf 87' lang='lat' dir='ltr'><strong>Christianis</strong></span> 
     </span>
     <span class='ocr_line' id='line_1_26' title="bbox 516 3164 2894 3249; baseline -0.003 -21"><span class='ocrx_word' id='word_1_217' title='bbox 516 3165 787 3249; x_wconf 86' lang='lat' dir='ltr'><strong>legenda</strong></span> <span class='ocrx_word' id='word_1_218' title='bbox 834 3169 1081 3230; x_wconf 86' lang='lat' dir='ltr'><strong>tantum</strong></span> <span class='ocrx_word' id='word_1_219' title='bbox 1128 3165 1207 3229; x_wconf 81' lang='lat' dir='ltr'><strong>acl</strong></span> <span class='ocrx_word' id='word_1_220' title='bbox 1251 3164 1751 3249; x_wconf 87' lang='lat' dir='ltr'><strong>intellegentiam</strong></span> <span class='ocrx_word' id='word_1_221' title='bbox 1807 3167 2190 3248; x_wconf 87' lang='lat' dir='ltr'><strong>praemissae</strong></span> <span class='ocrx_word' id='word_1_222' title='bbox 2244 3167 2630 3248; x_wconf 85' lang='lat' dir='ltr'><strong>prophetiae,</strong></span> <span class='ocrx_word' id='word_1_223' title='bbox 2684 3184 2802 3228; x_wconf 92' lang='lat' dir='ltr'><strong>non</strong></span> <span class='ocrx_word' id='word_1_224' title='bbox 2841 3183 2894 3222; x_wconf 78' lang='lat'><strong>25</strong></span> 
     </span>
    </p>
   </div>
   <div class='ocr_carea' id='block_1_3' title="bbox 700 3391 1761 3455">
    <p class='ocr_par' dir='ltr' id='par_1_5' title="bbox 700 3391 1761 3455">
     <span class='ocr_line' id='line_1_27' title="bbox 700 3391 1761 3455; baseline -0.003 -11"><span class='ocrx_word' id='word_1_225' title='bbox 700 3393 731 3444; x_wconf 82' lang='lat'>2</span> <span class='ocrx_word' id='word_1_226' title='bbox 770 3391 960 3446; x_wconf 79' lang='lat' dir='ltr'><strong>Ezech.</strong></span> <span class='ocrx_word' id='word_1_227' title='bbox 1002 3391 1086 3455; x_wconf 77' lang='grc'><strong>20,</strong></span> <span class='ocrx_word' id='word_1_228' title='bbox 1126 3393 1195 3444; x_wconf 83' lang='grc'><strong>25</strong></span> <span class='ocrx_word' id='word_1_229' title='bbox 1307 3392 1372 3443; x_wconf 83' lang='grc'><strong>19</strong></span> <span class='ocrx_word' id='word_1_230' title='bbox 1410 3391 1562 3442; x_wconf 82' lang='lat' dir='ltr'><strong>Rom.</strong></span> <span class='ocrx_word' id='word_1_231' title='bbox 1604 3395 1652 3446; x_wconf 66' lang='grc' dir='ltr'><strong>Ξῖ,</strong></span> <span class='ocrx_word' id='word_1_232' title='bbox 1693 3391 1761 3442; x_wconf 79' lang='grc'><strong>24</strong></span> 
     </span>
    </p>
   </div>
   <div class='ocr_carea' id='block_1_4' title="bbox 518 3515 2808 4375">
    <p class='ocr_par' dir='ltr' id='par_1_6' title="bbox 518 3515 2808 4375">
     <span class='ocr_line' id='line_1_28' title="bbox 596 3515 2808 3586; baseline 0 -18"><span class='ocrx_word' id='word_1_233' title='bbox 596 3515 621 3568; x_wconf 92' lang='lat'>1</span> <span class='ocrx_word' id='word_1_234' title='bbox 664 3515 887 3570; x_wconf 82' lang='lat' dir='ltr'><strong>adiubet</strong></span> <span class='ocrx_word' id='word_1_235' title='bbox 924 3515 1027 3567; x_wconf 85' lang='lat' dir='ltr'><strong>HI</strong></span> <span class='ocrx_word' id='word_1_236' title='bbox 1060 3515 1325 3568; x_wconf 85' lang='lat' dir='ltr'><strong>adiuuent</strong></span> <span class='ocrx_word' id='word_1_237' title='bbox 1371 3519 1429 3581; x_wconf 91' lang='lat' dir='ltr'><strong>(n</strong></span> <span class='ocrx_word' id='word_1_238' title='bbox 1478 3517 1619 3583; x_wconf 77' lang='lat' dir='ltr'><strong>exp.)</strong></span> <span class='ocrx_word' id='word_1_239' title='bbox 1659 3515 1732 3568; x_wconf 82' lang='lat' dir='ltr'><strong><em>M</em></strong></span> <span class='ocrx_word' id='word_1_240' title='bbox 1945 3517 2108 3568; x_wconf 86' lang='lat' dir='ltr'><strong>etiam</strong></span> <span class='ocrx_word' id='word_1_241' title='bbox 2144 3532 2245 3571; x_wconf 88' lang='lat' dir='ltr'><strong>om.</strong></span> <span class='ocrx_word' id='word_1_242' title='bbox 2286 3516 2358 3568; x_wconf 80' lang='lat' dir='ltr'><em>M</em></span> <span class='ocrx_word' id='word_1_243' title='bbox 2535 3517 2568 3570; x_wconf 84' lang='lat'>2</span> <span class='ocrx_word' id='word_1_244' title='bbox 2607 3518 2734 3586; x_wconf 82' lang='lat' dir='ltr'><strong>quia</strong></span> <span class='ocrx_word' id='word_1_245' title='bbox 2778 3517 2808 3568; x_wconf 87' lang='grc' dir='ltr'><strong><em>Ι</em></strong></span> 
     </span>
     <span class='ocr_line' id='line_1_29' title="bbox 521 3603 2801 3676; baseline -0 -17"><span class='ocrx_word' id='word_1_246' title='bbox 521 3608 555 3659; x_wconf 86' lang='grc'><strong>4</strong></span> <span class='ocrx_word' id='word_1_247' title='bbox 592 3606 893 3660; x_wconf 81' lang='lat' dir='ltr'><strong>aut—fiant</strong></span> <span class='ocrx_word' id='word_1_248' title='bbox 929 3622 1029 3658; x_wconf 86' lang='lat' dir='ltr'><strong>om.</strong></span> <span class='ocrx_word' id='word_1_249' title='bbox 1068 3607 1122 3657; x_wconf 89' lang='lat' dir='ltr'><strong><em>A</em></strong></span> <span class='ocrx_word' id='word_1_250' title='bbox 1230 3607 1261 3658; x_wconf 81' lang='lat'>5</span> <span class='ocrx_word' id='word_1_251' title='bbox 1302 3603 1441 3657; x_wconf 90' lang='lat' dir='ltr'><strong>uelle</strong></span> <span class='ocrx_word' id='word_1_252' title='bbox 1480 3604 1515 3656; x_wconf 89' lang='lat'><em>1</em></span> <span class='ocrx_word' id='word_1_253' title='bbox 1623 3603 1810 3657; x_wconf 88' lang='lat' dir='ltr'><strong>docere</strong></span> <span class='ocrx_word' id='word_1_254' title='bbox 1849 3604 1914 3658; x_wconf 89' lang='lat' dir='ltr'><strong><em>H</em></strong></span> <span class='ocrx_word' id='word_1_255' title='bbox 2021 3607 2051 3658; x_wconf 87' lang='lat'>6</span> <span class='ocrx_word' id='word_1_256' title='bbox 2091 3607 2268 3658; x_wconf 84' lang='lat' dir='ltr'><strong>utrum</strong></span> <span class='ocrx_word' id='word_1_257' title='bbox 2307 3605 2579 3676; x_wconf 89' lang='lat' dir='ltr'><strong>simulate]</strong></span> <span class='ocrx_word' id='word_1_258' title='bbox 2621 3621 2801 3659; x_wconf 86' lang='lat' dir='ltr'><strong>uerum</strong></span> 
     </span>
     <span class='ocr_line' id='line_1_30' title="bbox 522 3692 2800 3763; baseline 0 -15"><span class='ocrx_word' id='word_1_259' title='bbox 522 3694 742 3749; x_wconf 83' lang='lat' dir='ltr'><strong>simulat</strong></span> <span class='ocrx_word' id='word_1_260' title='bbox 779 3695 818 3747; x_wconf 90' lang='grc' dir='ltr'><em>Ι</em></span> <span class='ocrx_word' id='word_1_261' title='bbox 920 3695 952 3748; x_wconf 89' lang='lat'>8</span> <span class='ocrx_word' id='word_1_262' title='bbox 991 3695 1195 3747; x_wconf 86' lang='lat' dir='ltr'><strong>mulum</strong></span> <span class='ocrx_word' id='word_1_263' title='bbox 1232 3693 1286 3746; x_wconf 90' lang='lat' dir='ltr'><strong><em>P</em></strong></span> <span class='ocrx_word' id='word_1_264' title='bbox 1429 3709 1545 3746; x_wconf 83' lang='lat' dir='ltr'><strong>osse</strong></span> <span class='ocrx_word' id='word_1_265' title='bbox 1584 3709 1686 3746; x_wconf 88' lang='lat' dir='ltr'><strong>om.</strong></span> <span class='ocrx_word' id='word_1_266' title='bbox 1725 3692 1790 3746; x_wconf 89' lang='grc' dir='ltr'><strong>Η</strong></span> <span class='ocrx_word' id='word_1_267' title='bbox 1895 3695 1927 3746; x_wconf 85' lang='grc'><strong>9</strong></span> <span class='ocrx_word' id='word_1_268' title='bbox 1969 3695 2166 3762; x_wconf 87' lang='lat' dir='ltr'><strong>uicina]</strong></span> <span class='ocrx_word' id='word_1_269' title='bbox 2208 3695 2490 3763; x_wconf 85' lang='lat' dir='ltr'><strong>prouincia</strong></span> <span class='ocrx_word' id='word_1_270' title='bbox 2527 3696 2566 3748; x_wconf 91' lang='lat' dir='ltr'><em>I</em></span> <span class='ocrx_word' id='word_1_271' title='bbox 2704 3697 2800 3749; x_wconf 85' lang='lat' dir='ltr'><strong>ali-</strong></span> 
     </span>
     <span class='ocr_line' id='line_1_31' title="bbox 523 3781 2800 3854; baseline 0.001 -18"><span class='ocrx_word' id='word_1_272' title='bbox 523 3783 737 3854; x_wconf 87' lang='lat' dir='ltr'><strong>quando</strong></span> <span class='ocrx_word' id='word_1_273' title='bbox 776 3783 818 3836; x_wconf 93' lang='lat' dir='ltr'><em>I</em></span> <span class='ocrx_word' id='word_1_274' title='bbox 908 3790 1041 3850; x_wconf 74' lang='lat' dir='ltr'><strong>post</strong></span> <span class='ocrx_word' id='word_1_275' title='bbox 1075 3782 1365 3834; x_wconf 80' lang='lat' dir='ltr'><strong>remotiora</strong></span> <span class='ocrx_word' id='word_1_276' title='bbox 1404 3785 1529 3835; x_wconf 82' lang='lat' dir='ltr'><strong>m.2</strong></span> <span class='ocrx_word' id='word_1_277' title='bbox 1564 3799 1606 3834; x_wconf 84' lang='lat' dir='ltr'><strong>s.</strong></span> <span class='ocrx_word' id='word_1_278' title='bbox 1645 3799 1697 3835; x_wconf 75' lang='lat' dir='ltr'><strong>u.</strong></span> <span class='ocrx_word' id='word_1_279' title='bbox 1737 3782 1858 3834; x_wconf 85' lang='lat' dir='ltr'><strong>loca</strong></span> <span class='ocrx_word' id='word_1_280' title='bbox 1896 3781 1964 3832; x_wconf 74' lang='lat' dir='ltr'><strong>P¹</strong></span> <span class='ocrx_word' id='word_1_281' title='bbox 2001 3783 2290 3836; x_wconf 76' lang='lat' dir='ltr'><strong>remotiore</strong></span> <span class='ocrx_word' id='word_1_282' title='bbox 2329 3783 2384 3835; x_wconf 88' lang='lat' dir='ltr'><em>P</em></span> <span class='ocrx_word' id='word_1_283' title='bbox 2472 3785 2536 3838; x_wconf 83' lang='lat'><strong>11</strong></span> <span class='ocrx_word' id='word_1_284' title='bbox 2575 3785 2800 3854; x_wconf 85' lang='lat' dir='ltr'><strong>putabe-</strong></span> 
     </span>
     <span class='ocr_line' id='line_1_32' title="bbox 520 3869 2798 3938; baseline 0 -12"><span class='ocrx_word' id='word_1_285' title='bbox 520 3873 687 3926; x_wconf 85' lang='lat' dir='ltr'><strong>rimns</strong></span> <span class='ocrx_word' id='word_1_286' title='bbox 724 3871 827 3925; x_wconf 88' lang='lat' dir='ltr'><strong>HI</strong></span> <span class='ocrx_word' id='word_1_287' title='bbox 933 3873 995 3925; x_wconf 87' lang='lat'><strong>13</strong></span> <span class='ocrx_word' id='word_1_288' title='bbox 1036 3874 1097 3924; x_wconf 85' lang='lat' dir='ltr'><strong>ut</strong></span> <span class='ocrx_word' id='word_1_289' title='bbox 1135 3887 1236 3925; x_wconf 88' lang='lat' dir='ltr'><strong>om.</strong></span> <span class='ocrx_word' id='word_1_290' title='bbox 1266 3870 1320 3923; x_wconf 80' lang='lat' dir='ltr'><em>R</em></span> <span class='ocrx_word' id='word_1_291' title='bbox 1422 3871 1487 3923; x_wconf 88' lang='lat'><strong>14</strong></span> <span class='ocrx_word' id='word_1_292' title='bbox 1527 3870 1640 3938; x_wconf 84' lang='grc'>(11111</span> <span class='ocrx_word' id='word_1_293' title='bbox 1671 3887 1774 3937; x_wconf 85' lang='grc'>(1110</span> <span class='ocrx_word' id='word_1_294' title='bbox 1812 3869 1867 3922; x_wconf 94' lang='lat' dir='ltr'><em>P</em></span> <span class='ocrx_word' id='word_1_295' title='bbox 1971 3870 2074 3924; x_wconf 89' lang='lat' dir='ltr'><strong>hoc</strong></span> <span class='ocrx_word' id='word_1_296' title='bbox 2113 3887 2214 3926; x_wconf 88' lang='lat' dir='ltr'><strong>om.</strong></span> <span class='ocrx_word' id='word_1_297' title='bbox 2255 3871 2354 3925; x_wconf 86' lang='lat' dir='ltr'><strong>HI</strong></span> <span class='ocrx_word' id='word_1_298' title='bbox 2458 3874 2709 3927; x_wconf 84' lang='lat' dir='ltr'><strong>simulate</strong></span> <span class='ocrx_word' id='word_1_299' title='bbox 2750 3875 2798 3926; x_wconf 90' lang='lat' dir='ltr'><strong>(e</strong></span> 
     </span>
     <span class='ocr_line' id='line_1_33' title="bbox 521 3957 2800 4029; baseline -0.002 -13"><span class='ocrx_word' id='word_1_300' title='bbox 521 3979 587 4016; x_wconf 75' lang='lat' dir='ltr'><strong>ex</strong></span> <span class='ocrx_word' id='word_1_301' title='bbox 623 3979 654 4016; x_wconf 84' lang='lat' dir='ltr'><strong>a</strong></span> <span class='ocrx_word' id='word_1_302' title='bbox 690 3979 758 4015; x_wconf 87' lang='lat' dir='ltr'><strong>m.</strong></span> <span class='ocrx_word' id='word_1_303' title='bbox 780 3965 831 4028; x_wconf 91' lang='lat'><strong>1)</strong></span> <span class='ocrx_word' id='word_1_304' title='bbox 860 3962 913 4014; x_wconf 83' lang='lat' dir='ltr'><strong><em>A</em></strong></span> <span class='ocrx_word' id='word_1_305' title='bbox 1026 3962 1091 4015; x_wconf 73' lang='lat'><strong>15</strong></span> <span class='ocrx_word' id='word_1_306' title='bbox 1130 3959 1476 4028; x_wconf 81' lang='lat' dir='ltr'><strong>congruent-is</strong></span> <span class='ocrx_word' id='word_1_307' title='bbox 1507 3959 1542 4010; x_wconf 90' lang='lat'><em>1</em></span> <span class='ocrx_word' id='word_1_308' title='bbox 1686 3957 1859 4027; x_wconf 84' lang='lat' dir='ltr'><strong>adque</strong></span> <span class='ocrx_word' id='word_1_309' title='bbox 1889 3959 1954 4012; x_wconf 90' lang='lat' dir='ltr'><strong><em>H</em></strong></span> <span class='ocrx_word' id='word_1_310' title='bbox 2063 3961 2127 4014; x_wconf 88' lang='lat'><strong>16</strong></span> <span class='ocrx_word' id='word_1_311' title='bbox 2166 3959 2278 4029; x_wconf 84' lang='lat' dir='ltr'><strong>legi</strong></span> <span class='ocrx_word' id='word_1_312' title='bbox 2315 3961 2382 4014; x_wconf 90' lang='lat' dir='ltr'><em>H</em></span> <span class='ocrx_word' id='word_1_313' title='bbox 2491 3962 2554 4016; x_wconf 87' lang='lat'><strong>17</strong></span> <span class='ocrx_word' id='word_1_314' title='bbox 2595 3963 2800 4016; x_wconf 80' lang='lat' dir='ltr'><strong>audebo</strong></span> 
     </span>
     <span class='ocr_line' id='line_1_34' title="bbox 519 4047 2798 4119; baseline -0 -16"><span class='ocrx_word' id='word_1_315' title='bbox 519 4050 623 4104; x_wconf 87' lang='lat' dir='ltr'><strong>HI</strong></span> <span class='ocrx_word' id='word_1_316' title='bbox 709 4050 773 4103; x_wconf 87' lang='lat'><strong>18</strong></span> <span class='ocrx_word' id='word_1_317' title='bbox 811 4049 927 4119; x_wconf 81' lang='lat' dir='ltr'><strong>ipse</strong></span> <span class='ocrx_word' id='word_1_318' title='bbox 964 4049 1019 4101; x_wconf 78' lang='lat' dir='ltr'><em>A</em></span> <span class='ocrx_word' id='word_1_319' title='bbox 1138 4064 1419 4117; x_wconf 86' lang='lat' dir='ltr'><strong>possumus</strong></span> <span class='ocrx_word' id='word_1_320' title='bbox 1457 4047 1523 4100; x_wconf 88' lang='lat' dir='ltr'><em>H</em></span> <span class='ocrx_word' id='word_1_321' title='bbox 1639 4049 1764 4117; x_wconf 84' lang='lat' dir='ltr'><strong>quia</strong></span> <span class='ocrx_word' id='word_1_322' title='bbox 1800 4048 1854 4100; x_wconf 77' lang='lat' dir='ltr'><strong><em>A</em></strong></span> <span class='ocrx_word' id='word_1_323' title='bbox 1973 4048 2162 4117; x_wconf 80' lang='lat' dir='ltr'><strong>didici]</strong></span> <span class='ocrx_word' id='word_1_324' title='bbox 2203 4049 2404 4102; x_wconf 79' lang='lat' dir='ltr'><strong>dicitur</strong></span> <span class='ocrx_word' id='word_1_325' title='bbox 2440 4049 2516 4102; x_wconf 87' lang='lat' dir='ltr'><strong>P¹</strong></span> <span class='ocrx_word' id='word_1_326' title='bbox 2607 4052 2674 4104; x_wconf 88' lang='grc'><strong>19</strong></span> <span class='ocrx_word' id='word_1_327' title='bbox 2713 4052 2798 4118; x_wconf 80' lang='lat' dir='ltr'><strong>eo]</strong></span> 
     </span>
     <span class='ocr_line' id='line_1_35' title="bbox 523 4135 2798 4208; baseline 0 -16"><span class='ocrx_word' id='word_1_328' title='bbox 523 4157 620 4208; x_wconf 79' lang='lat' dir='ltr'><strong>ego</strong></span> <span class='ocrx_word' id='word_1_329' title='bbox 660 4139 699 4191; x_wconf 94' lang='lat' dir='ltr'><strong><em>I</em></strong></span> <span class='ocrx_word' id='word_1_330' title='bbox 826 4140 934 4208; x_wconf 88' lang='lat' dir='ltr'><strong>me]</strong></span> <span class='ocrx_word' id='word_1_331' title='bbox 975 4153 1093 4190; x_wconf 87' lang='grc'>11100</span> <span class='ocrx_word' id='word_1_332' title='bbox 1132 4137 1205 4190; x_wconf 87' lang='lat' dir='ltr'><strong><em>M</em></strong></span> <span class='ocrx_word' id='word_1_333' title='bbox 1346 4135 1431 4189; x_wconf 87' lang='lat' dir='ltr'><strong>dei</strong></span> <span class='ocrx_word' id='word_1_334' title='bbox 1470 4151 1570 4190; x_wconf 89' lang='lat' dir='ltr'><strong>om.</strong></span> <span class='ocrx_word' id='word_1_335' title='bbox 1612 4137 1644 4186; x_wconf 88' lang='lat'><em>1</em></span> <span class='ocrx_word' id='word_1_336' title='bbox 1779 4137 2036 4190; x_wconf 84' lang='lat' dir='ltr'><strong>christum</strong></span> <span class='ocrx_word' id='word_1_337' title='bbox 2076 4152 2178 4191; x_wconf 85' lang='lat' dir='ltr'><strong>om.</strong></span> <span class='ocrx_word' id='word_1_338' title='bbox 2218 4138 2394 4190; x_wconf 83' lang='lat' dir='ltr'><strong>PMA</strong></span> <span class='ocrx_word' id='word_1_339' title='bbox 2539 4140 2603 4192; x_wconf 88' lang='grc'><strong>21</strong></span> <span class='ocrx_word' id='word_1_340' title='bbox 2648 4141 2798 4208; x_wconf 67' lang='lat' dir='ltr'><strong>ergo!</strong></span> 
     </span>
     <span class='ocr_line' id='line_1_36' title="bbox 521 4225 2800 4296; baseline -0 -15"><span class='ocrx_word' id='word_1_341' title='bbox 521 4228 660 4281; x_wconf 88' lang='lat' dir='ltr'><strong>enim</strong></span> <span class='ocrx_word' id='word_1_342' title='bbox 698 4227 803 4280; x_wconf 86' lang='lat' dir='ltr'><strong>HI</strong></span> <span class='ocrx_word' id='word_1_343' title='bbox 968 4225 1367 4278; x_wconf 83' lang='lat' dir='ltr'><strong>circumcisione</strong></span> <span class='ocrx_word' id='word_1_344' title='bbox 1406 4225 1439 4278; x_wconf 91' lang='lat'><em>1</em></span> <span class='ocrx_word' id='word_1_345' title='bbox 1617 4225 1686 4278; x_wconf 87' lang='grc'><strong>23</strong></span> <span class='ocrx_word' id='word_1_346' title='bbox 1726 4225 1912 4278; x_wconf 80' lang='lat' dir='ltr'><strong>datum</strong></span> <span class='ocrx_word' id='word_1_347' title='bbox 1949 4225 2046 4278; x_wconf 89' lang='lat' dir='ltr'><strong>HI</strong></span> <span class='ocrx_word' id='word_1_348' title='bbox 2225 4228 2293 4280; x_wconf 80' lang='lat'><strong>25</strong></span> <span class='ocrx_word' id='word_1_349' title='bbox 2333 4227 2562 4296; x_wconf 58' lang='lat' dir='ltr'><strong>premisv.</strong></span> <span class='ocrx_word' id='word_1_350' title='bbox 2605 4246 2692 4282; x_wconf 78' lang='lat' dir='ltr'><strong>sae</strong></span> <span class='ocrx_word' id='word_1_351' title='bbox 2733 4230 2800 4292; x_wconf 80' lang='lat' dir='ltr'><strong>(is</strong></span> 
     </span>
     <span class='ocr_line' id='line_1_37' title="bbox 518 4317 824 4375; baseline -0.003 -7"><span class='ocrx_word' id='word_1_352' title='bbox 518 4317 731 4375; x_wconf 77' lang='lat' dir='ltr'><strong>eras.?›</strong></span> <span class='ocrx_word' id='word_1_353' title='bbox 775 4318 824 4367; x_wconf 82' lang='lat' dir='ltr'><strong><em>A</em></strong></span> 
     </span>
    </p>
   </div>
  </div>
 </body>
</html>
