3184 4959
1159 405 1692 475 epistularum
1746 404 1945 466 XXXI„
2646 410 2685 468 5

393 607 626 671 maiore
691 606 920 670 talium
977 602 1304 668 hominum
1361 602 1468 667 siti
1527 620 1717 683 quam
1773 598 2081 665 siccitatis
2137 600 2467 665 nobilitate
2512 600 2684 665 labo-

390 717 630 777 rantem
677 712 893 777 uenire
942 710 1310 795 dignemini.

479 821 618 887 Scit
689 821 867 897 deus,
948 839 1136 902 quam
1211 838 1330 883 non
1405 820 1615 884 solum
1678 820 1933 901 propter
2012 816 2395 881 desiderium
2468 837 2683 883 meum

389 948 596 1011 neque
643 929 850 993 solum
895 930 1156 1011 propte-r
1201 946 1330 1003 603,
1371 926 1480 1008 qui
1517 926 1623 990 uel
1658 946 1769 1008 per
1805 945 1918 990 nos
1960 929 2248 989 uestrum
2286 927 2681 1008 propositum

327 1060 351 1098 ⁵
391 1038 496 1101 uel
545 1037 982 1117 undecumque
1026 1035 1196 1099 fama
1241 1034 1640 1116 praedicante
1700 1034 2074 1110 didicerunt,
2131 1033 2242 1098 sed
2298 1034 2490 1098 etiam
2544 1055 2683 1116 pro·

391 1148 534 1227 pter
604 1146 862 1216 ceteros,
939 1142 1048 1224 qui
1120 1142 1352 1225 partim
1425 1160 1548 1206 non
1627 1141 1912 1215 audiunt,
1976 1140 2206 1223 partim
2276 1141 2495 1205 audita
2558 1162 2681 1206 non

390 1230 670 1328 credant,
753 1254 964 1315 tamen
1029 1254 1298 1332 possunt
1365 1254 1688 1332 comperta
1753 1250 2035 1333 diligere,
2103 1268 2221 1314 uos
2284 1248 2431 1313 istis
2496 1249 2681 1314 terris

389 1358 578 1422 etiam
642 1357 1056 1439 corporaliter
1119 1356 1341 1421 adesse
1417 1357 1770 1439 cupiamus,
1848 1357 2141 1438 quamuis
2218 1357 2383 1421 enim
2456 1355 2681 1421 sedulo

387 1468 578 1549 atque
621 1464 1124 1530 misericorditer
1166 1464 1232 1528 id
1279 1465 1506 1548 agatis,
1555 1468 1765 1528 tamen
1817 1464 2007 1529 etiam
2057 1484 2263 1530 coram
2314 1466 2679 1531 hominibus

303 1596 352 1633 10
385 1572 714 1657 regionum
783 1575 1141 1637 nostrarum
1207 1572 1486 1636 luccat
1549 1592 1739 1655 opera
1810 1575 2106 1647 uestra,
2181 1576 2269 1637 ut
2344 1573 2683 1638 uideant

385 1681 588 1744 bona
632 1680 856 1743 facta
903 1687 1182 1743 uestra
1227 1682 1306 1743 et
1365 1678 1857 1763 glorificent
1917 1684 2227 1763 patrem
2288 1684 2676 1757 uestrum,

387 1787 520 1868 qui
572 1785 652 1850 in
715 1785 967 1851 caelis
1033 1790 1176 1851 est.
1241 1787 1592 1869 piscatores
1643 1792 1915 1852 uocante
1962 1786 2237 1863 domino,
2290 1788 2457 1871 quod
2508 1790 2679 1853 naui-

387 1894 560 1959 culas
633 1898 698 1959 et
761 1895 922 1958 retia
987 1894 1381 1971 dimiserunt,
1450 1894 1662 1960 omnia
1718 1914 1784 1959 36
1843 1894 2165 1959 dimisisse
2232 1899 2295 1959 et
2350 1895 2675 1960 dominum

387 2004 642 2067 secutos
709 2020 850 2065 esse
915 2002 1104 2066 etiam
1171 2002 1723 2067 commemorando
1778 2002 1998 2067 lactati
2058 2005 2226 2067 sunt.
2292 2004 2357 2067 et
2408 2022 2473 2066 re
2530 2023 2678 2069 uera

300 2128 350 2168 15
387 2108 595 2173 omnia
643 2109 1012 2187 contemnit,
1061 2108 1168 2189 qui
1215 2127 1336 2173 non
1387 2109 1617 2174 solum.
1668 2112 1975 2191 quantum
2022 2111 2253 2192 potuit,
2303 2109 2413 2174 sed
2462 2110 2675 2185 etiam,

387 2216 690 2295 quantum
747 2213 959 2279 uoluit
1015 2213 1264 2291 habere,
1332 2214 1697 2279 contemnit.
1767 2214 1875 2278 sed
1942 2215 2007 2279 in
2072 2234 2164 2291 60,
2234 2216 2399 2296 quod
2466 2216 2677 2297 cupie-

383 2321 586 2398 batur,
637 2322 806 2386 oculi
854 2320 954 2385 dei
1001 2324 1199 2385 testes
1249 2324 1419 2397 sunt,
1465 2322 1527 2385 in
1581 2340 1675 2395 6ο,
1727 2322 1895 2403 quod
1940 2322 2311 2396 habebatur,
2362 2326 2426 2387 et
2470 2322 2665 2387 homi·

385 2448 554 2491 num.
595 2427 810 2492 nescio
844 2447 970 2510 quo
1000 2433 1212 2493 autem
1243 2428 1450 2503 mod0‚
1483 2447 1624 2491 cum
1660 2429 1979 2512 superflua
2014 2432 2261 2494 terrena
2299 2429 2669 2519 diliguntur,

385 2534 578 2598 artius
628 2534 856 2617 adepta
904 2552 1090 2616 quam
1141 2534 1478 2617 concupita
1526 2535 1985 2619 constringunt.
2052 2556 2193 2599 nam
2252 2534 2418 2601 unde
2466 2536 2671 2599 tristis

304 2662 352 2699 20
384 2640 488 2704 ille
565 2640 882 2717 discessit,
963 2641 1070 2722 qui
1146 2642 1481 2705 consilium
1568 2643 2047 2722 consequendae
2130 2643 2301 2707 uitae
2384 2646 2671 2707 aeternae

387 2746 722 2827 quaerebat
768 2766 804 2810 a
851 2746 1126 2822 domino,
1169 2766 1322 2811 cum
1371 2748 1656 2812 audisset
1711 2748 2037 2813 uendenda
2093 2767 2233 2813 esse
2290 2748 2499 2812 omnia
2554 2768 2669 2811 sua

385 2858 444 2916 et
499 2852 934 2917 distribuenda
987 2854 1368 2936 pauperibus
1425 2858 1490 2919 et
1536 2856 1895 2921 habendum
1941 2855 2315 2919 thesaurum
2361 2854 2423 2919 in
2472 2854 2668 2930 cae10‚

383 2960 434 3023 si
497 2961 700 3023 uellet
763 2978 903 3024 csse
967 2960 1308 3041 perfectus,
1375 2960 1496 3024 nisi
1567 2961 1715 3043 quia
1778 2980 2061 3045 magnas,
2126 2965 2200 3025 ut
2264 2960 2665 3044 euangelium

556 3168 622 3221 10
658 3166 856 3220 Matth.
897 3170 944 3231 5,
988 3168 1054 3221 16
1166 3169 1232 3221 12
1271 3168 1469 3223 Matth.
1514 3170 1598 3233 19,
1638 3170 1733 3234 27;
1772 3170 1904 3225 Luc.
1947 3170 2027 3233 18,
2069 3170 2137 3223 28
2250 3170 2317 3224 19
2354 3170 2547 3224 Matth.
2582 3171 2665 3224 19.

378 3256 612 3319 21-223
651 3256 780 3310 Luc.
825 3256 906 3317 18,
947 3256 1159 3310 22-23

449 3433 476 3485 1
515 3431 687 3485 maior
726 3432 967 3495 etalium,
994 3448 1064 3485 m.
1087 3434 1126 3485 2
1161 3433 1366 3487 maiore
1403 3434 1594 3487 talium
1624 3432 1691 3486 M
1731 3434 1919 3487 maiori
1956 3434 2119 3487 alium
2162 3440 2251 3488 (m.
2277 3436 2315 3486 2
2343 3432 2559 3499 talium)
2590 3433 2665 3486 Ρι

445 3520 538 3573 siti
576 3538 677 3573 om.
717 3521 769 3573 A
915 3521 1162 3574 nouitate
1199 3522 1314 3576 PE
1415 3523 1447 3575 2
1489 3522 1688 3583 uenite.
1726 3540 1795 3575 m.
1820 3526 1859 3575 2
1894 3523 2077 3575 uenire
2122 3522 2170 3575 0
2291 3520 2578 3590 dignimiui
2616 3522 2670 3573 P

375 3610 408 3663 3
447 3610 628 3678 quam]
671 3611 800 3677 quia
827 3608 968 3663 ΜΡ1
1006 3609 1126 3663 edd.
1237 3613 1270 3664 4
1309 3628 1408 3663 noe
1445 3612 1710 3679 uestrum]
1738 3616 1981 3665 nostrum
2010 3612 2138 3665 P¹R
2244 3614 2275 3664 5
2306 3612 2451 3663 fama
2479 3626 2579 3665 om.
2611 3610 2671 3663 E

372 3697 542 3751 sama*
571 3704 644 3763 (111
683 3702 846 3759 eras.)
885 3698 957 3749 ΡΙ
1065 3700 1098 3753 6
1136 3698 1320 3753 aedita
1355 3698 1416 3752 E
1510 3699 1542 3751 8
1582 3700 1825 3768 cupimus
1863 3698 2231 3754 MACP²RK
2262 3700 2381 3753 edd.
2484 3700 2517 3751 9
2548 3699 2663 3767 agi·

373 3787 444 3838 tis
480 3786 850 3842 MAc-'P2RK
883 3786 1004 3841 edd.
1121 3787 1184 3841 10
1222 3788 1466 3857 reginum
1505 3787 1558 3841 A
1703 3786 1921 3840 luceant
1957 3786 2327 3841 MAs'121RK
2363 3786 2481 3841 edd.
2603 3792 2673 3839 ut-

373 3874 598 3928 uidcant
631 3875 796 3944 bona]
835 3875 979 3929 bona
1017 3879 1078 3929 ut
1115 3874 1340 3929 uideant
1374 3876 1517 3929 bona
1551 3876 1597 3929 (ζ’
1697 3877 1757 3930 11
1802 3880 2009 3945 patrem
2050 3876 2147 3933 bis.
2190 3878 2423 3929 alterum
2462 3876 2565 3931 del.
2597 3876 2669 3927 M

376 3964 441 4016 12
480 3961 696 4016 domino
735 3980 836 4017 om.
879 3964 934 4017 A
1117 3965 1180 4018 13
1222 3962 1499 4019 dimisesse
1539 3966 1592 4019 Δ
1642 3965 1859 4021 dimisse
1897 3965 1964 4018 K
2142 3964 2247 4027 dm,
2284 3969 2415 4019 m.2
2451 3965 2575 4019 (111111
2612 3966 2667 4017 Ρ

374 4052 440 4105 14
477 4068 534 4105 16
572 4069 674 4106 om.
703 4054 760 4105 A
835 4053 902 4107 15
942 4053 1408 4121 qui-contemnit
1444 4070 1564 4117 om.‚
1604 4072 1673 4108 m.
1695 4058 1725 4107 1
1760 4054 1822 4107 in
1858 4070 2029 4123 mara.
2062 4054 2192 4107 add.
2222 4054 2295 4108 M
2367 4057 2431 4109 16
2465 4055 2659 4123 uoluit}

371 4140 565 4194 maluit
605 4140 652 4194 0
772 4144 1018 4195 contenit
1054 4144 1108 4195 A
1220 4142 1284 4195 18
1324 4142 1432 4195 3610
1472 4143 1533 4195 Ε
1651 4143 1923 4211 superflua
1961 4147 2015 4196 et
2052 4148 2269 4196 terrena
2304 4143 2447 4197 αἶα.-
2536 4144 2659 4199 ‹liri-

371 4234 575 4296 guntur
607 4230 654 4283 G
725 4230 788 4283 19
819 4232 1004 4299 cupita
1029 4232 1084 4285 R
1157 4230 1226 4283 20
1265 4230 1412 4283 uitae
1451 4235 1701 4285 aeternae
1742 4230 2151 4301 consequendae
2190 4232 2309 4285 edd.
2386 4232 2449 4285 21
2485 4233 2665 4285 omnia

361 4324 562 4386 postea
602 4318 731 4375 add.
769 4320 888 4375 uid.
927 4326 1047 4375 m.1
1083 4322 1138 4375 P
1244 4320 1312 4373 22
1351 4320 1621 4375 abendum
1664 4322 1711 4376 0
1817 4323 1885 4375 23
1924 4339 2042 4393 que,
2081 4338 2148 4378 m.
2174 4327 2213 4375 2
2250 4324 2377 4391 quia
2414 4322 2476 4375 K
