3184 4959
250 2621 333 2684 vl
372 2621 455 2684 20

504 406 637 470 464
1212 403 1267 458 S.
1322 402 1598 456 Aureli
1655 401 2093 471 Augustini

504 617 582 664 ne
647 617 769 674 res,
838 617 993 681 quas
1062 597 1275 664 dicitis
1340 601 1612 676 uestrae,
1668 597 2016 680 perderetis
2083 601 2148 664 et
2209 599 2418 664 securi
2483 599 2808 664 Christum

504 703 1025 787 proscriberetis?
1080 708 1155 768 ut
1208 703 1344 768 iure
1389 703 1676 768 Romano
1733 706 2118 768 testamenta
2162 703 2516 770 conderetis
2564 707 2628 770 et
2669 705 2808 770 iure

504 813 719 878 diuino
768 811 1059 894 patribus
1106 809 1433 876 conditum
1480 812 1961 888 testamentum,
2011 810 2122 875 ubi
2169 811 2478 894 scriptum
2529 815 2656 876 est:
2720 813 2804 876 In

504 919 810 984 semine
868 921 1006 982 tuo
1064 916 1660 982 benedicentur
1717 935 1982 983 omnes
2031 922 2343 1001 gentes,
2391 917 2806 984 calumniosis

506 1025 1055 1090 criminationibus
1092 1024 1515 1106 rumperetis?
1550 1027 1628 1089 ut
1663 1025 1728 1090 in
1767 1023 2195 1108 emptionibus
2235 1028 2300 1088 et
2325 1024 2805 1090 uenditionibus
2871 1049 2900 1086 ⁵

502 1132 737 1198 liberos
786 1134 1149 1196 contractus
1195 1130 1513 1196 haberetis
1570 1135 1638 1196 et
1689 1131 1875 1196 uobis
1933 1130 2240 1209 diuidere,
2297 1131 2466 1215 quod
2514 1129 2806 1198 Christus

505 1239 659 1304 emit
704 1237 1027 1314 uenditus‚
1076 1237 1440 1303 auderetis?
1488 1242 1581 1315 ut,
1634 1237 1806 1321 quod
1851 1239 2126 1321 quisque
2171 1243 2462 1304 uestrum
2509 1239 2805 1320 cuiquam

506 1347 825 1423 donasset,
892 1344 1139 1409 ualeret
1204 1349 1287 1420 et,
1356 1344 1527 1426 quod
1605 1345 1868 1410 donauit
1935 1345 2094 1410 deus
2169 1345 2428 1410 deorum
2497 1365 2534 1408 a
2597 1346 2804 1410 solis

506 1458 687 1518 ortu
752 1471 1008 1534 usque
1076 1451 1168 1516 ad
1232 1470 1611 1515 occasum
1677 1451 1925 1516 uocatis
1983 1451 2156 1528 filiis,
2219 1471 2342 1516 non
2397 1451 2684 1516 ualeret?
2733 1457 2808 1516 ut

507 1559 583 1624 de
652 1563 820 1622 terra
882 1559 1165 1640 corporis
1232 1558 1433 1622 uestri
1498 1557 1561 1622 in
1630 1558 1891 1623 exilium
1957 1577 2076 1624 non
2141 1557 2550 1624 mitteremini
2607 1561 2672 1622 et
2727 1557 2804 1622 de
2841 1583 2897 1624 ιο

504 1685 698 1751 regno
739 1665 1065 1750 sanguinis
1104 1666 1283 1730 suia
1318 1665 1812 1747 mariusque
1857 1665 1950 1729 ad
1997 1684 2206 1730 mare
2253 1669 2332 1730 et
2377 1684 2412 1729 a
2459 1664 2804 1730 flumine

506 1793 759 1857 usque
842 1772 931 1837 ad
1016 1772 1408 1838 terminos
1492 1771 1714 1838 orbis
1800 1775 2064 1837 terrae
2145 1772 2472 1838 Christum
2557 1772 2802 1836 exulem

506 1883 709 1946 facere
774 1879 1197 1944 conaremini?
1262 1879 1457 1944 immo
1514 1897 1666 1944 uero
1725 1879 2010 1944 seruiant
2061 1897 2242 1964 reges
2295 1883 2500 1944 terrae
2549 1879 2800 1945 Christo

508 1988 701 2052 etiam
754 1987 933 2071 leges
987 1985 1239 2050 ferendo
1296 2005 1407 2069 pro
1466 1985 1739 2052 Christo.
1807 1987 2077 2052 maiores
2123 1985 2322 2050 uestri
2371 1985 2799 2051 Caecilianum

508 2098 573 2159 et
648 2093 855 2159 socios
931 2093 1069 2157 eius
1144 2093 1402 2176 regibus
1475 2089 1680 2158 teri-ae
1753 2092 2105 2175 puniendos
2181 2092 2362 2157 falsis
2429 2090 2798 2158 criminibus
2838 2116 2891 2156 ιε

509 2201 901 2276 obiecerunt;
954 2203 1402 2264 conum-tantur
1444 2201 1664 2264 leones
1713 2199 1792 2264 ad
1837 2199 2323 2265 comminuenda
2367 2217 2516 2263 ossa
2571 2198 2802 2262 calum·

508 2307 817 2372 uiantium
882 2326 997 2371 nec
1052 2305 1325 2371 Danihel
1388 2307 1527 2388 ipse
1590 2305 1942 2371 intercedat
1995 2306 2296 2372 innocens
2353 2305 2800 2386 comprobatus

510 2420 573 2478 et
637 2413 715 2478 de
777 2413 943 2490 lacu,
1012 2431 1135 2496 quo
1200 2411 1299 2476 illi
1362 2415 1652 2496 pereunt,
1717 2412 2052 2488 liberatus3
2129 2412 2266 2494 qui
2331 2412 2500 2476 enim
2573 2413 2804 2494 parat

508 2520 867 2603 proximo
918 2539 1061 2584 suo
1110 2520 1449 2596 foueam,
1496 2521 1638 2601 ipse
1683 2519 1922 2584 iustius
1972 2518 2210 2584 cadet
2254 2519 2332 2582 in
2383 2537 2569 2582 eam.

594 2627 785 2709 Eripe
830 2630 918 2703 te,
966 2627 1177 2706 frater,
1227 2627 1377 2690 dum
1424 2626 1487 2691 in
1534 2627 1656 2690 hac
1703 2644 1888 2689 carne
1935 2625 2130 2704 uiuis,
2178 2625 2256 2688 ab
2301 2624 2414 2701 ira,
2457 2643 2618 2706 quae
2655 2643 2804 2688 uen—
2837 2650 2894 2690 zo

508 2739 652 2798 tura
716 2739 817 2798 est
876 2733 1306 2816 pertinacibus
1374 2738 1439 2798 et
1492 2732 1804 2816 superbis.
1873 2735 2072 2797 terror
2125 2731 2574 2814 temporalium
2629 2733 2804 2813 pote-

510 2843 751 2904 statum
818 2839 1067 2922 quando
1132 2841 1463 2905 ueritatem
1532 2843 1880 2923 oppugnat,
1941 2838 2136 2904 iustis
2199 2838 2474 2904 fortibus
2532 2837 2810 2922 gloriosa

510 2944 796 3028 probatio
876 2948 995 3023 est,
1067 2945 1331 3010 infirmis
1406 2946 1764 3029 periculosa
1835 2945 2200 3028 temptati03
2278 2945 2528 3027 quando
2595 2947 2806 3008 autem

510 3053 843 3116 ueritatem
900 3052 1241 3135 praedicat,
1298 3053 1650 3119 errantibus
1709 3053 1984 3118 cordatis
2039 3052 2220 3117 utilis
2275 3051 2622 3116 admonitio
2689 3053 2808 3126 est,

512 3161 852 3225 insensatis
898 3159 1146 3225 inutilis
1194 3161 1475 3226 afflictio.
1542 3180 1690 3226 non
1749 3164 1874 3224 est
1928 3163 2140 3225 tamen
2204 3161 2582 3243 potestas
2647 3155 2808 3220 nisi
2849 3181 2904 3222 ετ»

694 3371 727 3424 3
766 3368 898 3423 Gen.
938 3370 1023 3434 22,
1065 3371 1155 3427 18;
1196 3371 1283 3434 26,
1318 3371 1355 3423 4
1476 3371 1511 3424 8
1548 3370 1639 3422 Ps.
1678 3371 1766 3436 49,
1807 3370 1832 3422 l
1964 3369 2024 3422 11
2067 3367 2156 3421 Ps.
2197 3368 2281 3432 71,
2320 3368 2353 3421 8
2477 3365 2544 3420 16
2579 3365 2718 3419 Dan.
2757 3365 2812 3428 6,

520 3460 754 3520 13—24;
796 3460 879 3520 14,
919 3460 1131 3512 29—42
1244 3458 1310 3512 18
1346 3457 1506 3512 Prou.
1547 3459 1635 3524 26,
1673 3460 1739 3512 27
1853 3459 1920 3512 25
1961 3457 2110 3510 Rom.
2156 3457 2238 3522 13,
2279 3457 2416 3510 1-3

586 3603 619 3653 2
658 3598 967 3667 crederetis,
1006 3617 1073 3653 m.
1097 3603 1137 3653 ,2
1174 3598 1479 3652 conderetis
1517 3599 1570 3651 L
1713 3603 1746 3654 5
1785 3598 2176 3652 criminationis
2221 3597 2268 3652 0
2415 3599 2810 3668 rumperetis-—

516 3688 921 3744 uenditionibus
960 3705 1061 3742 om.
1099 3688 1175 3740 M
1278 3691 1311 3741 6
1350 3690 1660 3742 contractos
1696 3688 1771 3741 M
1807 3691 1948 3754 (m.1
1985 3703 2122 3743 corr.
2161 3687 2492 3753 contractus)
2532 3687 2589 3742 P
2621 3687 2814 3752 (1114.ρ

516 3795 654 3834 corr.
696 3781 1025 3844 contractus)
1139 3776 1287 3846 quid,
1328 3791 1465 3832 corr.
1507 3776 1652 3846 quod
1689 3777 1740 3829 L
1830 3779 1858 3830 7
1899 3776 2162 3830 audiretis
2199 3777 2252 3828 A
2291 3775 2458 3830 aude³
2477 3777 2610 3830 retis
2641 3781 2812 3845 (post.

518 3885 545 3922 e
572 3871 635 3920 in
670 3883 781 3921 ras.
818 3884 887 3919 m.
912 3871 969 3931 ¹²2)
1000 3867 1055 3920 Ρ
1155 3869 1215 3920 11
1259 3867 1416 3936 mari]
1456 3884 1620 3934 mare,
1659 3883 1797 3922 corr.
1835 3884 1904 3922 m.
1927 3871 1956 3920 1
1991 3868 2126 3920 mari
2155 3865 2222 3920 N
2317 3867 2382 3919 13
2419 3865 2600 3920 facere
2627 3883 2728 3920 om.
2757 3867 2816 3919 A

519 3958 587 4011 14
620 3957 797 4026 legem
828 3957 896 4009 M
994 3957 1059 4009 17
1100 3955 1479 4024 comprobatur
1506 3957 1559 4008 A
1665 3955 1730 4010 18
1766 3957 2006 4026 proximo
2045 3971 2141 4010 suo
2180 3959 2338 4025 parat
2363 3955 2419 4009 R
2524 3957 2588 4008 19
2617 3956 2814 4018 iustus,

516 4061 583 4098 m.
607 4049 646 4098 2
680 4045 877 4098 iustius
918 4045 965 4096 0
998 4045 1147 4113 prins
1186 4044 1238 4096 L
1462 4046 1530 4097 22
1568 4046 1730 4099 iustis
1769 4050 1826 4099 et
1858 4045 2092 4099 fortibus
2130 4045 2183 4098 L
2441 4045 2692 4113 probatio
2731 4049 2818 4098 est

518 4133 755 4203 gloriosa
790 4132 845 4186 R
989 4133 1057 4187 23
1098 4137 1183 4186 est
1218 4149 1322 4187 om.
1361 4135 1414 4186 A
1558 4137 1630 4188 24
1665 4135 1984 4203 praedicant
2019 4135 2075 4188 P
2217 4132 2478 4202 cordatis]
2519 4137 2578 4186 et
2613 4133 2814 4188 disc-or-

518 4221 774 4276 dantibus
810 4221 917 4275 PL
955 4226 1011 4274 et
1049 4221 1484 4277 discordantibus
1524 4222 1760 4277 cordatis
1800 4224 1936 4291 aes
2079 4223 2378 4278 utilissima
2419 4222 2466 4274 G
2499 4221 2718 4275 humilis
2755 4223 2818 4277 N

592 4311 937 4364 commonitio
974 4311 1031 4365 R
1178 4313 1283 4380 est!
1324 4315 1409 4364 est
1446 4315 1503 4365 et
1540 4311 1647 4364 PL
1683 4311 1803 4365 edd.
