3184 4959
452 449 579 512 542
1193 447 1243 498 S.
1300 446 1575 499 Aureli
1633 447 2066 516 Augustini

452 663 597 708 cum
646 662 683 707 a
730 643 899 708 curis
948 643 1293 708 maioribus
1340 643 1672 727 magisque
1716 643 2091 708 necessariis
2147 643 2418 708 uacabat
2473 641 2746 720 animae,

450 751 629 815 uolui
692 769 805 832 per
866 751 1012 828 ista,
1062 769 1224 832 quae
1280 769 1317 814 a
1380 751 1561 815 nobis
1627 751 2020 828 desiderasti,
2087 750 2326 834 scripta
2389 749 2745 832 proludere,

452 859 699 942 quando
765 859 1108 941 conscripsi
1176 857 1253 922 de
1319 858 1455 921 solo
1520 857 1816 940 rhythmo
1883 878 1988 923 sex
2053 858 2250 923 libros
2317 860 2382 922 et
2445 855 2523 921 de
2579 856 2746 921 melo

451 965 725 1030 scribere
762 965 919 1029 alios
959 963 1224 1029 forsitan
1264 982 1391 1042 sex,
1434 963 1649 1043 fateor,
1691 965 2121 1047 disponebam,
2163 983 2308 1028 cum
2345 964 2502 1028 mihi
2543 963 2746 1029 otium

449 1073 733 1136 futurum
767 1071 1115 1154 sperabam.
1148 1070 1257 1135 sed
1285 1073 1509 1152 postea
1536 1091 1726 1154 quam
1765 1071 1921 1135 mihi
1961 1089 2248 1135 curarum
2289 1070 2748 1135 ecclesiastica·
2813 1094 2843 1132 ⁵

450 1199 591 1243 rum
624 1179 867 1242 sarcina
892 1178 1171 1259 inposita
1199 1181 1317 1256 est,
1350 1197 1567 1242 omnes
1607 1178 1754 1242 illae
1784 1179 2046 1243 deliciae
2075 1179 2294 1262 fugere
2325 1178 2401 1241 de
2431 1177 2747 1254 manibuS,

450 1286 541 1350 ita
578 1287 651 1349 ut
686 1285 791 1348 uix
832 1303 995 1348 nune
1030 1284 1241 1367 ipsum
1282 1283 1561 1350 codicem
1601 1285 1943 1366 inueniam,
1975 1285 2271 1366 quoniam
2309 1287 2488 1348 tuam
2526 1284 2748 1349 uolun-

450 1396 649 1456 tatem
698 1411 811 1456 nec
848 1391 1222 1474 petitionem
1262 1391 1373 1456 sed
1418 1391 1767 1456 iussionem
1818 1396 2218 1456 contemnere
2264 1409 2528 1474 nequeo.
2579 1391 2749 1473 quod

454 1519 602 1564 sane
651 1500 1031 1583 opusculum
1088 1499 1144 1562 si
1196 1501 1463 1580 potuero
1520 1497 1793 1578 mittere,
1853 1519 1974 1564 non
2023 1498 2280 1580 quidem
2325 1517 2428 1563 me
2473 1497 2592 1562 tibi
2640 1497 2747 1561 ob-

449 1609 838 1687 temperasse
893 1623 1119 1670 uerum
1171 1613 1383 1670 tamen
1440 1608 1502 1669 te
1558 1605 1678 1669 hoc
1725 1624 1762 1668 a
1805 1625 1908 1670 me
1955 1608 2131 1670 tanto
2179 1624 2366 1688 opere
2419 1603 2746 1688 flagitasse
2786 1625 2838 1664 ιο

450 1713 819 1794 paenitebit.
894 1709 1271 1776 difficillime
1346 1711 1579 1794 quippe
1651 1711 2111 1796 intelleguntur
2182 1713 2246 1776 in
2323 1731 2394 1776 eo
2469 1711 2746 1794 quinque

450 1818 617 1896 libri,
676 1818 729 1882 si
785 1837 907 1882 non
956 1817 1145 1896 adsit,
1203 1818 1311 1899 qui
1358 1837 1481 1882 non
1530 1819 1739 1882 solum
1787 1818 2252 1900 disputantium
2309 1818 2516 1901 possit
2570 1835 2746 1899 sepa·

451 1945 587 1990 rare
640 1943 941 2009 personas
998 1944 1221 1988 uerum
1280 1925 1469 1990 etiam
1526 1926 1987 2007 pronuntiando
2043 1925 2134 1988 ita
2187 1921 2410 1989 sonare
2465 1923 2745 1988 morulas

454 2031 861 2116 syllabarum,
938 2035 1013 2095 ut
1078 2031 1169 2096 eis
1236 2031 1665 2113 exprimantur
1737 2050 2120 2113 sensumque
2195 2031 2440 2096 aurium
2519 2031 2750 2094 feriant

454 2157 683 2222 genera
734 2156 1161 2215 numerorum,
1217 2138 1487 2202 maxime
1534 2137 1684 2221 quia
1746 2139 1806 2202 in
1865 2138 2247 2221 quibusdam
2311 2139 2500 2202 etiam
2559 2137 2742 2202 silen-
2789 2155 2837 2196 ιε

451 2245 687 2309 tiorum
736 2244 1020 2309 dimensa
1063 2245 1397 2310 interualla
1442 2245 1812 2323 miscentur,
1869 2264 2030 2327 quae
2077 2245 2330 2310 omnino
2379 2245 2598 2308 sentiri
2641 2263 2745 2308 ne-

456 2353 716 2434 queunt,
764 2351 886 2416 nisi
936 2351 1289 2415 auditorem
1336 2353 1778 2434 pronuntiator
1821 2351 2138 2416 informet.

497 2457 805 2524 ‘Sextum
870 2477 1018 2523 sane
1082 2459 1341 2534 librum,
1410 2477 1600 2540 quem
1668 2458 2068 2523 emendatum
2134 2459 2403 2542 repperi,
2468 2457 2580 2522 ubi
2649 2461 2746 2522 est

455 2565 659 2629 omnis
724 2565 969 2629 fructus
1028 2569 1405 2640 ceterorum,
1474 2585 1594 2629 non
1655 2563 1873 2629 distuli
1940 2565 2195 2630 mittere
2251 2565 2500 2630 caritati
2565 2567 2741 2639 tuae;

452 2671 745 2736 fortassis
810 2671 947 2755 ipse
1010 2675 1189 2736 tuam
1254 2690 1377 2736 non
1440 2672 1719 2737 multum
1781 2670 2060 2756 refugiat
2123 2671 2524 2755 grauitatem.
2599 2690 2744 2735 nam
2783 2693 2835 2730 20

454 2777 812 2863 superiores
880 2777 1157 2861 quinque
1230 2778 1335 2842 uix
1406 2777 1537 2843 filio
1611 2780 1825 2843 nostro
1903 2781 1968 2842 et
2033 2777 2412 2842 condiacono
2478 2776 2744 2850 Iuliano,

455 2885 747 2966 quoniam
800 2887 865 2948 et
916 2884 1055 2967 ipse
1102 2883 1227 2949 iam
1274 2883 1610 2949 nobiscum
1657 2884 2055 2958 commilitat,
2105 2882 2278 2967 digni
2319 2883 2594 2948 lectione
2641 2883 2746 2947 uel

528 3077 554 3128 1
595 3076 831 3139 maioris,
870 3091 1006 3129 corr.
1046 3091 1114 3130 m.
1142 3081 1169 3128 1
1206 3073 1501 3129 maioribus
1538 3073 1612 3128 Ρί
1787 3075 1820 3128 2
1861 3093 1892 3128 a
1928 3091 2031 3128 om.
2071 3075 2124 3127 A
2306 3073 2655 3128 desiderastis
2691 3073 2749 3128 R

454 3167 487 3220 3
526 3165 755 3219 rithmos
796 3182 857 3218 ex
897 3165 967 3217 M
1000 3169 1156 3222 (corr.
1196 3164 1398 3218 rithmo
1437 3167 1549 3232 sex)
1590 3163 1652 3218 F
1681 3169 1768 3229 (m.
1795 3169 1832 3218 3
1866 3163 2067 3219 rithmo
2107 3167 2219 3232 sex)
2419 3165 2590 3218 melos
2626 3164 2752 3218 PM

456 3256 503 3324 (s
541 3271 659 3323 exp.
696 3271 765 3308 m.
789 3257 849 3320 53)
888 3254 1077 3307 FAP¹
1116 3261 1163 3315 (s
1201 3271 1318 3324 exp.
1358 3272 1425 3309 m.
1448 3259 1506 3320 2)
1649 3256 1685 3308 4
1723 3253 1978 3307 forsitans
2018 3270 2096 3316 ex,
2135 3271 2203 3307 m.
2227 3258 2264 3306 3
2301 3253 2528 3307 forsitan
2567 3270 2656 3307 sex
2693 3253 2756 3306 F

456 3347 487 3398 6
526 3343 702 3413 fugire
738 3341 813 3396 Μ
847 3346 936 3410 (m.
978 3349 1039 3396 ut
1074 3343 1192 3397 uid.
1216 3348 1249 3396 1
1273 3359 1411 3397 corr.
1450 3343 1660 3412 fugere)
1691 3342 1752 3395 F
1775 3347 1864 3406 (m.
1889 3345 1926 3395 3
1963 3343 2172 3410 fugere)
2249 3343 2280 3395 7
2312 3342 2591 3412 quoniam]
2621 3359 2746 3410 qua,

455 3448 591 3485 cor—r.
630 3449 698 3487 m.
720 3437 750 3484 1
788 3433 915 3502 quia
950 3436 1132 3500 (super
1168 3448 1202 3484 a
1236 3435 1372 3498 ras.)
1410 3431 1485 3484 M
1556 3433 1622 3485 10
1669 3434 1982 3500 ῒιιηῒιοροτθ
2009 3432 2064 3484 Ρ
2087 3436 2374 3500 tantopere
2402 3429 2589 3485 FP¹R
2626 3430 2746 3484 edd.

460 3521 521 3574 11
560 3519 643 3572 ·V·
681 3519 757 3600 2²¹
860 3521 926 3573 12
966 3519 1139 3590 possit
1178 3536 1298 3580 om,
1338 3535 1403 3574 m.
1426 3524 1457 3572 1
1493 3518 1566 3586 (?)
1609 3519 1740 3572 add.
1769 3519 1844 3574 M
1943 3519 2006 3572 13
2037 3536 2278 3572 sonarem
2317 3520 2497 3573 orulas
2535 3535 2672 3573 corr.
2696 3519 2753 3572 P

461 3640 524 3692 15
562 3637 641 3706 in]
682 3601 735 3690 rii
770 3635 827 3690 R
1044 3635 1207 3689 etiam
1249 3650 1352 3690 om.
1390 3633 1466 3689 M
1679 3635 1929 3689 silentio?
1974 3637 2072 3699 (εν
2110 3641 2312 3703 postea
2351 3635 2482 3689 add.
2519 3635 2660 3704 uid.)
2696 3636 2754 3690 P

460 3727 525 3780 16
563 3725 765 3780 sentire
790 3725 917 3779 MA
992 3725 1055 3778 17
1096 3723 1396 3778 adiutorem
1436 3723 1513 3777 M
1546 3728 1635 3787 (m.
1659 3727 1698 3777 2
1733 3725 1760 3778 *l
1797 3725 2119 3791 auditorem)
2155 3724 2326 3779 FRa
2361 3723 2668 3778 adiutorum
2695 3724 2750 3776 A

458 3814 689 3879 adiutor,
726 3832 795 3869 m.
816 3817 858 3870 2
894 3813 1199 3869 auditorem
1237 3812 1316 3867 1³¹
1422 3814 1662 3868 infirmet
1696 3813 1828 3866 ΜΓ
1855 3814 2036 3868 firmet
2071 3815 2125 3866 A
2227 3813 2294 3868 18
2331 3813 2514 3883 quem]
2547 3813 2674 3882 quia
2700 3811 2755 3864 P

530 3904 849 3958 emendata·
877 3905 926 3976 (r
963 3907 1127 3968 erae.)
1168 3905 1221 3956 A
1299 3903 1365 3956 19
1404 3904 1577 3957 omnis
1615 3919 1718 3957 om.
1756 3902 1831 3956 M
1907 3903 1977 3956 20
2013 3902 2253 3972 refugiet
2287 3901 2410 3958 edd.
2493 3903 2558 3956 21
2593 3901 2750 3971 quin·

458 4010 561 4063 que
600 3993 901 4063 superiores
938 3993 993 4048 R
1134 3993 1286 4052 folio,
1324 3997 1447 4046 m.1
1482 3991 1554 4058 (ἓ)
1590 4008 1729 4046 corr.
1769 3992 1881 4046 filio
1919 3991 1994 4044 M
2151 3993 2221 4045 22
2259 3990 2534 4061 qnoniam]
2575 3991 2670 4059 qui
2707 3989 2751 4054 (i

454 4099 523 4136 m.
548 4086 587 4136 2
621 4081 685 4134 in
718 4097 829 4134 raa.
872 4087 901 4134 1
942 4081 1002 4150 Ζ.)
1038 4081 1113 4134 M
1264 4081 1417 4150 digni
1452 4081 1688 4134 lectione
1723 4079 1813 4134 uel
1853 4081 2165 4150 cognitione
2199 4081 2425 4149 ecrip8i5
2461 4079 2752 4133 dilectione

456 4171 548 4224 uel
594 4170 903 4239 cognitione
947 4169 1187 4223 PFAP¹
1234 4174 1417 4238 (super
1463 4169 1752 4224 dilectione
1796 4187 1866 4226 m.
1895 4173 1931 4222 2
1977 4169 2107 4223 add.
2155 4169 2333 4239 digni)
2366 4170 2423 4224 R
2461 4165 2752 4223 dilectione

456 4257 545 4311 uel
572 4258 883 4327 cognitione
925 4261 1021 4326 (as
1048 4303 1059 4314 .
1084 4301 1095 4312 .
1120 4301 1133 4311 .
1158 4300 1202 4314 ..
1230 4277 1305 4299 Ν
1344 4262 1508 4320 eras.)
1548 4257 1623 4310 M
1656 4257 2020 4327 cognitionea
2057 4257 2368 4325 cognitione
2408 4255 2606 4326 dignis
2639 4256 2750 4308 lec-

458 4347 607 4398 tione
646 4348 701 4398 et
739 4345 1050 4414 cognitione
1090 4346 1243 4414 digni
1281 4351 1399 4400 cett.
1440 4347 1588 4414 edd.;
1631 4347 1700 4412 cf.
1739 4345 1984 4400 Reti-act.
2021 4346 2066 4398 Ι
2092 4350 2170 4412 11,
2211 4350 2242 4398 1
