3184 4959
316 1643 371 1682 10

316 2175 369 2216 15

314 2709 369 2750 20

1170 463 1699 533 epistularum
1755 462 1940 519 XCIV.
2587 469 2710 533 501

408 658 629 724 diuina
683 657 923 723 uirtute
978 657 1313 736 firmatam,
1360 661 1435 723 ut
1492 658 1639 737 dixi,
1689 659 1917 742 spiritu
1975 659 2266 742 propiore
2316 660 2711 744 conspiceres

409 768 475 832 et
520 765 781 830 mixtam
830 783 976 830 cum
1024 763 1264 829 uirtute
1310 765 1617 849 pietatem
1665 764 1919 848 eloquio
1969 765 2254 850 digniore
2300 767 2610 832 laudares,

499 869 674 950 Quae
746 889 903 936 uero
983 874 1134 953 post
1212 871 1738 937 resurrectionem
1825 873 2027 938 carnis
2109 872 2172 937 in
2256 873 2369 937 illo
2455 873 2707 940 sae-culo

405 980 739 1044 beatorum
800 978 1015 1044 futura
1082 977 1169 1043 sit
1230 979 1419 1054 actio,
1494 983 1567 1044 tu
1633 997 1735 1044 me
1799 978 2182 1064 interrogare
2248 981 2545 1064 dignatus
2617 1001 2705 1046 ee.

408 1089 475 1152 at
516 1088 583 1151 te
648 1105 767 1170 ego
830 1086 909 1151 de
969 1086 1286 1170 praesenti
1356 1085 1531 1152 uitae
1594 1105 1772 1150 meae
1837 1089 2011 1151 statu
2067 1089 2140 1151 ut
2205 1087 2586 1172 magistrum
2644 1091 2709 1153 et

404 1192 727 1258 medicum
782 1193 1136 1277 spiritalem
1183 1193 1469 1272 consulo,
1522 1197 1600 1259 ut
1645 1193 1873 1258 doceas
1927 1211 2030 1258 me
2083 1193 2288 1258 facere
2342 1195 2708 1260 uoluntates

407 1299 531 1378 dei,
588 1299 722 1366 tuis
777 1299 1075 1384 uestigiis
1124 1299 1449 1364 ambulare
1503 1301 1653 1383 post
1701 1299 2026 1365 Christum
2074 1304 2138 1365 et
2191 1304 2462 1365 mortem
2518 1301 2708 1366 istam

408 1406 849 1491 euangelicam
884 1407 1063 1491 prius
1100 1407 1318 1485 emori,
1361 1425 1485 1489 qua
1514 1407 1831 1471 carnalem
1868 1407 2320 1472 resolutionem
2349 1406 2708 1472 uoluntario

406 1513 853 1596 praeuenimus
914 1531 1176 1580 excessu
1230 1532 1353 1578 non
1412 1512 1592 1578 obitu
1659 1512 1773 1577 sed
1838 1513 2154 1578 sententia
2205 1514 2570 1579 recedentes
2628 1513 2704 1578 ab

406 1620 599 1685 huius
656 1619 897 1686 saeculi
952 1620 1108 1696 uita,
1177 1639 1337 1703 quae
1392 1622 1531 1686 tota
1584 1619 2078 1704 temptationum
2125 1619 2252 1697 uel,
2319 1623 2395 1686 ut
2457 1625 2530 1685 tu
2596 1621 2706 1684 ali-

408 1726 657 1809 quando
714 1727 795 1791 ad
848 1745 951 1792 me
1016 1727 1275 1792 locutus
1335 1746 1425 1806 ea,
1491 1729 1632 1792 tota
1686 1726 2022 1808 temptatio
2080 1729 2198 1792 est.
2265 1727 2510 1792 utinam
2559 1747 2704 1813 ergo

408 1833 501 1898 sic
558 1831 913 1917 dirigantur
964 1830 1109 1897 uiae
1158 1851 1337 1897 meae
1391 1834 1541 1915 post
1597 1833 1876 1918 uestigia
1929 1835 2062 1912 tua,
2122 1836 2197 1898 ut
2253 1833 2537 1917 exemplo
2593 1837 2705 1898 tuo

407 1940 666 2006 soluens
714 1938 1201 2004 calciamentum
1248 1943 1441 2004 uetus
1480 1939 1557 2005 de
1605 1938 1876 2023 pedibus
1922 1939 2082 2005 meis
2131 1939 2521 2024 disrumpam
2569 1941 2706 2006 uin-

407 2047 552 2112 cula
602 2065 746 2112 mea
800 2048 867 2110 et
916 2046 1080 2112 liber
1134 2047 1410 2112 exultem
1467 2046 1547 2110 ad
1604 2045 1972 2111 currendam
2031 2047 2224 2125 uiam,
2282 2067 2406 2131 quo
2461 2049 2706 2133 possim

406 2153 671 2236 adsequi
741 2157 1010 2219 mortem
1080 2153 1295 2230 istam,
1362 2171 1487 2235 qua
1559 2155 1632 2216 tu
1697 2155 1991 2218 mortuus
2065 2171 2131 2218 es
2205 2153 2356 2219 huic
2427 2156 2704 2234 saeculo,

404 2263 479 2326 ut
541 2261 727 2326 uiuas
786 2259 903 2325 deo
962 2259 1213 2326 Christo
1270 2259 1530 2324 uiuente
1583 2259 1647 2324 in
1705 2263 1790 2338 te,
1857 2259 2042 2324 cuius
2099 2263 2162 2325 et
2225 2280 2396 2326 mors
2451 2265 2516 2326 et
2569 2263 2706 2327 uita

402 2369 468 2433 in
526 2385 783 2450 corpore
846 2369 959 2431 tuo
1018 2369 1081 2431 et
1146 2365 1332 2431 corde
1388 2368 1455 2430 et
1510 2384 1616 2430 ore
1675 2365 2098 2450 cognoscitur,
2156 2367 2304 2450 quia
2349 2386 2472 2432 non
2539 2369 2706 2450 sapit

406 2493 516 2540 cor
559 2475 745 2538 tuum
799 2475 1050 2537 terrena
1094 2491 1211 2537 nec
1260 2491 1329 2538 os
1378 2475 1565 2537 tuum
1618 2471 1905 2555 loquitur
1951 2491 2140 2554 opera
2183 2472 2532 2550 hominum,
2593 2475 2706 2540 sed

406 2581 675 2646 uerbum
731 2578 969 2644 Christi
1026 2579 1307 2644 abundat
1356 2579 1421 2642 in
1485 2581 1742 2662 pectore
1798 2583 1910 2643 tuo
1968 2583 2034 2643 et
2096 2579 2359 2662 spiritus
2413 2581 2702 2647 ueritatis

406 2687 751 2752 effunditur
804 2687 868 2751 in
934 2686 1159 2770 lingua
1212 2689 1325 2751 tua
1389 2686 1642 2768 superni
1701 2685 1980 2749 fluminis
2045 2686 2286 2770 impetu
2351 2688 2702 2753 laetificans

405 2793 733 2860 ciuitatem
779 2793 907 2858 dei!

495 2899 670 2980 Quae
700 2905 913 2966 autem
940 2901 1151 2964 uirtus
1180 2898 1339 2965 hanc
1369 2899 1432 2964 in
1465 2899 1647 2964 nobis
1680 2899 1876 2965 efficit
1903 2903 2172 2965 mortem
2203 2901 2326 2966 nisi
2367 2902 2698 2981 caritas,

584 3163 762 3218 7—10
798 3187 868 3208 =
906 3179 957 3232 p.
997 3161 1123 3224 507,
1161 3160 1374 3215 10—12
1560 3161 1627 3214 13
1668 3161 1761 3216 Ex.
1800 3162 1850 3223 3,
1890 3165 1948 3224 5;
2000 3161 2105 3215 Ios.
2147 3165 2197 3228 5,
2240 3162 2330 3226 16;
2379 3162 2499 3217 Act.
2541 3165 2590 3228 7,
2630 3165 2700 3218 33

408 3251 471 3306 17
510 3252 650 3306 Phil.
690 3253 743 3322 3,
782 3252 847 3308 19
988 3252 1053 3306 18
1089 3250 1179 3306 Ps.
1224 3251 1308 3312 16,
1345 3252 1381 3305 4
1495 3251 1560 3305 19
1601 3250 1716 3306 col.
1755 3251 1806 3314 3,
1851 3249 1915 3304 16
2088 3249 2204 3306 Ioh.
2249 3253 2330 3314 14,
2375 3254 2464 3317 17;
2507 3254 2590 3315 15,
2631 3255 2698 3310 26

403 3341 474 3396 20
507 3341 598 3396 Ps.
636 3343 723 3405 45,
764 3345 797 3396 5
907 3340 977 3394 22
1017 3339 1173 3395 Cant.
1212 3339 1265 3402 8,
1304 3341 1339 3394 6

475 3485 500 3538 1
543 3483 813 3537 firmatum
849 3483 923 3536 Ρ1
1067 3481 1618 3536 firmatam—uirtute
1657 3497 1759 3534 om.
1789 3481 1851 3534 E
1991 3481 2266 3552 propriore
2295 3481 2350 3536 P
2455 3485 2490 3536 4
2529 3484 2694 3552 actio]

401 3573 543 3626 act10
581 3577 769 3626 nostra
804 3571 1005 3626 P¹VU
1035 3571 1149 3626 lsr
1255 3574 1340 3625 est
1376 3573 1423 3643 (t
1460 3575 1602 3639 exp.)
1635 3571 1695 3625 E
1761 3573 1794 3625 5
1837 3587 1869 3625 a
1904 3574 1961 3624 te
1999 3587 2101 3640 ego
2131 3571 2208 3623 P¹
2249 3577 2307 3626 at
2344 3587 2446 3642 ego
2475 3571 2702 3627 PEVU

400 3663 521 3719 edd.
560 3661 811 3726 Hartel.,·
846 3660 1047 3728 scripsi
1082 3663 1141 3714 at
1176 3663 1233 3713 te
1273 3676 1375 3729 ego
1631 3662 1778 3712 statu
1819 3675 1940 3712 cum
1967 3674 2164 3726 parua
2201 3676 2312 3716 rae.
2351 3677 2516 3728 super
2551 3677 2586 3713 u
2623 3662 2696 3714 1²¹

473 3753 555 3822 ut]
597 3755 655 3804 et
688 3749 888 3804 P¹VU
918 3749 1033 3804 lar
1146 3749 1179 3801 6
1221 3749 1441 3803 consulo
1480 3765 1602 3812 om„
1641 3753 1760 3802 m.1
1793 3748 1858 3802 in
1893 3765 2064 3818 mary.
2105 3748 2236 3803 add.
2277 3751 2494 3804 consolo
2536 3753 2694 3818 (corr.

400 3841 641 3908 consulo)
680 3839 736 3893 P
771 3839 987 3892 consolo
1026 3839 1087 3892 E
1224 3837 1540 3892 uoluntate*
1571 3841 1618 3904 (s
1657 3853 1826 3904 eras.,·
1865 3861 1932 3882 av
1969 3855 2038 3891 m.
2059 3837 2115 3908 2)
2143 3837 2216 3890 ΡῙ
2319 3839 2349 3892 7
2389 3840 2517 3898 tuis.
2557 3855 2696 3910 corr.

397 3931 616 3998 tuisque
662 3929 711 3982 V
746 3929 965 3997 tuisque
1002 3928 1122 3982 edd.
1342 3931 1571 3981 mortem
1619 3928 1816 3997 (po-atr.
1867 3927 1903 3980 l.
1942 3931 2084 3995 exp.)
2135 3928 2242 3981 ista
2291 3928 2609 3998 euangelica
2647 3927 2702 3981 P

398 4021 573 4072 morte
609 4017 719 4071 ista
757 4017 1073 4086 euangelica
1108 4017 1263 4082 Em;
1300 4017 1369 4084 cf.
1400 4033 1461 4084 p.
1508 4019 1644 4081 507,
1683 4019 1784 4082 10;
1821 4020 1902 4070 23
2008 4017 2042 4070 8
2082 4017 2177 4085 qui
2203 4016 2263 4070 E
2296 4033 2457 4086 qnam
2497 4017 2697 4084 Vlsr;

401 4109 471 4176 cf.
504 4123 563 4176 p.
594 4123 654 4176 p.
692 4109 827 4165 507,
858 4110 919 4158 11
1036 4107 1071 4159 9
1107 4105 1472 4176 peruenimuS‚
1506 4121 1575 4158 m.
1600 4108 1638 4158 2
1675 4106 2054 4174 perueniamus
2093 4103 2144 4156 V
2175 4106 2551 4174 pel-ueniamus
2575 4105 2697 4171 ἴεν,-

398 4197 471 4264 cf.
502 4212 561 4265 p.
608 4199 741 4260 507,
781 4199 843 4248 11
1004 4195 1186 4248 obitus
1222 4195 1297 4248 Ρι
1480 4194 1546 4248 10
1582 4194 2032 4264 temptationum]
2073 4193 2496 4264 temptationum
2535 4194 2696 4264 plena

408 4285 647 4338 VUlsr
788 4284 877 4338 uel
916 4285 997 4352 ut]
1040 4283 1193 4337 uelut
1230 4283 1287 4336 E
1424 4283 1490 4337 13
1530 4282 1616 4353 de]
1657 4299 1686 4336 a
1725 4281 1924 4337 P¹VU
1957 4283 2070 4336 lsr
2181 4284 2247 4337 14
2287 4282 2604 4336 currendum
2643 4300 2691 4336 m

399 4375 465 4429 16
507 4373 745 4443 Christo]
786 4373 843 4426 in
882 4373 1083 4428 christo
1122 4371 1322 4426 P11'U
1352 4371 1472 4426 edd.
1635 4371 1700 4426 18
1741 4388 1902 4440 opera
1941 4371 2107 4426 om.E
2247 4372 2318 4426 20
2353 4372 2582 4442 impletu
2621 4371 2694 4424 Ρι
